{
    "schema":{
        "fields":[
            {
                "name":"index",
                "type":"integer"
            },
            {
                "name":"아파트명",
                "type":"string"
            },
            {
                "name":"투자타입",
                "type":"string"
            },
            {
                "name":"전용면적(m2)",
                "type":"string"
            },
            {
                "name":"전용면적(평)",
                "type":"string"
            },
            {
                "name":"법정동주소",
                "type":"string"
            },
            {
                "name":"도로명주소",
                "type":"string"
            },
            {
                "name":"세대수",
                "type":"integer"
            },
            {
                "name":"입주년차",
                "type":"string"
            },
            {
                "name":"용적률점수",
                "type":"string"
            },
            {
                "name":"건폐율점수",
                "type":"string"
            },
            {
                "name":"세대당주차수",
                "type":"string"
            },
            {
                "name":"난방방식",
                "type":"string"
            },
            {
                "name":"공급면적",
                "type":"string"
            },
            {
                "name":"전용률",
                "type":"string"
            },
            {
                "name":"욕실수",
                "type":"string"
            },
            {
                "name":"현관타입",
                "type":"string"
            },
            {
                "name":"주거총점",
                "type":"number"
            },
            {
                "name":"지역구공급총점",
                "type":"number"
            },
            {
                "name":"역세권",
                "type":"integer"
            },
            {
                "name":"30분내 이동가능 거점",
                "type":"integer"
            },
            {
                "name":"1시간내 이동가능 거점",
                "type":"integer"
            },
            {
                "name":"교통총점",
                "type":"number"
            },
            {
                "name":"백화점",
                "type":"integer"
            },
            {
                "name":"아울렛몰",
                "type":"integer"
            },
            {
                "name":"대형마트",
                "type":"integer"
            },
            {
                "name":"은행",
                "type":"integer"
            },
            {
                "name":"병원",
                "type":"integer"
            },
            {
                "name":"종합병원",
                "type":"integer"
            },
            {
                "name":"공원",
                "type":"integer"
            },
            {
                "name":"혐오시설",
                "type":"integer"
            },
            {
                "name":"인프라총점",
                "type":"number"
            },
            {
                "name":"초등학군",
                "type":"number"
            },
            {
                "name":"중학군",
                "type":"number"
            },
            {
                "name":"학군총점",
                "type":"number"
            },
            {
                "name":"인구수",
                "type":"number"
            },
            {
                "name":"인구증감",
                "type":"number"
            },
            {
                "name":"인구총점",
                "type":"number"
            },
            {
                "name":"일자리",
                "type":"number"
            },
            {
                "name":"소득수준",
                "type":"number"
            },
            {
                "name":"일자리총점",
                "type":"number"
            },
            {
                "name":"가치 총점",
                "type":"number"
            },
            {
                "name":"매매실거래년",
                "type":"string"
            },
            {
                "name":"매매실거래가",
                "type":"number"
            },
            {
                "name":"전세실거래년",
                "type":"number"
            },
            {
                "name":"전세실거래가",
                "type":"number"
            },
            {
                "name":"전세가율",
                "type":"number"
            },
            {
                "name":"장기전세가율평균",
                "type":"number"
            },
            {
                "name":"전세가율거품지수",
                "type":"number"
            },
            {
                "name":"검색코드",
                "type":"integer"
            },
            {
                "name":"세대수",
                "type":"number"
            },
            {
                "name":"준공년월",
                "type":"string"
            },
            {
                "name":"준공년차",
                "type":"number"
            },
            {
                "name":"가까운역이름",
                "type":"string"
            },
            {
                "name":"가까운역거리",
                "type":"number"
            },
            {
                "name":"역세권여부",
                "type":"string"
            },
            {
                "name":"30분이내주요거점역",
                "type":"integer"
            },
            {
                "name":"30분거점역이름",
                "type":"string"
            },
            {
                "name":"1시간이내주요거점역",
                "type":"integer"
            },
            {
                "name":"1시간거점역이름",
                "type":"string"
            },
            {
                "name":"3km이내백화점수",
                "type":"integer"
            },
            {
                "name":"5km이내아울렛몰수",
                "type":"integer"
            },
            {
                "name":"1km이내대형먀트수",
                "type":"integer"
            },
            {
                "name":"500m이내은행수",
                "type":"integer"
            },
            {
                "name":"500m이내병원수",
                "type":"integer"
            },
            {
                "name":"5km이내대형병원수",
                "type":"integer"
            },
            {
                "name":"500m이내공원수",
                "type":"integer"
            },
            {
                "name":"3km이내혐오시설수",
                "type":"integer"
            },
            {
                "name":"초등학교학업성취도",
                "type":"number"
            },
            {
                "name":"중학교학업성취도",
                "type":"number"
            },
            {
                "name":"용적률",
                "type":"integer"
            },
            {
                "name":"건폐율",
                "type":"integer"
            },
            {
                "name":"Y",
                "type":"number"
            },
            {
                "name":"X",
                "type":"number"
            },
            {
                "name":"rank",
                "type":"number"
            },
            {
                "name":"area_info",
                "type":"string"
            },
            {
                "name":"last_sales",
                "type":"string"
            },
            {
                "name":"rank_history",
                "type":"string"
            },
            {
                "name":"rank_gap",
                "type":"integer"
            }
        ],
        "primaryKey":[
            "index"
        ],
        "pandas_version":"1.4.0"
    },
    "data":[
        {
            "index":532,
            "아파트명":"시영(화명그린파크)",
            "투자타입":"재건축",
            "전용면적(m2)":"53.29",
            "전용면적(평)":"16평",
            "법정동주소":"부산시 북구 화명동 1258-1",
            "도로명주소":"부산시 북구 금곡대로 280-9",
            "세대수":30,
            "입주년차":"--",
            "용적률점수":100,
            "건폐율점수":80,
            "세대당주차수":"--",
            "난방방식":"--",
            "공급면적":50,
            "전용률":80,
            "욕실수":"--",
            "현관타입":"--",
            "주거총점":71.5,
            "지역구공급총점":100.0,
            "역세권":80,
            "30분내 이동가능 거점":40,
            "1시간내 이동가능 거점":100,
            "교통총점":72.0,
            "백화점":0,
            "아울렛몰":0,
            "대형마트":80,
            "은행":100,
            "병원":0,
            "종합병원":100,
            "공원":100,
            "혐오시설":0,
            "인프라총점":45.0,
            "초등학군":90.02,
            "중학군":55.06,
            "학군총점":62.052,
            "인구수":30.79,
            "인구증감":0.87,
            "인구총점":21.814,
            "일자리":8.32,
            "소득수준":51.28,
            "일자리총점":21.208,
            "가치 총점":60.7906,
            "매매실거래년":20211118.0,
            "매매실거래가":45000.0,
            "전세실거래년":20210609.0,
            "전세실거래가":5900.0,
            "전세가율":14.71,
            "장기전세가율평균":74.67,
            "전세가율거품지수":59.96,
            "검색코드":5534,
            "세대수":360.0,
            "준공년월":"1988-12-17",
            "준공년차":35.0,
            "가까운역이름":"화명",
            "가까운역거리":304.65,
            "역세권여부":"역세권",
            "30분이내주요거점역":2,
            "30분거점역이름":"['사상', '덕천']",
            "1시간이내주요거점역":11,
            "1시간거점역이름":"['남포', '부산', '범일', '서면', '부전', '온천장', '부산대', '수영', '경성대·부경대', '사상', '덕천']",
            "3km이내백화점수":0,
            "5km이내아울렛몰수":0,
            "1km이내대형먀트수":1,
            "500m이내은행수":5,
            "500m이내병원수":0,
            "5km이내대형병원수":2,
            "500m이내공원수":6,
            "3km이내혐오시설수":0,
            "초등학교학업성취도":90.02,
            "중학교학업성취도":89.7,
            "용적률":139,
            "건폐율":24,
            "Y":35.233166,
            "X":129.014817,
            "rank":1.0,
            "area_info":"16평(53.29), 16평(55.21), 18평(60.81)",
            "last_sales":"2021-11-18,45000.0,18평(60.81)",
            "rank_history":[
                [
                    "202203",
                    1
                ],
                [
                    "202202",
                    2
                ],
                [
                    "202201",
                    1
                ]
            ],
            "rank_gap":1
        },
        {
            "index":583,
            "아파트명":"화명롯데낙천대",
            "투자타입":"일반",
            "전용면적(m2)":"87.22",
            "전용면적(평)":"26평",
            "법정동주소":"부산시 북구 화명동 2264",
            "도로명주소":"부산시 북구 화명신도시로 156",
            "세대수":100,
            "입주년차":20,
            "용적률점수":"--",
            "건폐율점수":"--",
            "세대당주차수":30,
            "난방방식":30,
            "공급면적":"--",
            "전용률":"--",
            "욕실수":100,
            "현관타입":100,
            "주거총점":66.5,
            "지역구공급총점":100.0,
            "역세권":80,
            "30분내 이동가능 거점":60,
            "1시간내 이동가능 거점":100,
            "교통총점":78.0,
            "백화점":0,
            "아울렛몰":0,
            "대형마트":80,
            "은행":100,
            "병원":0,
            "종합병원":100,
            "공원":100,
            "혐오시설":0,
            "인프라총점":45.0,
            "초등학군":89.99,
            "중학군":55.06,
            "학군총점":62.046,
            "인구수":30.79,
            "인구증감":0.87,
            "인구총점":21.814,
            "일자리":8.32,
            "소득수준":51.28,
            "일자리총점":21.208,
            "가치 총점":60.4388,
            "매매실거래년":20220221.0,
            "매매실거래가":43000.0,
            "전세실거래년":20220120.0,
            "전세실거래가":21525.0,
            "전세가율":50.06,
            "장기전세가율평균":74.67,
            "전세가율거품지수":24.61,
            "검색코드":9779,
            "세대수":1950.0,
            "준공년월":"2002-10-29",
            "준공년차":21.0,
            "가까운역이름":"화명",
            "가까운역거리":261.75,
            "역세권여부":"역세권",
            "30분이내주요거점역":3,
            "30분거점역이름":"['부산', '사상', '덕천']",
            "1시간이내주요거점역":11,
            "1시간거점역이름":"['남포', '부산', '범일', '서면', '부전', '온천장', '부산대', '수영', '경성대·부경대', '사상', '덕천']",
            "3km이내백화점수":0,
            "5km이내아울렛몰수":0,
            "1km이내대형먀트수":1,
            "500m이내은행수":7,
            "500m이내병원수":0,
            "5km이내대형병원수":2,
            "500m이내공원수":5,
            "3km이내혐오시설수":0,
            "초등학교학업성취도":89.99,
            "중학교학업성취도":89.7,
            "용적률":271,
            "건폐율":13,
            "Y":35.237873,
            "X":129.012514,
            "rank":2.0,
            "area_info":"26평(87.22), 26평(87.35), 35평(116.33), 45평(151.82), 56평(186.58)",
            "last_sales":"2022-02-21,43000.0,26평(87.22)",
            "rank_history":[
                [
                    "202203",
                    2
                ],
                [
                    "202202",
                    4
                ],
                [
                    "202201",
                    2
                ]
            ],
            "rank_gap":2
        },
        {
            "index":470,
            "아파트명":"대우이안",
            "투자타입":"일반",
            "전용면적(m2)":"88.27",
            "전용면적(평)":"26평",
            "법정동주소":"부산시 북구 화명동 2262",
            "도로명주소":"부산시 북구 화명신도시로 145",
            "세대수":90,
            "입주년차":20,
            "용적률점수":"--",
            "건폐율점수":"--",
            "세대당주차수":30,
            "난방방식":30,
            "공급면적":"--",
            "전용률":"--",
            "욕실수":100,
            "현관타입":100,
            "주거총점":63.0,
            "지역구공급총점":100.0,
            "역세권":80,
            "30분내 이동가능 거점":60,
            "1시간내 이동가능 거점":100,
            "교통총점":78.0,
            "백화점":0,
            "아울렛몰":0,
            "대형마트":80,
            "은행":100,
            "병원":0,
            "종합병원":100,
            "공원":100,
            "혐오시설":0,
            "인프라총점":45.0,
            "초등학군":89.99,
            "중학군":53.16,
            "학군총점":60.526,
            "인구수":30.79,
            "인구증감":0.87,
            "인구총점":21.814,
            "일자리":8.32,
            "소득수준":51.28,
            "일자리총점":21.208,
            "가치 총점":59.1078,
            "매매실거래년":20211224.0,
            "매매실거래가":64800.0,
            "전세실거래년":20220112.0,
            "전세실거래가":22000.0,
            "전세가율":47.31,
            "장기전세가율평균":74.67,
            "전세가율거품지수":27.36,
            "검색코드":9888,
            "세대수":989.0,
            "준공년월":"2002-10-26",
            "준공년차":21.0,
            "가까운역이름":"화명",
            "가까운역거리":377.21,
            "역세권여부":"역세권",
            "30분이내주요거점역":3,
            "30분거점역이름":"['부산', '사상', '덕천']",
            "1시간이내주요거점역":11,
            "1시간거점역이름":"['남포', '부산', '범일', '서면', '부전', '온천장', '부산대', '수영', '경성대·부경대', '사상', '덕천']",
            "3km이내백화점수":0,
            "5km이내아울렛몰수":0,
            "1km이내대형먀트수":1,
            "500m이내은행수":7,
            "500m이내병원수":0,
            "5km이내대형병원수":2,
            "500m이내공원수":4,
            "3km이내혐오시설수":0,
            "초등학교학업성취도":89.99,
            "중학교학업성취도":88.6,
            "용적률":257,
            "건폐율":17,
            "Y":35.236938,
            "X":129.009953,
            "rank":3.0,
            "area_info":"26평(88.27), 35평(116.0), 35평(116.07), 45평(151.74), 55평(182.33)",
            "last_sales":"2021-12-24,64800.0,45평(151.74)",
            "rank_history":[
                [
                    "202203",
                    3
                ],
                [
                    "202202",
                    1
                ],
                [
                    "202201",
                    3
                ]
            ],
            "rank_gap":-2
        },
        {
            "index":451,
            "아파트명":"e편한세상화명힐스",
            "투자타입":"일반",
            "전용면적(m2)":"65.66",
            "전용면적(평)":"19평",
            "법정동주소":"부산시 북구 화명동 1293-1",
            "도로명주소":"부산시 북구 화명대로 68",
            "세대수":80,
            "입주년차":80,
            "용적률점수":"--",
            "건폐율점수":"--",
            "세대당주차수":60,
            "난방방식":30,
            "공급면적":"--",
            "전용률":"--",
            "욕실수":50,
            "현관타입":10,
            "주거총점":62.0,
            "지역구공급총점":100.0,
            "역세권":80,
            "30분내 이동가능 거점":40,
            "1시간내 이동가능 거점":100,
            "교통총점":72.0,
            "백화점":0,
            "아울렛몰":0,
            "대형마트":80,
            "은행":70,
            "병원":0,
            "종합병원":100,
            "공원":100,
            "혐오시설":0,
            "인프라총점":42.0,
            "초등학군":90.02,
            "중학군":55.06,
            "학군총점":62.052,
            "인구수":30.79,
            "인구증감":0.87,
            "인구총점":21.814,
            "일자리":8.32,
            "소득수준":51.28,
            "일자리총점":21.208,
            "가치 총점":57.5156,
            "매매실거래년":20211228.0,
            "매매실거래가":75000.0,
            "전세실거래년":20210529.0,
            "전세실거래가":5000.0,
            "전세가율":38.76,
            "장기전세가율평균":74.67,
            "전세가율거품지수":35.91,
            "검색코드":106986,
            "세대수":800.0,
            "준공년월":"2015-10-29",
            "준공년차":8.0,
            "가까운역이름":"화명",
            "가까운역거리":305.25,
            "역세권여부":"역세권",
            "30분이내주요거점역":2,
            "30분거점역이름":"['사상', '덕천']",
            "1시간이내주요거점역":11,
            "1시간거점역이름":"['남포', '부산', '범일', '서면', '부전', '온천장', '부산대', '수영', '경성대·부경대', '사상', '덕천']",
            "3km이내백화점수":0,
            "5km이내아울렛몰수":0,
            "1km이내대형먀트수":1,
            "500m이내은행수":4,
            "500m이내병원수":0,
            "5km이내대형병원수":2,
            "500m이내공원수":4,
            "3km이내혐오시설수":0,
            "초등학교학업성취도":90.02,
            "중학교학업성취도":89.7,
            "용적률":258,
            "건폐율":20,
            "Y":35.233685,
            "X":129.016016,
            "rank":4.0,
            "area_info":"19평(65.66), 27평(90.7), 27평(91.01), 33평(109.97), 33평(109.19), 39평(129.65), 39평(130.24)",
            "last_sales":"2021-12-28,75000.0,39평(130.24)",
            "rank_history":[
                [
                    "202203",
                    4
                ],
                [
                    "202202",
                    13
                ],
                [
                    "202201",
                    5
                ]
            ],
            "rank_gap":9
        },
        {
            "index":561,
            "아파트명":"코오롱하늘채2차",
            "투자타입":"일반",
            "전용면적(m2)":"85.13",
            "전용면적(평)":"25평",
            "법정동주소":"부산시 북구 화명동 2288",
            "도로명주소":"부산시 북구 화명신도시로 100",
            "세대수":90,
            "입주년차":20,
            "용적률점수":"--",
            "건폐율점수":"--",
            "세대당주차수":30,
            "난방방식":30,
            "공급면적":"--",
            "전용률":"--",
            "욕실수":50,
            "현관타입":100,
            "주거총점":58.0,
            "지역구공급총점":100.0,
            "역세권":80,
            "30분내 이동가능 거점":40,
            "1시간내 이동가능 거점":100,
            "교통총점":72.0,
            "백화점":0,
            "아울렛몰":0,
            "대형마트":80,
            "은행":100,
            "병원":0,
            "종합병원":100,
            "공원":100,
            "혐오시설":0,
            "인프라총점":45.0,
            "초등학군":90.0,
            "중학군":54.6,
            "학군총점":61.68,
            "인구수":30.79,
            "인구증감":0.87,
            "인구총점":21.814,
            "일자리":8.32,
            "소득수준":51.28,
            "일자리총점":21.208,
            "가치 총점":57.304,
            "매매실거래년":20211025.0,
            "매매실거래가":75700.0,
            "전세실거래년":20220217.0,
            "전세실거래가":23100.0,
            "전세가율":53.72,
            "장기전세가율평균":74.67,
            "전세가율거품지수":20.95,
            "검색코드":9809,
            "세대수":1344.0,
            "준공년월":"2002-12-06",
            "준공년차":21.0,
            "가까운역이름":"화명",
            "가까운역거리":431.76,
            "역세권여부":"역세권",
            "30분이내주요거점역":2,
            "30분거점역이름":"['부산', '덕천']",
            "1시간이내주요거점역":11,
            "1시간거점역이름":"['남포', '부산', '범일', '서면', '부전', '온천장', '부산대', '수영', '경성대·부경대', '사상', '덕천']",
            "3km이내백화점수":0,
            "5km이내아울렛몰수":0,
            "1km이내대형먀트수":1,
            "500m이내은행수":5,
            "500m이내병원수":0,
            "5km이내대형병원수":2,
            "500m이내공원수":6,
            "3km이내혐오시설수":0,
            "초등학교학업성취도":90.0,
            "중학교학업성취도":88.2,
            "용적률":269,
            "건폐율":16,
            "Y":35.232693,
            "X":129.010999,
            "rank":5.0,
            "area_info":"25평(85.13), 35평(117.79), 45평(150.79), 53평(178.33)",
            "last_sales":"2021-10-25,75700.0,45평(150.79)",
            "rank_history":[
                [
                    "202203",
                    5
                ],
                [
                    "202202",
                    5
                ],
                [
                    "202201",
                    4
                ]
            ],
            "rank_gap":0
        },
        {
            "index":68,
            "아파트명":"리버파크반도유보라",
            "투자타입":"일반",
            "전용면적(m2)":"59.9",
            "전용면적(평)":"18평",
            "법정동주소":"부산시 북구 구포동 1300",
            "도로명주소":"부산시 북구 백양대로 1136",
            "세대수":80,
            "입주년차":100,
            "용적률점수":"--",
            "건폐율점수":"--",
            "세대당주차수":30,
            "난방방식":30,
            "공급면적":"--",
            "전용률":"--",
            "욕실수":50,
            "현관타입":100,
            "주거총점":70.5,
            "지역구공급총점":100.0,
            "역세권":80,
            "30분내 이동가능 거점":80,
            "1시간내 이동가능 거점":100,
            "교통총점":84.0,
            "백화점":0,
            "아울렛몰":0,
            "대형마트":80,
            "은행":0,
            "병원":0,
            "종합병원":100,
            "공원":100,
            "혐오시설":0,
            "인프라총점":35.0,
            "초등학군":90.06,
            "중학군":44.36,
            "학군총점":53.5,
            "인구수":30.79,
            "인구증감":0.87,
            "인구총점":21.814,
            "일자리":8.32,
            "소득수준":51.28,
            "일자리총점":21.208,
            "가치 총점":56.775,
            "매매실거래년":20210716.0,
            "매매실거래가":49100.0,
            "전세실거래년":null,
            "전세실거래가":null,
            "전세가율":null,
            "장기전세가율평균":74.67,
            "전세가율거품지수":null,
            "검색코드":122932,
            "세대수":790.0,
            "준공년월":"2021-07-01",
            "준공년차":2.0,
            "가까운역이름":"구명",
            "가까운역거리":269.47,
            "역세권여부":"역세권",
            "30분이내주요거점역":4,
            "30분거점역이름":"['부산', '서면', '사상', '덕천']",
            "1시간이내주요거점역":13,
            "1시간거점역이름":"['하단', '자갈치', '남포', '부산', '범일', '서면', '온천장', '부산대', '센텀시티', '수영', '경성대·부경대', '사상', '덕천']",
            "3km이내백화점수":0,
            "5km이내아울렛몰수":0,
            "1km이내대형먀트수":1,
            "500m이내은행수":0,
            "500m이내병원수":0,
            "5km이내대형병원수":2,
            "500m이내공원수":2,
            "3km이내혐오시설수":0,
            "초등학교학업성취도":90.06,
            "중학교학업성취도":72.6,
            "용적률":273,
            "건폐율":22,
            "Y":35.203977,
            "X":129.002155,
            "rank":6.0,
            "area_info":"18평(59.9), 20평(68.39), 25평(84.36), 25평(85.8), 30평(101.25), 33평(111.48), 33평(112.03)",
            "last_sales":"2021-07-16,49100.0,33평(112.03)",
            "rank_history":[
                [
                    "202203",
                    6
                ],
                [
                    "202202",
                    15
                ],
                [
                    "202201",
                    22
                ]
            ],
            "rank_gap":9
        },
        {
            "index":612,
            "아파트명":"화명푸르지오헤리센트",
            "투자타입":"일반",
            "전용면적(m2)":"62.67",
            "전용면적(평)":"18평",
            "법정동주소":"부산시 북구 화명동 2341",
            "도로명주소":"부산시 북구 산성로 28",
            "세대수":80,
            "입주년차":100,
            "용적률점수":"--",
            "건폐율점수":"--",
            "세대당주차수":30,
            "난방방식":30,
            "공급면적":"--",
            "전용률":"--",
            "욕실수":50,
            "현관타입":100,
            "주거총점":70.5,
            "지역구공급총점":100.0,
            "역세권":80,
            "30분내 이동가능 거점":20,
            "1시간내 이동가능 거점":100,
            "교통총점":66.0,
            "백화점":0,
            "아울렛몰":0,
            "대형마트":80,
            "은행":0,
            "병원":0,
            "종합병원":100,
            "공원":100,
            "혐오시설":0,
            "인프라총점":35.0,
            "초등학군":89.97,
            "중학군":55.06,
            "학군총점":62.042,
            "인구수":30.79,
            "인구증감":0.87,
            "인구총점":21.814,
            "일자리":8.32,
            "소득수준":51.28,
            "일자리총점":21.208,
            "가치 총점":56.6376,
            "매매실거래년":20210428.0,
            "매매실거래가":46740.0,
            "전세실거래년":null,
            "전세실거래가":null,
            "전세가율":null,
            "장기전세가율평균":74.67,
            "전세가율거품지수":null,
            "검색코드":123730,
            "세대수":886.0,
            "준공년월":"2021-03-24",
            "준공년차":2.0,
            "가까운역이름":"화명",
            "가까운역거리":479.05,
            "역세권여부":"역세권",
            "30분이내주요거점역":1,
            "30분거점역이름":"['덕천']",
            "1시간이내주요거점역":10,
            "1시간거점역이름":"['부산', '범일', '서면', '부전', '온천장', '부산대', '수영', '경성대·부경대', '사상', '덕천']",
            "3km이내백화점수":0,
            "5km이내아울렛몰수":0,
            "1km이내대형먀트수":1,
            "500m이내은행수":0,
            "500m이내병원수":0,
            "5km이내대형병원수":2,
            "500m이내공원수":4,
            "3km이내혐오시설수":0,
            "초등학교학업성취도":89.97,
            "중학교학업성취도":89.7,
            "용적률":268,
            "건폐율":16,
            "Y":35.239149,
            "X":129.017169,
            "rank":7.0,
            "area_info":"18평(62.67), 25평(84.2), 25평(85.53), 25평(85.37), 31평(102.89), 31평(103.18), 34평(113.35), 34평(113.68), 34평(113.5)",
            "last_sales":"2021-04-28,46740.0,34평(113.35)",
            "rank_history":[
                [
                    "202203",
                    7
                ],
                [
                    "202202",
                    12
                ],
                [
                    "202201",
                    9
                ]
            ],
            "rank_gap":5
        },
        {
            "index":349,
            "아파트명":"금정산LH뉴웰시티",
            "투자타입":"일반",
            "전용면적(m2)":"84.96",
            "전용면적(평)":"25평",
            "법정동주소":"부산시 북구 만덕동 960",
            "도로명주소":"부산시 북구 상학로 35",
            "세대수":100,
            "입주년차":100,
            "용적률점수":"--",
            "건폐율점수":"--",
            "세대당주차수":30,
            "난방방식":30,
            "공급면적":"--",
            "전용률":"--",
            "욕실수":100,
            "현관타입":100,
            "주거총점":82.5,
            "지역구공급총점":100.0,
            "역세권":80,
            "30분내 이동가능 거점":40,
            "1시간내 이동가능 거점":100,
            "교통총점":72.0,
            "백화점":0,
            "아울렛몰":0,
            "대형마트":80,
            "은행":0,
            "병원":0,
            "종합병원":100,
            "공원":100,
            "혐오시설":0,
            "인프라총점":35.0,
            "초등학군":89.96,
            "중학군":38.58,
            "학군총점":48.856,
            "인구수":30.79,
            "인구증감":0.87,
            "인구총점":21.814,
            "일자리":8.32,
            "소득수준":51.28,
            "일자리총점":21.208,
            "가치 총점":56.5818,
            "매매실거래년":20220124.0,
            "매매실거래가":39000.0,
            "전세실거래년":20211224.0,
            "전세실거래가":29000.0,
            "전세가율":74.36,
            "장기전세가율평균":74.67,
            "전세가율거품지수":0.31,
            "검색코드":114211,
            "세대수":1677.0,
            "준공년월":"2019-10-15",
            "준공년차":4.0,
            "가까운역이름":"만덕",
            "가까운역거리":279.93,
            "역세권여부":"역세권",
            "30분이내주요거점역":2,
            "30분거점역이름":"['수영', '덕천']",
            "1시간이내주요거점역":14,
            "1시간거점역이름":"['자갈치', '남포', '부산', '범일', '서면', '부전', '온천장', '부산대', '장산', '센텀시티', '수영', '경성대·부경대', '사상', '덕천']",
            "3km이내백화점수":0,
            "5km이내아울렛몰수":0,
            "1km이내대형먀트수":1,
            "500m이내은행수":0,
            "500m이내병원수":0,
            "5km이내대형병원수":5,
            "500m이내공원수":2,
            "3km이내혐오시설수":0,
            "초등학교학업성취도":89.96,
            "중학교학업성취도":63.7,
            "용적률":260,
            "건폐율":16,
            "Y":35.215474,
            "X":129.035681,
            "rank":8.0,
            "area_info":"25평(84.96), 25평(85.2), 25평(85.21), 30평(101.38), 30평(101.56), 32평(105.94), 31평(105.36), 32평(106.14), 33평(110.76), 33평(110.59), 45평(149.87), 45평(149.19)",
            "last_sales":"2022-01-24,39000.0,25평(84.96)",
            "rank_history":[
                [
                    "202203",
                    8
                ],
                [
                    "202202",
                    7
                ],
                [
                    "202201",
                    15
                ]
            ],
            "rank_gap":-1
        },
        {
            "index":463,
            "아파트명":"대림쌍용강변타운",
            "투자타입":"일반",
            "전용면적(m2)":"79.43",
            "전용면적(평)":"24평",
            "법정동주소":"부산시 북구 화명동 2306",
            "도로명주소":"부산시 북구 화명신도시로 39",
            "세대수":100,
            "입주년차":40,
            "용적률점수":"--",
            "건폐율점수":"--",
            "세대당주차수":30,
            "난방방식":30,
            "공급면적":"--",
            "전용률":"--",
            "욕실수":100,
            "현관타입":100,
            "주거총점":70.5,
            "지역구공급총점":100.0,
            "역세권":80,
            "30분내 이동가능 거점":20,
            "1시간내 이동가능 거점":100,
            "교통총점":66.0,
            "백화점":0,
            "아울렛몰":0,
            "대형마트":80,
            "은행":0,
            "병원":0,
            "종합병원":100,
            "공원":100,
            "혐오시설":0,
            "인프라총점":35.0,
            "초등학군":90.0,
            "중학군":54.6,
            "학군총점":61.68,
            "인구수":30.79,
            "인구증감":0.87,
            "인구총점":21.814,
            "일자리":8.32,
            "소득수준":51.28,
            "일자리총점":21.208,
            "가치 총점":56.529,
            "매매실거래년":20220114.0,
            "매매실거래가":75000.0,
            "전세실거래년":20220219.0,
            "전세실거래가":29000.0,
            "전세가율":60.54,
            "장기전세가율평균":74.67,
            "전세가율거품지수":14.13,
            "검색코드":9889,
            "세대수":1895.0,
            "준공년월":"2004-08-04",
            "준공년차":19.0,
            "가까운역이름":"덕천",
            "가까운역거리":490.23,
            "역세권여부":"역세권",
            "30분이내주요거점역":1,
            "30분거점역이름":"['덕천']",
            "1시간이내주요거점역":10,
            "1시간거점역이름":"['부산', '범일', '서면', '부전', '온천장', '부산대', '수영', '경성대·부경대', '사상', '덕천']",
            "3km이내백화점수":0,
            "5km이내아울렛몰수":0,
            "1km이내대형먀트수":1,
            "500m이내은행수":0,
            "500m이내병원수":0,
            "5km이내대형병원수":2,
            "500m이내공원수":6,
            "3km이내혐오시설수":0,
            "초등학교학업성취도":90.0,
            "중학교학업성취도":88.2,
            "용적률":267,
            "건폐율":14,
            "Y":35.227508,
            "X":129.008057,
            "rank":9.0,
            "area_info":"24평(79.43), 32평(106.74), 32평(107.17), 32평(107.2), 46평(155.37), 47평(156.01), 47평(157.42)",
            "last_sales":"2022-01-14,75000.0,47평(156.01)",
            "rank_history":[
                [
                    "202203",
                    9
                ],
                [
                    "202202",
                    3
                ],
                [
                    "202201",
                    6
                ]
            ],
            "rank_gap":-6
        },
        {
            "index":405,
            "아파트명":"백양산동문굿모닝힐",
            "투자타입":"일반",
            "전용면적(m2)":"81.9",
            "전용면적(평)":"24평",
            "법정동주소":"부산시 북구 만덕동 955",
            "도로명주소":"부산시 북구 덕천로276번길 60",
            "세대수":100,
            "입주년차":80,
            "용적률점수":"--",
            "건폐율점수":"--",
            "세대당주차수":30,
            "난방방식":30,
            "공급면적":"--",
            "전용률":"--",
            "욕실수":100,
            "현관타입":100,
            "주거총점":78.5,
            "지역구공급총점":100.0,
            "역세권":50,
            "30분내 이동가능 거점":20,
            "1시간내 이동가능 거점":100,
            "교통총점":51.0,
            "백화점":0,
            "아울렛몰":0,
            "대형마트":80,
            "은행":20,
            "병원":0,
            "종합병원":100,
            "공원":100,
            "혐오시설":0,
            "인프라총점":37.0,
            "초등학군":89.98,
            "중학군":49.52,
            "학군총점":57.612,
            "인구수":30.79,
            "인구증감":0.87,
            "인구총점":21.814,
            "일자리":8.32,
            "소득수준":51.28,
            "일자리총점":21.208,
            "가치 총점":55.6586,
            "매매실거래년":20220213.0,
            "매매실거래가":34800.0,
            "전세실거래년":20220218.0,
            "전세실거래가":24500.0,
            "전세가율":70.4,
            "장기전세가율평균":74.67,
            "전세가율거품지수":4.27,
            "검색코드":104887,
            "세대수":3160.0,
            "준공년월":"2015-10-21",
            "준공년차":8.0,
            "가까운역이름":"만덕",
            "가까운역거리":681.39,
            "역세권여부":"준역세권",
            "30분이내주요거점역":1,
            "30분거점역이름":"['덕천']",
            "1시간이내주요거점역":14,
            "1시간거점역이름":"['자갈치', '남포', '부산', '범일', '서면', '부전', '온천장', '부산대', '장산', '센텀시티', '수영', '경성대·부경대', '사상', '덕천']",
            "3km이내백화점수":0,
            "5km이내아울렛몰수":0,
            "1km이내대형먀트수":1,
            "500m이내은행수":2,
            "500m이내병원수":0,
            "5km이내대형병원수":5,
            "500m이내공원수":5,
            "3km이내혐오시설수":0,
            "초등학교학업성취도":89.98,
            "중학교학업성취도":81.8,
            "용적률":278,
            "건폐율":16,
            "Y":35.207623,
            "X":129.032686,
            "rank":10.0,
            "area_info":"24평(81.9), 24평(82.28), 24평(82.59), 24평(82.58), 28평(94.41), 28평(95.82), 28평(95.84), 28평(95.36), 34평(113.78), 34평(113.39), 34평(115.1), 34평(115.49), 39평(131.28), 45평(151.23)",
            "last_sales":"2022-02-13,34800.0,24평(81.9)",
            "rank_history":[
                [
                    "202203",
                    10
                ],
                [
                    "202202",
                    6
                ],
                [
                    "202201",
                    10
                ]
            ],
            "rank_gap":-4
        },
        {
            "index":336,
            "아파트명":"e편한세상금정산",
            "투자타입":"일반",
            "전용면적(m2)":"80.44",
            "전용면적(평)":"24평",
            "법정동주소":"부산시 북구 만덕동 962",
            "도로명주소":"부산시 북구 상학로 36",
            "세대수":100,
            "입주년차":100,
            "용적률점수":"--",
            "건폐율점수":"--",
            "세대당주차수":30,
            "난방방식":30,
            "공급면적":"--",
            "전용률":"--",
            "욕실수":100,
            "현관타입":100,
            "주거총점":82.5,
            "지역구공급총점":100.0,
            "역세권":80,
            "30분내 이동가능 거점":20,
            "1시간내 이동가능 거점":100,
            "교통총점":66.0,
            "백화점":0,
            "아울렛몰":0,
            "대형마트":80,
            "은행":0,
            "병원":0,
            "종합병원":100,
            "공원":100,
            "혐오시설":-50,
            "인프라총점":34.0,
            "초등학군":90.51,
            "중학군":38.58,
            "학군총점":48.966,
            "인구수":30.79,
            "인구증감":0.87,
            "인구총점":21.814,
            "일자리":8.32,
            "소득수준":51.28,
            "일자리총점":21.208,
            "가치 총점":55.4148,
            "매매실거래년":20210706.0,
            "매매실거래가":54651.0,
            "전세실거래년":20210716.0,
            "전세실거래가":27500.0,
            "전세가율":59.32,
            "장기전세가율평균":74.67,
            "전세가율거품지수":15.35,
            "검색코드":121626,
            "세대수":1969.0,
            "준공년월":"2021-04-12",
            "준공년차":2.0,
            "가까운역이름":"만덕",
            "가까운역거리":485.22,
            "역세권여부":"역세권",
            "30분이내주요거점역":1,
            "30분거점역이름":"['덕천']",
            "1시간이내주요거점역":14,
            "1시간거점역이름":"['자갈치', '남포', '부산', '범일', '서면', '부전', '온천장', '부산대', '장산', '센텀시티', '수영', '경성대·부경대', '사상', '덕천']",
            "3km이내백화점수":0,
            "5km이내아울렛몰수":0,
            "1km이내대형먀트수":1,
            "500m이내은행수":0,
            "500m이내병원수":0,
            "5km이내대형병원수":5,
            "500m이내공원수":2,
            "3km이내혐오시설수":1,
            "초등학교학업성취도":90.51,
            "중학교학업성취도":63.7,
            "용적률":297,
            "건폐율":18,
            "Y":35.216994,
            "X":129.038437,
            "rank":11.0,
            "area_info":"24평(80.44), 24평(81.65), 30평(99.87), 34평(113.03), 34평(114.68)",
            "last_sales":"2021-07-06,54651.0,34평(114.68)",
            "rank_history":[
                [
                    "202203",
                    11
                ],
                [
                    "202202",
                    8
                ],
                [
                    "202201",
                    17
                ]
            ],
            "rank_gap":-3
        },
        {
            "index":16,
            "아파트명":"구포동원로얄듀크비스타",
            "투자타입":"일반",
            "전용면적(m2)":"97.54",
            "전용면적(평)":"29평",
            "법정동주소":"부산시 북구 구포동 1296",
            "도로명주소":"부산시 북구 낙동대로1738번길 10",
            "세대수":90,
            "입주년차":80,
            "용적률점수":"--",
            "건폐율점수":"--",
            "세대당주차수":30,
            "난방방식":30,
            "공급면적":"--",
            "전용률":"--",
            "욕실수":100,
            "현관타입":100,
            "주거총점":75.0,
            "지역구공급총점":100.0,
            "역세권":80,
            "30분내 이동가능 거점":40,
            "1시간내 이동가능 거점":100,
            "교통총점":72.0,
            "백화점":0,
            "아울렛몰":0,
            "대형마트":80,
            "은행":0,
            "병원":0,
            "종합병원":100,
            "공원":0,
            "혐오시설":0,
            "인프라총점":32.0,
            "초등학군":90.06,
            "중학군":44.36,
            "학군총점":53.5,
            "인구수":30.79,
            "인구증감":0.87,
            "인구총점":21.814,
            "일자리":8.32,
            "소득수준":51.28,
            "일자리총점":21.208,
            "가치 총점":55.2,
            "매매실거래년":20220205.0,
            "매매실거래가":40000.0,
            "전세실거래년":20211201.0,
            "전세실거래가":24000.0,
            "전세가율":60.0,
            "장기전세가율평균":74.67,
            "전세가율거품지수":14.67,
            "검색코드":103653,
            "세대수":1079.0,
            "준공년월":"2014-07-17",
            "준공년차":9.0,
            "가까운역이름":"구포",
            "가까운역거리":323.09,
            "역세권여부":"역세권",
            "30분이내주요거점역":2,
            "30분거점역이름":"['부산', '덕천']",
            "1시간이내주요거점역":15,
            "1시간거점역이름":"['하단', '자갈치', '남포', '부산', '범일', '서면', '부전', '온천장', '부산대', '장산', '센텀시티', '수영', '경성대·부경대', '사상', '덕천']",
            "3km이내백화점수":0,
            "5km이내아울렛몰수":0,
            "1km이내대형먀트수":1,
            "500m이내은행수":1,
            "500m이내병원수":0,
            "5km이내대형병원수":2,
            "500m이내공원수":0,
            "3km이내혐오시설수":0,
            "초등학교학업성취도":90.06,
            "중학교학업성취도":72.6,
            "용적률":984,
            "건폐율":58,
            "Y":35.208373,
            "X":128.999177,
            "rank":12.0,
            "area_info":"29평(97.54), 33평(112.33), 34평(113.05), 39평(131.78)",
            "last_sales":"2022-02-05,40000.0,29평(97.54)",
            "rank_history":[
                [
                    "202203",
                    12
                ],
                [
                    "202202",
                    14
                ],
                [
                    "202201",
                    21
                ]
            ],
            "rank_gap":2
        },
        {
            "index":588,
            "아파트명":"화명롯데캐슬카이저",
            "투자타입":"일반",
            "전용면적(m2)":"83.38",
            "전용면적(평)":"25평",
            "법정동주소":"부산시 북구 화명동 2324",
            "도로명주소":"부산시 북구 금곡대로 166",
            "세대수":100,
            "입주년차":60,
            "용적률점수":"--",
            "건폐율점수":"--",
            "세대당주차수":60,
            "난방방식":30,
            "공급면적":"--",
            "전용률":"--",
            "욕실수":100,
            "현관타입":100,
            "주거총점":79.0,
            "지역구공급총점":100.0,
            "역세권":80,
            "30분내 이동가능 거점":40,
            "1시간내 이동가능 거점":100,
            "교통총점":72.0,
            "백화점":0,
            "아울렛몰":0,
            "대형마트":0,
            "은행":0,
            "병원":0,
            "종합병원":100,
            "공원":100,
            "혐오시설":0,
            "인프라총점":23.0,
            "초등학군":90.0,
            "중학군":51.36,
            "학군총점":59.088,
            "인구수":30.79,
            "인구증감":0.87,
            "인구총점":21.814,
            "일자리":8.32,
            "소득수준":51.28,
            "일자리총점":21.208,
            "가치 총점":55.1764,
            "매매실거래년":20211013.0,
            "매매실거래가":112500.0,
            "전세실거래년":20220220.0,
            "전세실거래가":30500.0,
            "전세가율":53.79,
            "장기전세가율평균":74.67,
            "전세가율거품지수":20.88,
            "검색코드":5536,
            "세대수":5239.0,
            "준공년월":"2012-06-27",
            "준공년차":11.0,
            "가까운역이름":"덕천",
            "가까운역거리":184.24,
            "역세권여부":"역세권",
            "30분이내주요거점역":2,
            "30분거점역이름":"['사상', '덕천']",
            "1시간이내주요거점역":14,
            "1시간거점역이름":"['하단', '자갈치', '남포', '부산', '범일', '서면', '부전', '온천장', '부산대', '센텀시티', '수영', '경성대·부경대', '사상', '덕천']",
            "3km이내백화점수":0,
            "5km이내아울렛몰수":0,
            "1km이내대형먀트수":0,
            "500m이내은행수":0,
            "500m이내병원수":0,
            "5km이내대형병원수":2,
            "500m이내공원수":3,
            "3km이내혐오시설수":0,
            "초등학교학업성취도":90.0,
            "중학교학업성취도":84.6,
            "용적률":281,
            "건폐율":12,
            "Y":35.222087,
            "X":129.010626,
            "rank":13.0,
            "area_info":"25평(83.38), 25평(84.82), 28평(94.67), 33평(111.8), 33평(112.34), 33평(112.35), 38평(128.62), 43평(144.33), 43평(144.89), 43평(144.5), 48평(161.57), 48평(161.66), 53평(177.6), 53평(177.37), 61평(204.72)",
            "last_sales":"2021-10-13,112500.0,61평(204.72)",
            "rank_history":[
                [
                    "202203",
                    13
                ],
                [
                    "202202",
                    11
                ],
                [
                    "202201",
                    11
                ]
            ],
            "rank_gap":-2
        },
        {
            "index":535,
            "아파트명":"아덴펜트하우스",
            "투자타입":"일반",
            "전용면적(m2)":"39.5",
            "전용면적(평)":"11평",
            "법정동주소":"부산시 북구 화명동 2270-5",
            "도로명주소":"부산시 북구 화명대로 5",
            "세대수":0,
            "입주년차":100,
            "용적률점수":"--",
            "건폐율점수":"--",
            "세대당주차수":80,
            "난방방식":30,
            "공급면적":"--",
            "전용률":"--",
            "욕실수":50,
            "현관타입":100,
            "주거총점":50.0,
            "지역구공급총점":100.0,
            "역세권":80,
            "30분내 이동가능 거점":40,
            "1시간내 이동가능 거점":100,
            "교통총점":72.0,
            "백화점":0,
            "아울렛몰":0,
            "대형마트":80,
            "은행":100,
            "병원":0,
            "종합병원":100,
            "공원":100,
            "혐오시설":0,
            "인프라총점":45.0,
            "초등학군":89.99,
            "중학군":53.16,
            "학군총점":60.526,
            "인구수":30.79,
            "인구증감":0.87,
            "인구총점":21.814,
            "일자리":8.32,
            "소득수준":51.28,
            "일자리총점":21.208,
            "가치 총점":54.9578,
            "매매실거래년":20220204.0,
            "매매실거래가":20625.0,
            "전세실거래년":20220210.0,
            "전세실거래가":16500.0,
            "전세가율":80.0,
            "장기전세가율평균":74.67,
            "전세가율거품지수":-5.33,
            "검색코드":142187,
            "세대수":66.0,
            "준공년월":"2021-06-07",
            "준공년차":2.0,
            "가까운역이름":"화명",
            "가까운역거리":442.06,
            "역세권여부":"역세권",
            "30분이내주요거점역":2,
            "30분거점역이름":"['부산', '덕천']",
            "1시간이내주요거점역":12,
            "1시간거점역이름":"['자갈치', '남포', '부산', '범일', '서면', '부전', '온천장', '부산대', '수영', '경성대·부경대', '사상', '덕천']",
            "3km이내백화점수":0,
            "5km이내아울렛몰수":0,
            "1km이내대형먀트수":1,
            "500m이내은행수":7,
            "500m이내병원수":0,
            "5km이내대형병원수":2,
            "500m이내공원수":4,
            "3km이내혐오시설수":0,
            "초등학교학업성취도":89.99,
            "중학교학업성취도":88.6,
            "용적률":999,
            "건폐율":76,
            "Y":35.235538,
            "X":129.009005,
            "rank":14.0,
            "area_info":"11평(39.5), 12평(40.33)",
            "last_sales":"2022-02-04,20625.0,11평(39.5)",
            "rank_history":[
                [
                    "202203",
                    14
                ],
                [
                    "202202",
                    9999
                ]
            ],
            "rank_gap":9999
        },
        {
            "index":221,
            "아파트명":"화명한일유앤아이",
            "투자타입":"일반",
            "전용면적(m2)":"86.92",
            "전용면적(평)":"26평",
            "법정동주소":"부산시 북구 금곡동 1898",
            "도로명주소":"부산시 북구 화명신도시로 194",
            "세대수":90,
            "입주년차":20,
            "용적률점수":"--",
            "건폐율점수":"--",
            "세대당주차수":30,
            "난방방식":30,
            "공급면적":"--",
            "전용률":"--",
            "욕실수":100,
            "현관타입":100,
            "주거총점":63.0,
            "지역구공급총점":100.0,
            "역세권":80,
            "30분내 이동가능 거점":20,
            "1시간내 이동가능 거점":100,
            "교통총점":66.0,
            "백화점":0,
            "아울렛몰":0,
            "대형마트":80,
            "은행":20,
            "병원":0,
            "종합병원":100,
            "공원":100,
            "혐오시설":0,
            "인프라총점":37.0,
            "초등학군":90.0,
            "중학군":51.72,
            "학군총점":59.376,
            "인구수":30.79,
            "인구증감":0.87,
            "인구총점":21.814,
            "일자리":8.32,
            "소득수준":51.28,
            "일자리총점":21.208,
            "가치 총점":54.5628,
            "매매실거래년":20211113.0,
            "매매실거래가":50000.0,
            "전세실거래년":20220111.0,
            "전세실거래가":18000.0,
            "전세가율":54.14,
            "장기전세가율평균":74.67,
            "전세가율거품지수":20.53,
            "검색코드":9448,
            "세대수":1026.0,
            "준공년월":"2002-02-08",
            "준공년차":21.0,
            "가까운역이름":"율리",
            "가까운역거리":429.27,
            "역세권여부":"역세권",
            "30분이내주요거점역":1,
            "30분거점역이름":"['덕천']",
            "1시간이내주요거점역":10,
            "1시간거점역이름":"['부산', '범일', '서면', '부전', '온천장', '부산대', '수영', '경성대·부경대', '사상', '덕천']",
            "3km이내백화점수":0,
            "5km이내아울렛몰수":0,
            "1km이내대형먀트수":1,
            "500m이내은행수":2,
            "500m이내병원수":0,
            "5km이내대형병원수":2,
            "500m이내공원수":5,
            "3km이내혐오시설수":0,
            "초등학교학업성취도":90.0,
            "중학교학업성취도":83.4,
            "용적률":271,
            "건폐율":18,
            "Y":35.242394,
            "X":129.012976,
            "rank":15.0,
            "area_info":"26평(86.92), 26평(87.9), 34평(112.5), 35평(118.95)",
            "last_sales":"2021-11-13,50000.0,35평(118.95)",
            "rank_history":[
                [
                    "202203",
                    15
                ],
                [
                    "202202",
                    9
                ],
                [
                    "202201",
                    12
                ]
            ],
            "rank_gap":-6
        },
        {
            "index":213,
            "아파트명":"화명뜨란채",
            "투자타입":"일반",
            "전용면적(m2)":"82.58",
            "전용면적(평)":"24평",
            "법정동주소":"부산시 북구 금곡동 1895",
            "도로명주소":"부산시 북구 화명신도시로 219",
            "세대수":90,
            "입주년차":40,
            "용적률점수":"--",
            "건폐율점수":"--",
            "세대당주차수":0,
            "난방방식":30,
            "공급면적":"--",
            "전용률":"--",
            "욕실수":100,
            "현관타입":100,
            "주거총점":62.5,
            "지역구공급총점":100.0,
            "역세권":80,
            "30분내 이동가능 거점":20,
            "1시간내 이동가능 거점":100,
            "교통총점":66.0,
            "백화점":0,
            "아울렛몰":0,
            "대형마트":80,
            "은행":20,
            "병원":0,
            "종합병원":100,
            "공원":100,
            "혐오시설":0,
            "인프라총점":37.0,
            "초등학군":90.0,
            "중학군":51.72,
            "학군총점":59.376,
            "인구수":30.79,
            "인구증감":0.87,
            "인구총점":21.814,
            "일자리":8.32,
            "소득수준":51.28,
            "일자리총점":21.208,
            "가치 총점":54.4378,
            "매매실거래년":20220121.0,
            "매매실거래가":42000.0,
            "전세실거래년":20220204.0,
            "전세실거래가":18000.0,
            "전세가율":53.25,
            "장기전세가율평균":74.67,
            "전세가율거품지수":21.42,
            "검색코드":10259,
            "세대수":981.0,
            "준공년월":"2004-07-02",
            "준공년차":19.0,
            "가까운역이름":"율리",
            "가까운역거리":443.18,
            "역세권여부":"역세권",
            "30분이내주요거점역":1,
            "30분거점역이름":"['덕천']",
            "1시간이내주요거점역":10,
            "1시간거점역이름":"['부산', '범일', '서면', '부전', '온천장', '부산대', '수영', '경성대·부경대', '사상', '덕천']",
            "3km이내백화점수":0,
            "5km이내아울렛몰수":0,
            "1km이내대형먀트수":1,
            "500m이내은행수":2,
            "500m이내병원수":0,
            "5km이내대형병원수":2,
            "500m이내공원수":5,
            "3km이내혐오시설수":0,
            "초등학교학업성취도":90.0,
            "중학교학업성취도":83.4,
            "용적률":268,
            "건폐율":15,
            "Y":35.242646,
            "X":129.010793,
            "rank":16.0,
            "area_info":"24평(82.58), 31평(104.97), 34평(115.51)",
            "last_sales":"2022-01-21,42000.0,31평(104.97)",
            "rank_history":[
                [
                    "202203",
                    16
                ],
                [
                    "202202",
                    10
                ],
                [
                    "202201",
                    14
                ]
            ],
            "rank_gap":-6
        },
        {
            "index":526,
            "아파트명":"삼한힐파크",
            "투자타입":"일반",
            "전용면적(m2)":"106.66",
            "전용면적(평)":"32평",
            "법정동주소":"부산시 북구 화명동 732",
            "도로명주소":"부산시 북구 화명대로 119",
            "세대수":80,
            "입주년차":20,
            "용적률점수":"--",
            "건폐율점수":"--",
            "세대당주차수":30,
            "난방방식":30,
            "공급면적":"--",
            "전용률":"--",
            "욕실수":100,
            "현관타입":100,
            "주거총점":59.5,
            "지역구공급총점":100.0,
            "역세권":80,
            "30분내 이동가능 거점":20,
            "1시간내 이동가능 거점":100,
            "교통총점":66.0,
            "백화점":0,
            "아울렛몰":0,
            "대형마트":80,
            "은행":0,
            "병원":0,
            "종합병원":100,
            "공원":100,
            "혐오시설":0,
            "인프라총점":35.0,
            "초등학군":89.97,
            "중학군":55.06,
            "학군총점":62.042,
            "인구수":30.79,
            "인구증감":0.87,
            "인구총점":21.814,
            "일자리":8.32,
            "소득수준":51.28,
            "일자리총점":21.208,
            "가치 총점":53.8876,
            "매매실거래년":20220219.0,
            "매매실거래가":29300.0,
            "전세실거래년":20220212.0,
            "전세실거래가":22000.0,
            "전세가율":75.09,
            "장기전세가율평균":74.67,
            "전세가율거품지수":-0.42,
            "검색코드":9812,
            "세대수":807.0,
            "준공년월":"2003-11-06",
            "준공년차":20.0,
            "가까운역이름":"화명",
            "가까운역거리":471.0,
            "역세권여부":"역세권",
            "30분이내주요거점역":1,
            "30분거점역이름":"['덕천']",
            "1시간이내주요거점역":10,
            "1시간거점역이름":"['부산', '범일', '서면', '부전', '온천장', '부산대', '수영', '경성대·부경대', '사상', '덕천']",
            "3km이내백화점수":0,
            "5km이내아울렛몰수":0,
            "1km이내대형먀트수":1,
            "500m이내은행수":0,
            "500m이내병원수":0,
            "5km이내대형병원수":2,
            "500m이내공원수":4,
            "3km이내혐오시설수":0,
            "초등학교학업성취도":89.97,
            "중학교학업성취도":89.7,
            "용적률":304,
            "건폐율":21,
            "Y":35.236313,
            "X":129.019009,
            "rank":17.0,
            "area_info":"32평(106.66), 32평(106.66)",
            "last_sales":"2022-02-19,29300.0,32평(106.66)",
            "rank_history":[
                [
                    "202203",
                    17
                ],
                [
                    "202202",
                    31
                ],
                [
                    "202201",
                    19
                ]
            ],
            "rank_gap":14
        },
        {
            "index":555,
            "아파트명":"코오롱하늘채1차",
            "투자타입":"일반",
            "전용면적(m2)":"84.64",
            "전용면적(평)":"25평",
            "법정동주소":"부산시 북구 화명동 2290",
            "도로명주소":"부산시 북구 화명신도시로 70",
            "세대수":90,
            "입주년차":20,
            "용적률점수":"--",
            "건폐율점수":"--",
            "세대당주차수":30,
            "난방방식":30,
            "공급면적":"--",
            "전용률":"--",
            "욕실수":50,
            "현관타입":100,
            "주거총점":58.0,
            "지역구공급총점":100.0,
            "역세권":50,
            "30분내 이동가능 거점":40,
            "1시간내 이동가능 거점":90,
            "교통총점":55.0,
            "백화점":0,
            "아울렛몰":0,
            "대형마트":80,
            "은행":70,
            "병원":0,
            "종합병원":100,
            "공원":100,
            "혐오시설":0,
            "인프라총점":42.0,
            "초등학군":90.0,
            "중학군":54.6,
            "학군총점":61.68,
            "인구수":30.79,
            "인구증감":0.87,
            "인구총점":21.814,
            "일자리":8.32,
            "소득수준":51.28,
            "일자리총점":21.208,
            "가치 총점":53.854,
            "매매실거래년":20220103.0,
            "매매실거래가":70000.0,
            "전세실거래년":20211221.0,
            "전세실거래가":19950.0,
            "전세가율":53.92,
            "장기전세가율평균":74.67,
            "전세가율거품지수":20.75,
            "검색코드":9815,
            "세대수":1280.0,
            "준공년월":"2002-04-20",
            "준공년차":21.0,
            "가까운역이름":"화명",
            "가까운역거리":623.03,
            "역세권여부":"준역세권",
            "30분이내주요거점역":2,
            "30분거점역이름":"['부산', '덕천']",
            "1시간이내주요거점역":9,
            "1시간거점역이름":"['부산', '범일', '서면', '온천장', '부산대', '수영', '경성대·부경대', '사상', '덕천']",
            "3km이내백화점수":0,
            "5km이내아울렛몰수":0,
            "1km이내대형먀트수":1,
            "500m이내은행수":3,
            "500m이내병원수":0,
            "5km이내대형병원수":2,
            "500m이내공원수":6,
            "3km이내혐오시설수":0,
            "초등학교학업성취도":90.0,
            "중학교학업성취도":88.2,
            "용적률":265,
            "건폐율":17,
            "Y":35.230488,
            "X":129.011653,
            "rank":18.0,
            "area_info":"25평(84.64), 25평(85.37), 29평(99.12), 35평(116.28), 44평(146.04), 55평(183.07)",
            "last_sales":"2022-01-03,70000.0,55평(183.07)",
            "rank_history":[
                [
                    "202203",
                    18
                ],
                [
                    "202202",
                    18
                ],
                [
                    "202201",
                    8
                ]
            ],
            "rank_gap":0
        },
        {
            "index":481,
            "아파트명":"동원로얄듀크1차",
            "투자타입":"일반",
            "전용면적(m2)":"87.52",
            "전용면적(평)":"26평",
            "법정동주소":"부산시 북구 화명동 1150",
            "도로명주소":"부산시 북구 금곡대로 228",
            "세대수":100,
            "입주년차":40,
            "용적률점수":"--",
            "건폐율점수":"--",
            "세대당주차수":30,
            "난방방식":30,
            "공급면적":"--",
            "전용률":"--",
            "욕실수":100,
            "현관타입":100,
            "주거총점":70.5,
            "지역구공급총점":100.0,
            "역세권":50,
            "30분내 이동가능 거점":20,
            "1시간내 이동가능 거점":100,
            "교통총점":51.0,
            "백화점":0,
            "아울렛몰":0,
            "대형마트":80,
            "은행":0,
            "병원":0,
            "종합병원":100,
            "공원":100,
            "혐오시설":0,
            "인프라총점":35.0,
            "초등학군":90.0,
            "중학군":51.36,
            "학군총점":59.088,
            "인구수":30.79,
            "인구증감":0.87,
            "인구총점":21.814,
            "일자리":8.32,
            "소득수준":51.28,
            "일자리총점":21.208,
            "가치 총점":53.5014,
            "매매실거래년":20220203.0,
            "매매실거래가":40700.0,
            "전세실거래년":20220128.0,
            "전세실거래가":26000.0,
            "전세가율":100.0,
            "장기전세가율평균":74.67,
            "전세가율거품지수":-25.33,
            "검색코드":9834,
            "세대수":1627.0,
            "준공년월":"2004-11-30",
            "준공년차":19.0,
            "가까운역이름":"덕천",
            "가까운역거리":747.78,
            "역세권여부":"준역세권",
            "30분이내주요거점역":1,
            "30분거점역이름":"['덕천']",
            "1시간이내주요거점역":11,
            "1시간거점역이름":"['부산', '범일', '서면', '부전', '온천장', '부산대', '센텀시티', '수영', '경성대·부경대', '사상', '덕천']",
            "3km이내백화점수":0,
            "5km이내아울렛몰수":0,
            "1km이내대형먀트수":1,
            "500m이내은행수":0,
            "500m이내병원수":0,
            "5km이내대형병원수":2,
            "500m이내공원수":4,
            "3km이내혐오시설수":0,
            "초등학교학업성취도":90.0,
            "중학교학업성취도":84.6,
            "용적률":345,
            "건폐율":20,
            "Y":35.228366,
            "X":129.014351,
            "rank":19.0,
            "area_info":"26평(87.52), 26평(87.69), 33평(109.62), 44평(146.75)",
            "last_sales":"2022-02-03,40700.0,33평(109.62)",
            "rank_history":[
                [
                    "202203",
                    19
                ],
                [
                    "202202",
                    16
                ],
                [
                    "202201",
                    7
                ]
            ],
            "rank_gap":-3
        },
        {
            "index":232,
            "아파트명":"덕천롯데",
            "투자타입":"일반",
            "전용면적(m2)":"81.16",
            "전용면적(평)":"24평",
            "법정동주소":"부산시 북구 덕천동 132-65",
            "도로명주소":"부산시 북구 함박봉로 26",
            "세대수":80,
            "입주년차":40,
            "용적률점수":"--",
            "건폐율점수":"--",
            "세대당주차수":30,
            "난방방식":30,
            "공급면적":"--",
            "전용률":"--",
            "욕실수":100,
            "현관타입":100,
            "주거총점":63.5,
            "지역구공급총점":100.0,
            "역세권":80,
            "30분내 이동가능 거점":20,
            "1시간내 이동가능 거점":100,
            "교통총점":66.0,
            "백화점":0,
            "아울렛몰":0,
            "대형마트":80,
            "은행":0,
            "병원":0,
            "종합병원":100,
            "공원":100,
            "혐오시설":0,
            "인프라총점":35.0,
            "초등학군":89.99,
            "중학군":48.48,
            "학군총점":56.782,
            "인구수":30.79,
            "인구증감":0.87,
            "인구총점":21.814,
            "일자리":8.32,
            "소득수준":51.28,
            "일자리총점":21.208,
            "가치 총점":53.3096,
            "매매실거래년":20211126.0,
            "매매실거래가":32000.0,
            "전세실거래년":20210609.0,
            "전세실거래가":15500.0,
            "전세가율":74.88,
            "장기전세가율평균":74.67,
            "전세가율거품지수":-0.21,
            "검색코드":10418,
            "세대수":705.0,
            "준공년월":"2004-12-06",
            "준공년차":19.0,
            "가까운역이름":"남산정",
            "가까운역거리":499.72,
            "역세권여부":"역세권",
            "30분이내주요거점역":1,
            "30분거점역이름":"['덕천']",
            "1시간이내주요거점역":14,
            "1시간거점역이름":"['자갈치', '남포', '부산', '범일', '서면', '부전', '온천장', '부산대', '장산', '센텀시티', '수영', '경성대·부경대', '사상', '덕천']",
            "3km이내백화점수":0,
            "5km이내아울렛몰수":0,
            "1km이내대형먀트수":1,
            "500m이내은행수":0,
            "500m이내병원수":0,
            "5km이내대형병원수":4,
            "500m이내공원수":2,
            "3km이내혐오시설수":0,
            "초등학교학업성취도":89.99,
            "중학교학업성취도":80.2,
            "용적률":266,
            "건폐율":31,
            "Y":35.209618,
            "X":129.020641,
            "rank":20.0,
            "area_info":"24평(81.16), 32평(107.51), 46평(152.24)",
            "last_sales":"2021-11-26,32000.0,46평(152.24)",
            "rank_history":[
                [
                    "202203",
                    20
                ],
                [
                    "202202",
                    17
                ],
                [
                    "202201",
                    16
                ]
            ],
            "rank_gap":-3
        },
        {
            "index":259,
            "아파트명":"동주광명맨션",
            "투자타입":"재건축",
            "전용면적(m2)":"81.54",
            "전용면적(평)":"24평",
            "법정동주소":"부산시 북구 덕천동 431-9",
            "도로명주소":"부산시 북구 의성로128번길 34",
            "세대수":0,
            "입주년차":"--",
            "용적률점수":80,
            "건폐율점수":60,
            "세대당주차수":"--",
            "난방방식":"--",
            "공급면적":70,
            "전용률":100,
            "욕실수":"--",
            "현관타입":"--",
            "주거총점":52.5,
            "지역구공급총점":100.0,
            "역세권":80,
            "30분내 이동가능 거점":20,
            "1시간내 이동가능 거점":100,
            "교통총점":66.0,
            "백화점":0,
            "아울렛몰":0,
            "대형마트":80,
            "은행":70,
            "병원":0,
            "종합병원":100,
            "공원":100,
            "혐오시설":0,
            "인프라총점":42.0,
            "초등학군":89.96,
            "중학군":48.48,
            "학군총점":56.776,
            "인구수":30.79,
            "인구증감":0.87,
            "인구총점":21.814,
            "일자리":8.32,
            "소득수준":51.28,
            "일자리총점":21.208,
            "가치 총점":52.6578,
            "매매실거래년":20210326.0,
            "매매실거래가":13900.0,
            "전세실거래년":20200814.0,
            "전세실거래가":6000.0,
            "전세가율":43.17,
            "장기전세가율평균":74.67,
            "전세가율거품지수":31.5,
            "검색코드":110443,
            "세대수":70.0,
            "준공년월":"1984-02-20",
            "준공년차":39.0,
            "가까운역이름":"숙등",
            "가까운역거리":478.32,
            "역세권여부":"역세권",
            "30분이내주요거점역":1,
            "30분거점역이름":"['덕천']",
            "1시간이내주요거점역":15,
            "1시간거점역이름":"['하단', '자갈치', '남포', '부산', '범일', '서면', '부전', '온천장', '부산대', '장산', '센텀시티', '수영', '경성대·부경대', '사상', '덕천']",
            "3km이내백화점수":0,
            "5km이내아울렛몰수":0,
            "1km이내대형먀트수":1,
            "500m이내은행수":3,
            "500m이내병원수":0,
            "5km이내대형병원수":2,
            "500m이내공원수":4,
            "3km이내혐오시설수":0,
            "초등학교학업성취도":89.96,
            "중학교학업성취도":80.2,
            "용적률":172,
            "건폐율":34,
            "Y":35.208817,
            "X":129.009759,
            "rank":21.0,
            "area_info":"24평(81.54), 25평(84.6), 26평(88.2)",
            "last_sales":"2021-03-26,13900.0,24평(81.54)",
            "rank_history":[
                [
                    "202203",
                    21
                ],
                [
                    "202202",
                    9999
                ]
            ],
            "rank_gap":9999
        },
        {
            "index":523,
            "아파트명":"벽산강변타운",
            "투자타입":"일반",
            "전용면적(m2)":"94.19",
            "전용면적(평)":"28평",
            "법정동주소":"부산시 북구 화명동 188",
            "도로명주소":"부산시 북구 양달로9번길 21",
            "세대수":90,
            "입주년차":0,
            "용적률점수":"--",
            "건폐율점수":"--",
            "세대당주차수":0,
            "난방방식":30,
            "공급면적":"--",
            "전용률":"--",
            "욕실수":50,
            "현관타입":100,
            "주거총점":49.5,
            "지역구공급총점":100.0,
            "역세권":80,
            "30분내 이동가능 거점":40,
            "1시간내 이동가능 거점":100,
            "교통총점":72.0,
            "백화점":0,
            "아울렛몰":0,
            "대형마트":80,
            "은행":0,
            "병원":0,
            "종합병원":100,
            "공원":100,
            "혐오시설":0,
            "인프라총점":35.0,
            "초등학군":90.0,
            "중학군":51.72,
            "학군총점":59.376,
            "인구수":30.79,
            "인구증감":0.87,
            "인구총점":21.814,
            "일자리":8.32,
            "소득수준":51.28,
            "일자리총점":21.208,
            "가치 총점":51.4878,
            "매매실거래년":20220203.0,
            "매매실거래가":20600.0,
            "전세실거래년":20220119.0,
            "전세실거래가":15750.0,
            "전세가율":76.46,
            "장기전세가율평균":74.67,
            "전세가율거품지수":-1.79,
            "검색코드":5526,
            "세대수":1044.0,
            "준공년월":"1995-11-17",
            "준공년차":28.0,
            "가까운역이름":"율리",
            "가까운역거리":266.54,
            "역세권여부":"역세권",
            "30분이내주요거점역":2,
            "30분거점역이름":"['사상', '덕천']",
            "1시간이내주요거점역":11,
            "1시간거점역이름":"['남포', '부산', '범일', '서면', '부전', '온천장', '부산대', '수영', '경성대·부경대', '사상', '덕천']",
            "3km이내백화점수":0,
            "5km이내아울렛몰수":0,
            "1km이내대형먀트수":1,
            "500m이내은행수":0,
            "500m이내병원수":0,
            "5km이내대형병원수":2,
            "500m이내공원수":4,
            "3km이내혐오시설수":0,
            "초등학교학업성취도":90.0,
            "중학교학업성취도":83.4,
            "용적률":291,
            "건폐율":23,
            "Y":35.24393,
            "X":129.013589,
            "rank":22.0,
            "area_info":"28평(94.19), 31평(105.42)",
            "last_sales":"2022-02-03,20600.0,28평(94.19)",
            "rank_history":[
                [
                    "202203",
                    22
                ],
                [
                    "202202",
                    20
                ],
                [
                    "202201",
                    31
                ]
            ],
            "rank_gap":-2
        },
        {
            "index":201,
            "아파트명":"율리벽산블루밍1단지",
            "투자타입":"일반",
            "전용면적(m2)":"83.31",
            "전용면적(평)":"25평",
            "법정동주소":"부산시 북구 금곡동 1915",
            "도로명주소":"부산시 북구 효열로 1",
            "세대수":50,
            "입주년차":80,
            "용적률점수":"--",
            "건폐율점수":"--",
            "세대당주차수":30,
            "난방방식":30,
            "공급면적":"--",
            "전용률":"--",
            "욕실수":100,
            "현관타입":100,
            "주거총점":61.0,
            "지역구공급총점":100.0,
            "역세권":80,
            "30분내 이동가능 거점":40,
            "1시간내 이동가능 거점":100,
            "교통총점":72.0,
            "백화점":0,
            "아울렛몰":0,
            "대형마트":0,
            "은행":0,
            "병원":0,
            "종합병원":100,
            "공원":100,
            "혐오시설":0,
            "인프라총점":23.0,
            "초등학군":89.96,
            "중학군":51.72,
            "학군총점":59.368,
            "인구수":30.79,
            "인구증감":0.87,
            "인구총점":21.814,
            "일자리":8.32,
            "소득수준":51.28,
            "일자리총점":21.208,
            "가치 총점":50.7604,
            "매매실거래년":20211101.0,
            "매매실거래가":26000.0,
            "전세실거래년":20210615.0,
            "전세실거래가":25000.0,
            "전세가율":96.15,
            "장기전세가율평균":74.67,
            "전세가율거품지수":-21.48,
            "검색코드":103892,
            "세대수":470.0,
            "준공년월":"2014-03-29",
            "준공년차":9.0,
            "가까운역이름":"율리",
            "가까운역거리":248.56,
            "역세권여부":"역세권",
            "30분이내주요거점역":2,
            "30분거점역이름":"['사상', '덕천']",
            "1시간이내주요거점역":11,
            "1시간거점역이름":"['남포', '부산', '범일', '서면', '부전', '온천장', '부산대', '수영', '경성대·부경대', '사상', '덕천']",
            "3km이내백화점수":0,
            "5km이내아울렛몰수":0,
            "1km이내대형먀트수":0,
            "500m이내은행수":1,
            "500m이내병원수":0,
            "5km이내대형병원수":2,
            "500m이내공원수":5,
            "3km이내혐오시설수":0,
            "초등학교학업성취도":89.96,
            "중학교학업성취도":83.4,
            "용적률":270,
            "건폐율":17,
            "Y":35.248428,
            "X":129.013502,
            "rank":23.0,
            "area_info":"25평(83.31), 35평(117.41), 35평(117.6), 35평(118.23)",
            "last_sales":"2021-11-01,26000.0,25평(83.31)",
            "rank_history":[
                [
                    "202203",
                    23
                ],
                [
                    "202202",
                    23
                ],
                [
                    "202201",
                    30
                ]
            ],
            "rank_gap":0
        },
        {
            "index":623,
            "아파트명":"화명현대2차",
            "투자타입":"일반",
            "전용면적(m2)":"80.67",
            "전용면적(평)":"24평",
            "법정동주소":"부산시 북구 화명동 2307",
            "도로명주소":"부산시 북구 화명신도시로 48",
            "세대수":80,
            "입주년차":20,
            "용적률점수":"--",
            "건폐율점수":"--",
            "세대당주차수":30,
            "난방방식":30,
            "공급면적":"--",
            "전용률":"--",
            "욕실수":100,
            "현관타입":100,
            "주거총점":59.5,
            "지역구공급총점":100.0,
            "역세권":50,
            "30분내 이동가능 거점":20,
            "1시간내 이동가능 거점":100,
            "교통총점":51.0,
            "백화점":0,
            "아울렛몰":0,
            "대형마트":80,
            "은행":0,
            "병원":0,
            "종합병원":100,
            "공원":100,
            "혐오시설":0,
            "인프라총점":35.0,
            "초등학군":90.0,
            "중학군":51.36,
            "학군총점":59.088,
            "인구수":30.79,
            "인구증감":0.87,
            "인구총점":21.814,
            "일자리":8.32,
            "소득수준":51.28,
            "일자리총점":21.208,
            "가치 총점":50.7514,
            "매매실거래년":20211215.0,
            "매매실거래가":48300.0,
            "전세실거래년":20211203.0,
            "전세실거래가":18900.0,
            "전세가율":58.15,
            "장기전세가율평균":74.67,
            "전세가율거품지수":16.52,
            "검색코드":9949,
            "세대수":743.0,
            "준공년월":"2001-10-23",
            "준공년차":22.0,
            "가까운역이름":"덕천",
            "가까운역거리":565.05,
            "역세권여부":"준역세권",
            "30분이내주요거점역":1,
            "30분거점역이름":"['덕천']",
            "1시간이내주요거점역":11,
            "1시간거점역이름":"['부산', '범일', '서면', '부전', '온천장', '부산대', '센텀시티', '수영', '경성대·부경대', '사상', '덕천']",
            "3km이내백화점수":0,
            "5km이내아울렛몰수":0,
            "1km이내대형먀트수":1,
            "500m이내은행수":0,
            "500m이내병원수":0,
            "5km이내대형병원수":2,
            "500m이내공원수":5,
            "3km이내혐오시설수":0,
            "초등학교학업성취도":90.0,
            "중학교학업성취도":84.6,
            "용적률":261,
            "건폐율":16,
            "Y":35.22812,
            "X":129.01058,
            "rank":24.0,
            "area_info":"24평(80.67), 32평(108.56), 37평(124.02), 43평(142.42), 48평(158.78)",
            "last_sales":"2021-12-15,48300.0,32평(108.56)",
            "rank_history":[
                [
                    "202203",
                    24
                ],
                [
                    "202202",
                    19
                ],
                [
                    "202201",
                    18
                ]
            ],
            "rank_gap":-5
        },
        {
            "index":575,
            "아파트명":"화명동원로얄듀크비스타2차",
            "투자타입":"일반",
            "전용면적(m2)":"89.38",
            "전용면적(평)":"27평",
            "법정동주소":"부산시 북구 화명동 2337",
            "도로명주소":"부산시 북구 금곡대로 175",
            "세대수":50,
            "입주년차":80,
            "용적률점수":"--",
            "건폐율점수":"--",
            "세대당주차수":30,
            "난방방식":30,
            "공급면적":"--",
            "전용률":"--",
            "욕실수":100,
            "현관타입":100,
            "주거총점":61.0,
            "지역구공급총점":100.0,
            "역세권":80,
            "30분내 이동가능 거점":40,
            "1시간내 이동가능 거점":100,
            "교통총점":72.0,
            "백화점":0,
            "아울렛몰":0,
            "대형마트":0,
            "은행":0,
            "병원":0,
            "종합병원":100,
            "공원":100,
            "혐오시설":0,
            "인프라총점":23.0,
            "초등학군":90.0,
            "중학군":51.36,
            "학군총점":59.088,
            "인구수":30.79,
            "인구증감":0.87,
            "인구총점":21.814,
            "일자리":8.32,
            "소득수준":51.28,
            "일자리총점":21.208,
            "가치 총점":50.6764,
            "매매실거래년":20211108.0,
            "매매실거래가":65000.0,
            "전세실거래년":20210306.0,
            "전세실거래가":31000.0,
            "전세가율":88.57,
            "장기전세가율평균":74.67,
            "전세가율거품지수":-13.9,
            "검색코드":105637,
            "세대수":422.0,
            "준공년월":"2015-07-20",
            "준공년차":8.0,
            "가까운역이름":"덕천",
            "가까운역거리":197.77,
            "역세권여부":"역세권",
            "30분이내주요거점역":2,
            "30분거점역이름":"['사상', '덕천']",
            "1시간이내주요거점역":14,
            "1시간거점역이름":"['하단', '자갈치', '남포', '부산', '범일', '서면', '부전', '온천장', '부산대', '센텀시티', '수영', '경성대·부경대', '사상', '덕천']",
            "3km이내백화점수":0,
            "5km이내아울렛몰수":0,
            "1km이내대형먀트수":0,
            "500m이내은행수":0,
            "500m이내병원수":0,
            "5km이내대형병원수":2,
            "500m이내공원수":5,
            "3km이내혐오시설수":0,
            "초등학교학업성취도":90.0,
            "중학교학업성취도":84.6,
            "용적률":475,
            "건폐율":55,
            "Y":35.224936,
            "X":129.009475,
            "rank":25.0,
            "area_info":"27평(89.38), 27평(92.35), 30평(102.1), 32평(108.88), 33평(111.64), 34평(113.79), 34평(113.74), 34평(113.36)",
            "last_sales":"2021-11-08,65000.0,34평(113.36)",
            "rank_history":[
                [
                    "202203",
                    25
                ],
                [
                    "202202",
                    24
                ],
                [
                    "202201",
                    23
                ]
            ],
            "rank_gap":-1
        },
        {
            "index":216,
            "아파트명":"화명리버빌2차",
            "투자타입":"일반",
            "전용면적(m2)":"80.35",
            "전용면적(평)":"24평",
            "법정동주소":"부산시 북구 금곡동 1885",
            "도로명주소":"부산시 북구 화명신도시로 244",
            "세대수":80,
            "입주년차":20,
            "용적률점수":"--",
            "건폐율점수":"--",
            "세대당주차수":30,
            "난방방식":30,
            "공급면적":"--",
            "전용률":"--",
            "욕실수":50,
            "현관타입":100,
            "주거총점":54.5,
            "지역구공급총점":100.0,
            "역세권":100,
            "30분내 이동가능 거점":40,
            "1시간내 이동가능 거점":100,
            "교통총점":82.0,
            "백화점":0,
            "아울렛몰":0,
            "대형마트":0,
            "은행":0,
            "병원":0,
            "종합병원":100,
            "공원":100,
            "혐오시설":0,
            "인프라총점":23.0,
            "초등학군":90.0,
            "중학군":51.72,
            "학군총점":59.376,
            "인구수":30.79,
            "인구증감":0.87,
            "인구총점":21.814,
            "일자리":8.32,
            "소득수준":51.28,
            "일자리총점":21.208,
            "가치 총점":50.6378,
            "매매실거래년":20211201.0,
            "매매실거래가":39200.0,
            "전세실거래년":20200415.0,
            "전세실거래가":20000.0,
            "전세가율":77.22,
            "장기전세가율평균":74.67,
            "전세가율거품지수":-2.55,
            "검색코드":9845,
            "세대수":722.0,
            "준공년월":"2003-06-17",
            "준공년차":20.0,
            "가까운역이름":"율리",
            "가까운역거리":85.33,
            "역세권여부":"초역세권",
            "30분이내주요거점역":2,
            "30분거점역이름":"['사상', '덕천']",
            "1시간이내주요거점역":14,
            "1시간거점역이름":"['하단', '자갈치', '남포', '부산', '범일', '서면', '부전', '온천장', '부산대', '센텀시티', '수영', '경성대·부경대', '사상', '덕천']",
            "3km이내백화점수":0,
            "5km이내아울렛몰수":0,
            "1km이내대형먀트수":0,
            "500m이내은행수":1,
            "500m이내병원수":0,
            "5km이내대형병원수":2,
            "500m이내공원수":5,
            "3km이내혐오시설수":0,
            "초등학교학업성취도":90.0,
            "중학교학업성취도":83.4,
            "용적률":272,
            "건폐율":19,
            "Y":35.246035,
            "X":129.011967,
            "rank":26.0,
            "area_info":"24평(80.35), 24평(81.42), 31평(104.06), 33평(109.79), 33평(109.53)",
            "last_sales":"2021-12-01,39200.0,33평(109.79)",
            "rank_history":[
                [
                    "202203",
                    26
                ],
                [
                    "202202",
                    25
                ],
                [
                    "202201",
                    41
                ]
            ],
            "rank_gap":-1
        },
        {
            "index":35,
            "아파트명":"구포봄여름가을겨울2차",
            "투자타입":"일반",
            "전용면적(m2)":"78.54",
            "전용면적(평)":"23평",
            "법정동주소":"부산시 북구 구포동 1060-188",
            "도로명주소":"부산시 북구 가람로 32",
            "세대수":0,
            "입주년차":100,
            "용적률점수":"--",
            "건폐율점수":"--",
            "세대당주차수":30,
            "난방방식":30,
            "공급면적":"--",
            "전용률":"--",
            "욕실수":50,
            "현관타입":100,
            "주거총점":42.5,
            "지역구공급총점":100.0,
            "역세권":80,
            "30분내 이동가능 거점":100,
            "1시간내 이동가능 거점":100,
            "교통총점":90.0,
            "백화점":0,
            "아울렛몰":0,
            "대형마트":80,
            "은행":0,
            "병원":0,
            "종합병원":100,
            "공원":80,
            "혐오시설":0,
            "인프라총점":34.4,
            "초등학군":90.06,
            "중학군":44.36,
            "학군총점":53.5,
            "인구수":30.79,
            "인구증감":0.87,
            "인구총점":21.814,
            "일자리":8.32,
            "소득수준":51.28,
            "일자리총점":21.208,
            "가치 총점":50.495,
            "매매실거래년":20220212.0,
            "매매실거래가":22000.0,
            "전세실거래년":20220223.0,
            "전세실거래가":14364.0,
            "전세가율":65.29,
            "장기전세가율평균":74.67,
            "전세가율거품지수":9.38,
            "검색코드":118717,
            "세대수":231.0,
            "준공년월":"2019-06-18",
            "준공년차":4.0,
            "가까운역이름":"구포",
            "가까운역거리":256.68,
            "역세권여부":"역세권",
            "30분이내주요거점역":6,
            "30분거점역이름":"['자갈치', '남포', '부산', '서면', '사상', '덕천']",
            "1시간이내주요거점역":15,
            "1시간거점역이름":"['하단', '자갈치', '남포', '부산', '범일', '서면', '부전', '온천장', '부산대', '장산', '센텀시티', '수영', '경성대·부경대', '사상', '덕천']",
            "3km이내백화점수":0,
            "5km이내아울렛몰수":0,
            "1km이내대형먀트수":1,
            "500m이내은행수":1,
            "500m이내병원수":0,
            "5km이내대형병원수":2,
            "500m이내공원수":1,
            "3km이내혐오시설수":0,
            "초등학교학업성취도":90.06,
            "중학교학업성취도":72.6,
            "용적률":654,
            "건폐율":61,
            "Y":35.204678,
            "X":128.997873,
            "rank":27.0,
            "area_info":"23평(78.54), 23평(78.54), 26평(86.51)",
            "last_sales":"2022-02-12,22000.0,23평(78.54)",
            "rank_history":[
                [
                    "202203",
                    27
                ],
                [
                    "202202",
                    36
                ],
                [
                    "202201",
                    61
                ]
            ],
            "rank_gap":9
        },
        {
            "index":361,
            "아파트명":"금정산센트럴포레",
            "투자타입":"일반",
            "전용면적(m2)":"81.2",
            "전용면적(평)":"24평",
            "법정동주소":"부산시 북구 만덕동 830-49",
            "도로명주소":"부산시 북구 만덕1로 25-9",
            "세대수":0,
            "입주년차":60,
            "용적률점수":"--",
            "건폐율점수":"--",
            "세대당주차수":30,
            "난방방식":30,
            "공급면적":"--",
            "전용률":"--",
            "욕실수":100,
            "현관타입":100,
            "주거총점":39.5,
            "지역구공급총점":100.0,
            "역세권":100,
            "30분내 이동가능 거점":100,
            "1시간내 이동가능 거점":100,
            "교통총점":100.0,
            "백화점":0,
            "아울렛몰":0,
            "대형마트":80,
            "은행":0,
            "병원":0,
            "종합병원":100,
            "공원":100,
            "혐오시설":0,
            "인프라총점":35.0,
            "초등학군":89.96,
            "중학군":38.58,
            "학군총점":48.856,
            "인구수":30.79,
            "인구증감":0.87,
            "인구총점":21.814,
            "일자리":8.32,
            "소득수준":51.28,
            "일자리총점":21.208,
            "가치 총점":50.0318,
            "매매실거래년":20210820.0,
            "매매실거래가":43500.0,
            "전세실거래년":20211109.0,
            "전세실거래가":25000.0,
            "전세가율":83.33,
            "장기전세가율평균":74.67,
            "전세가율거품지수":-8.66,
            "검색코드":102335,
            "세대수":216.0,
            "준공년월":"2011-10-06",
            "준공년차":12.0,
            "가까운역이름":"만덕",
            "가까운역거리":92.3,
            "역세권여부":"초역세권",
            "30분이내주요거점역":5,
            "30분거점역이름":"['서면', '온천장', '수영', '사상', '덕천']",
            "1시간이내주요거점역":15,
            "1시간거점역이름":"['하단', '자갈치', '남포', '부산', '범일', '서면', '부전', '온천장', '부산대', '장산', '센텀시티', '수영', '경성대·부경대', '사상', '덕천']",
            "3km이내백화점수":0,
            "5km이내아울렛몰수":0,
            "1km이내대형먀트수":1,
            "500m이내은행수":0,
            "500m이내병원수":0,
            "5km이내대형병원수":5,
            "500m이내공원수":4,
            "3km이내혐오시설수":0,
            "초등학교학업성취도":89.96,
            "중학교학업성취도":63.7,
            "용적률":278,
            "건폐율":15,
            "Y":35.213637,
            "X":129.035618,
            "rank":28.0,
            "area_info":"24평(81.2), 24평(81.27), 34평(115.02)",
            "last_sales":"2021-08-20,43500.0,34평(115.02)",
            "rank_history":[
                [
                    "202203",
                    28
                ],
                [
                    "202202",
                    41
                ],
                [
                    "202201",
                    59
                ]
            ],
            "rank_gap":13
        },
        {
            "index":567,
            "아파트명":"화명대림타운",
            "투자타입":"일반",
            "전용면적(m2)":"78.1",
            "전용면적(평)":"23평",
            "법정동주소":"부산시 북구 화명동 1170-1",
            "도로명주소":"부산시 북구 금곡대로 268",
            "세대수":100,
            "입주년차":0,
            "용적률점수":"--",
            "건폐율점수":"--",
            "세대당주차수":30,
            "난방방식":30,
            "공급면적":"--",
            "전용률":"--",
            "욕실수":50,
            "현관타입":100,
            "주거총점":57.5,
            "지역구공급총점":100.0,
            "역세권":50,
            "30분내 이동가능 거점":20,
            "1시간내 이동가능 거점":90,
            "교통총점":49.0,
            "백화점":0,
            "아울렛몰":0,
            "대형마트":80,
            "은행":0,
            "병원":0,
            "종합병원":100,
            "공원":100,
            "혐오시설":0,
            "인프라총점":35.0,
            "초등학군":90.02,
            "중학군":51.36,
            "학군총점":59.092,
            "인구수":30.79,
            "인구증감":0.87,
            "인구총점":21.814,
            "일자리":8.32,
            "소득수준":51.28,
            "일자리총점":21.208,
            "가치 총점":49.9526,
            "매매실거래년":20211118.0,
            "매매실거래가":54500.0,
            "전세실거래년":null,
            "전세실거래가":null,
            "전세가율":null,
            "장기전세가율평균":74.67,
            "전세가율거품지수":null,
            "검색코드":5517,
            "세대수":3382.0,
            "준공년월":"1998-06-01",
            "준공년차":25.0,
            "가까운역이름":"화명",
            "가까운역거리":567.0,
            "역세권여부":"준역세권",
            "30분이내주요거점역":1,
            "30분거점역이름":"['덕천']",
            "1시간이내주요거점역":9,
            "1시간거점역이름":"['부산', '범일', '서면', '온천장', '부산대', '수영', '경성대·부경대', '사상', '덕천']",
            "3km이내백화점수":0,
            "5km이내아울렛몰수":0,
            "1km이내대형먀트수":1,
            "500m이내은행수":1,
            "500m이내병원수":0,
            "5km이내대형병원수":2,
            "500m이내공원수":2,
            "3km이내혐오시설수":0,
            "초등학교학업성취도":90.02,
            "중학교학업성취도":84.6,
            "용적률":328,
            "건폐율":19,
            "Y":35.23088,
            "X":129.015536,
            "rank":29.0,
            "area_info":"23평(78.1), 24평(80.01), 28평(94.87), 31평(104.61), 31평(104.61), 32평(107.48), 41평(136.38), 50평(168.06)",
            "last_sales":"2021-11-18,54500.0,50평(168.06)",
            "rank_history":[
                [
                    "202203",
                    29
                ],
                [
                    "202202",
                    21
                ],
                [
                    "202201",
                    13
                ]
            ],
            "rank_gap":-8
        },
        {
            "index":187,
            "아파트명":"신화명리버뷰자이",
            "투자타입":"일반",
            "전용면적(m2)":"83.98",
            "전용면적(평)":"25평",
            "법정동주소":"부산시 북구 금곡동 1918",
            "도로명주소":"부산시 북구 금곡대로470번길 29",
            "세대수":80,
            "입주년차":80,
            "용적률점수":"--",
            "건폐율점수":"--",
            "세대당주차수":30,
            "난방방식":30,
            "공급면적":"--",
            "전용률":"--",
            "욕실수":100,
            "현관타입":100,
            "주거총점":71.5,
            "지역구공급총점":100.0,
            "역세권":50,
            "30분내 이동가능 거점":20,
            "1시간내 이동가능 거점":90,
            "교통총점":49.0,
            "백화점":0,
            "아울렛몰":0,
            "대형마트":0,
            "은행":0,
            "병원":0,
            "종합병원":100,
            "공원":100,
            "혐오시설":0,
            "인프라총점":23.0,
            "초등학군":89.96,
            "중학군":51.72,
            "학군총점":59.368,
            "인구수":30.79,
            "인구증감":0.87,
            "인구총점":21.814,
            "일자리":8.32,
            "소득수준":51.28,
            "일자리총점":21.208,
            "가치 총점":49.9354,
            "매매실거래년":20211229.0,
            "매매실거래가":47000.0,
            "전세실거래년":20210724.0,
            "전세실거래가":30000.0,
            "전세가율":76.14,
            "장기전세가율평균":74.67,
            "전세가율거품지수":-1.47,
            "검색코드":106629,
            "세대수":792.0,
            "준공년월":"2015-06-19",
            "준공년차":8.0,
            "가까운역이름":"율리",
            "가까운역거리":686.29,
            "역세권여부":"준역세권",
            "30분이내주요거점역":1,
            "30분거점역이름":"['덕천']",
            "1시간이내주요거점역":9,
            "1시간거점역이름":"['부산', '범일', '서면', '온천장', '부산대', '수영', '경성대·부경대', '사상', '덕천']",
            "3km이내백화점수":0,
            "5km이내아울렛몰수":0,
            "1km이내대형먀트수":0,
            "500m이내은행수":1,
            "500m이내병원수":0,
            "5km이내대형병원수":2,
            "500m이내공원수":4,
            "3km이내혐오시설수":0,
            "초등학교학업성취도":89.96,
            "중학교학업성취도":83.4,
            "용적률":256,
            "건폐율":15,
            "Y":35.252375,
            "X":129.011903,
            "rank":30.0,
            "area_info":"25평(83.98), 33평(111.06), 33평(111.67), 33평(112.12)",
            "last_sales":"2021-12-29,47000.0,33평(111.67)",
            "rank_history":[
                [
                    "202203",
                    30
                ],
                [
                    "202202",
                    22
                ],
                [
                    "202201",
                    20
                ]
            ],
            "rank_gap":-8
        },
        {
            "index":385,
            "아파트명":"만덕3휴먼시아",
            "투자타입":"일반",
            "전용면적(m2)":"72.57",
            "전용면적(평)":"21평",
            "법정동주소":"부산시 북구 만덕동 954",
            "도로명주소":"부산시 북구 만덕1로51번길 11",
            "세대수":50,
            "입주년차":60,
            "용적률점수":"--",
            "건폐율점수":"--",
            "세대당주차수":30,
            "난방방식":30,
            "공급면적":"--",
            "전용률":"--",
            "욕실수":50,
            "현관타입":100,
            "주거총점":52.0,
            "지역구공급총점":100.0,
            "역세권":80,
            "30분내 이동가능 거점":40,
            "1시간내 이동가능 거점":100,
            "교통총점":72.0,
            "백화점":0,
            "아울렛몰":0,
            "대형마트":100,
            "은행":0,
            "병원":0,
            "종합병원":100,
            "공원":100,
            "혐오시설":0,
            "인프라총점":38.0,
            "초등학군":89.96,
            "중학군":38.58,
            "학군총점":48.856,
            "인구수":30.79,
            "인구증감":0.87,
            "인구총점":21.814,
            "일자리":8.32,
            "소득수준":51.28,
            "일자리총점":21.208,
            "가치 총점":49.8568,
            "매매실거래년":20211115.0,
            "매매실거래가":36000.0,
            "전세실거래년":20200811.0,
            "전세실거래가":15000.0,
            "전세가율":76.92,
            "장기전세가율평균":74.67,
            "전세가율거품지수":-2.25,
            "검색코드":100696,
            "세대수":402.0,
            "준공년월":"2009-11-11",
            "준공년차":14.0,
            "가까운역이름":"만덕",
            "가까운역거리":396.29,
            "역세권여부":"역세권",
            "30분이내주요거점역":2,
            "30분거점역이름":"['수영', '덕천']",
            "1시간이내주요거점역":14,
            "1시간거점역이름":"['자갈치', '남포', '부산', '범일', '서면', '부전', '온천장', '부산대', '장산', '센텀시티', '수영', '경성대·부경대', '사상', '덕천']",
            "3km이내백화점수":0,
            "5km이내아울렛몰수":0,
            "1km이내대형먀트수":2,
            "500m이내은행수":0,
            "500m이내병원수":0,
            "5km이내대형병원수":5,
            "500m이내공원수":3,
            "3km이내혐오시설수":0,
            "초등학교학업성취도":89.96,
            "중학교학업성취도":63.7,
            "용적률":298,
            "건폐율":18,
            "Y":35.213821,
            "X":129.032029,
            "rank":31.0,
            "area_info":"21평(72.57), 25평(84.93), 25평(85.14), 31평(103.19), 31평(103.39), 31평(103.5)",
            "last_sales":"2021-11-15,36000.0,31평(103.39)",
            "rank_history":[
                [
                    "202203",
                    31
                ],
                [
                    "202202",
                    27
                ],
                [
                    "202201",
                    24
                ]
            ],
            "rank_gap":-4
        },
        {
            "index":419,
            "아파트명":"벽산라인타운2차",
            "투자타입":"일반",
            "전용면적(m2)":"79.28",
            "전용면적(평)":"23평",
            "법정동주소":"부산시 북구 만덕동 774-7",
            "도로명주소":"부산시 북구 덕천로 182",
            "세대수":90,
            "입주년차":0,
            "용적률점수":"--",
            "건폐율점수":"--",
            "세대당주차수":30,
            "난방방식":30,
            "공급면적":"--",
            "전용률":"--",
            "욕실수":50,
            "현관타입":100,
            "주거총점":54.0,
            "지역구공급총점":100.0,
            "역세권":80,
            "30분내 이동가능 거점":40,
            "1시간내 이동가능 거점":100,
            "교통총점":72.0,
            "백화점":0,
            "아울렛몰":0,
            "대형마트":80,
            "은행":0,
            "병원":0,
            "종합병원":100,
            "공원":100,
            "혐오시설":0,
            "인프라총점":35.0,
            "초등학군":90.01,
            "중학군":38.58,
            "학군총점":48.866,
            "인구수":30.79,
            "인구증감":0.87,
            "인구총점":21.814,
            "일자리":8.32,
            "소득수준":51.28,
            "일자리총점":21.208,
            "가치 총점":49.4598,
            "매매실거래년":20220206.0,
            "매매실거래가":29400.0,
            "전세실거래년":20211219.0,
            "전세실거래가":15000.0,
            "전세가율":75.76,
            "장기전세가율평균":74.67,
            "전세가율거품지수":-1.09,
            "검색코드":5472,
            "세대수":1166.0,
            "준공년월":"1998-12-14",
            "준공년차":25.0,
            "가까운역이름":"남산정",
            "가까운역거리":306.15,
            "역세권여부":"역세권",
            "30분이내주요거점역":2,
            "30분거점역이름":"['수영', '덕천']",
            "1시간이내주요거점역":14,
            "1시간거점역이름":"['자갈치', '남포', '부산', '범일', '서면', '부전', '온천장', '부산대', '장산', '센텀시티', '수영', '경성대·부경대', '사상', '덕천']",
            "3km이내백화점수":0,
            "5km이내아울렛몰수":0,
            "1km이내대형먀트수":1,
            "500m이내은행수":1,
            "500m이내병원수":0,
            "5km이내대형병원수":4,
            "500m이내공원수":2,
            "3km이내혐오시설수":0,
            "초등학교학업성취도":90.01,
            "중학교학업성취도":63.7,
            "용적률":322,
            "건폐율":28,
            "Y":35.210581,
            "X":129.024047,
            "rank":32.0,
            "area_info":"23평(79.28), 24평(79.48), 28평(95.44), 32평(106.69), 41평(137.81)",
            "last_sales":"2022-02-06,29400.0,32평(106.69)",
            "rank_history":[
                [
                    "202203",
                    32
                ],
                [
                    "202202",
                    29
                ],
                [
                    "202201",
                    32
                ]
            ],
            "rank_gap":-3
        },
        {
            "index":485,
            "아파트명":"레지던스라움(도시형)",
            "투자타입":"일반",
            "전용면적(m2)":"36.37",
            "전용면적(평)":"11평",
            "법정동주소":"부산시 북구 화명동 2287-3",
            "도로명주소":"부산시 북구 금곡대로285번길 5",
            "세대수":0,
            "입주년차":60,
            "용적률점수":"--",
            "건폐율점수":"--",
            "세대당주차수":0,
            "난방방식":30,
            "공급면적":"--",
            "전용률":"--",
            "욕실수":50,
            "현관타입":10,
            "주거총점":21.0,
            "지역구공급총점":100.0,
            "역세권":80,
            "30분내 이동가능 거점":60,
            "1시간내 이동가능 거점":100,
            "교통총점":78.0,
            "백화점":0,
            "아울렛몰":0,
            "대형마트":80,
            "은행":100,
            "병원":0,
            "종합병원":100,
            "공원":100,
            "혐오시설":0,
            "인프라총점":45.0,
            "초등학군":89.97,
            "중학군":55.06,
            "학군총점":62.042,
            "인구수":30.79,
            "인구증감":0.87,
            "인구총점":21.814,
            "일자리":8.32,
            "소득수준":51.28,
            "일자리총점":21.208,
            "가치 총점":49.0626,
            "매매실거래년":20200608.0,
            "매매실거래가":18900.0,
            "전세실거래년":20191210.0,
            "전세실거래가":10000.0,
            "전세가율":86.21,
            "장기전세가율평균":74.67,
            "전세가율거품지수":-11.54,
            "검색코드":105054,
            "세대수":149.0,
            "준공년월":"2012-06-27",
            "준공년차":11.0,
            "가까운역이름":"화명",
            "가까운역거리":233.8,
            "역세권여부":"역세권",
            "30분이내주요거점역":3,
            "30분거점역이름":"['부산', '사상', '덕천']",
            "1시간이내주요거점역":13,
            "1시간거점역이름":"['자갈치', '남포', '부산', '범일', '서면', '부전', '온천장', '부산대', '센텀시티', '수영', '경성대·부경대', '사상', '덕천']",
            "3km이내백화점수":0,
            "5km이내아울렛몰수":0,
            "1km이내대형먀트수":1,
            "500m이내은행수":5,
            "500m이내병원수":0,
            "5km이내대형병원수":2,
            "500m이내공원수":6,
            "3km이내혐오시설수":0,
            "초등학교학업성취도":89.97,
            "중학교학업성취도":89.7,
            "용적률":871,
            "건폐율":84,
            "Y":35.233762,
            "X":129.013194,
            "rank":33.0,
            "area_info":"11평(36.37), 11평(36.5), 11평(36.47), 10평(36.21), 10평(36.3), 11평(36.99), 11평(38.04), 11평(38.31), 11평(39.65), 12평(39.82), 12평(39.94), 12평(39.97), 12평(40.68), 12평(41.83), 12평(41.98), 12평(41.95), 12평(41.65), 12평(42.73), 12평(42.02), 12평(42.5), 13평(44.56), 13평(44.76), 13평(44.92), 13평(44.89), 13평(45.72), 14평(47.66), 14평(47.23), 16평(55.95), 17평(58.87), 18평(59.85), 18평(62.78), 19평(63.42), 19평(63.99), 20평(66.78), 20평(69.06)",
            "last_sales":"2020-06-08,18900.0,19평(63.99)",
            "rank_history":[
                [
                    "202203",
                    33
                ],
                [
                    "202202",
                    48
                ],
                [
                    "202201",
                    38
                ]
            ],
            "rank_gap":15
        },
        {
            "index":235,
            "아파트명":"덕천삼정그린코아",
            "투자타입":"일반",
            "전용면적(m2)":"78.44",
            "전용면적(평)":"23평",
            "법정동주소":"부산시 북구 덕천동 373-1",
            "도로명주소":"부산시 북구 만덕대로155번길 15",
            "세대수":50,
            "입주년차":40,
            "용적률점수":"--",
            "건폐율점수":"--",
            "세대당주차수":30,
            "난방방식":30,
            "공급면적":"--",
            "전용률":"--",
            "욕실수":100,
            "현관타입":100,
            "주거총점":53.0,
            "지역구공급총점":100.0,
            "역세권":80,
            "30분내 이동가능 거점":40,
            "1시간내 이동가능 거점":100,
            "교통총점":72.0,
            "백화점":0,
            "아울렛몰":0,
            "대형마트":80,
            "은행":0,
            "병원":0,
            "종합병원":100,
            "공원":100,
            "혐오시설":0,
            "인프라총점":35.0,
            "초등학군":89.99,
            "중학군":37.86,
            "학군총점":48.286,
            "인구수":30.79,
            "인구증감":0.87,
            "인구총점":21.814,
            "일자리":8.32,
            "소득수준":51.28,
            "일자리총점":21.208,
            "가치 총점":49.0358,
            "매매실거래년":20220107.0,
            "매매실거래가":52000.0,
            "전세실거래년":20210911.0,
            "전세실거래가":27000.0,
            "전세가율":85.71,
            "장기전세가율평균":74.67,
            "전세가율거품지수":-11.04,
            "검색코드":24330,
            "세대수":560.0,
            "준공년월":"2007-12-24",
            "준공년차":16.0,
            "가까운역이름":"남산정",
            "가까운역거리":264.29,
            "역세권여부":"역세권",
            "30분이내주요거점역":2,
            "30분거점역이름":"['수영', '덕천']",
            "1시간이내주요거점역":14,
            "1시간거점역이름":"['자갈치', '남포', '부산', '범일', '서면', '부전', '온천장', '부산대', '장산', '센텀시티', '수영', '경성대·부경대', '사상', '덕천']",
            "3km이내백화점수":0,
            "5km이내아울렛몰수":0,
            "1km이내대형먀트수":1,
            "500m이내은행수":0,
            "500m이내병원수":0,
            "5km이내대형병원수":4,
            "500m이내공원수":2,
            "3km이내혐오시설수":0,
            "초등학교학업성취도":89.99,
            "중학교학업성취도":63.1,
            "용적률":387,
            "건폐율":41,
            "Y":35.213843,
            "X":129.020914,
            "rank":34.0,
            "area_info":"23평(78.44), 23평(78.54), 29평(98.39), 31평(104.58), 37평(123.28), 43평(143.61)",
            "last_sales":"2022-01-07,52000.0,37평(123.28)",
            "rank_history":[
                [
                    "202203",
                    34
                ],
                [
                    "202202",
                    30
                ],
                [
                    "202201",
                    33
                ]
            ],
            "rank_gap":-4
        },
        {
            "index":621,
            "아파트명":"화명현대",
            "투자타입":"일반",
            "전용면적(m2)":"121.81",
            "전용면적(평)":"36평",
            "법정동주소":"부산시 북구 화명동 733",
            "도로명주소":"부산시 북구 화명대로 87",
            "세대수":0,
            "입주년차":20,
            "용적률점수":"--",
            "건폐율점수":"--",
            "세대당주차수":60,
            "난방방식":30,
            "공급면적":"--",
            "전용률":"--",
            "욕실수":100,
            "현관타입":100,
            "주거총점":36.0,
            "지역구공급총점":100.0,
            "역세권":80,
            "30분내 이동가능 거점":40,
            "1시간내 이동가능 거점":100,
            "교통총점":72.0,
            "백화점":0,
            "아울렛몰":0,
            "대형마트":80,
            "은행":0,
            "병원":0,
            "종합병원":100,
            "공원":100,
            "혐오시설":0,
            "인프라총점":35.0,
            "초등학군":89.97,
            "중학군":55.06,
            "학군총점":62.042,
            "인구수":30.79,
            "인구증감":0.87,
            "인구총점":21.814,
            "일자리":8.32,
            "소득수준":51.28,
            "일자리총점":21.208,
            "가치 총점":48.9126,
            "매매실거래년":20220126.0,
            "매매실거래가":34000.0,
            "전세실거래년":20211209.0,
            "전세실거래가":22000.0,
            "전세가율":64.71,
            "장기전세가율평균":74.67,
            "전세가율거품지수":9.96,
            "검색코드":5538,
            "세대수":240.0,
            "준공년월":"1999-09-17",
            "준공년차":24.0,
            "가까운역이름":"화명",
            "가까운역거리":370.64,
            "역세권여부":"역세권",
            "30분이내주요거점역":2,
            "30분거점역이름":"['사상', '덕천']",
            "1시간이내주요거점역":11,
            "1시간거점역이름":"['남포', '부산', '범일', '서면', '부전', '온천장', '부산대', '수영', '경성대·부경대', '사상', '덕천']",
            "3km이내백화점수":0,
            "5km이내아울렛몰수":0,
            "1km이내대형먀트수":1,
            "500m이내은행수":1,
            "500m이내병원수":0,
            "5km이내대형병원수":2,
            "500m이내공원수":4,
            "3km이내혐오시설수":0,
            "초등학교학업성취도":89.97,
            "중학교학업성취도":89.7,
            "용적률":217,
            "건폐율":20,
            "Y":35.235088,
            "X":129.017851,
            "rank":35.0,
            "area_info":"36평(121.81), 47평(157.93)",
            "last_sales":"2022-01-26,34000.0,36평(121.81)",
            "rank_history":[
                [
                    "202203",
                    35
                ],
                [
                    "202202",
                    44
                ],
                [
                    "202201",
                    36
                ]
            ],
            "rank_gap":9
        },
        {
            "index":458,
            "아파트명":"경남아너스빌",
            "투자타입":"일반",
            "전용면적(m2)":"109.06",
            "전용면적(평)":"32평",
            "법정동주소":"부산시 북구 화명동 196",
            "도로명주소":"부산시 북구 대천천길 37",
            "세대수":50,
            "입주년차":0,
            "용적률점수":"--",
            "건폐율점수":"--",
            "세대당주차수":60,
            "난방방식":30,
            "공급면적":"--",
            "전용률":"--",
            "욕실수":100,
            "현관타입":100,
            "주거총점":49.5,
            "지역구공급총점":100.0,
            "역세권":50,
            "30분내 이동가능 거점":20,
            "1시간내 이동가능 거점":90,
            "교통총점":49.0,
            "백화점":0,
            "아울렛몰":0,
            "대형마트":80,
            "은행":0,
            "병원":0,
            "종합병원":100,
            "공원":100,
            "혐오시설":0,
            "인프라총점":35.0,
            "초등학군":90.09,
            "중학군":55.06,
            "학군총점":62.066,
            "인구수":30.79,
            "인구증감":0.87,
            "인구총점":21.814,
            "일자리":8.32,
            "소득수준":51.28,
            "일자리총점":21.208,
            "가치 총점":48.8448,
            "매매실거래년":20211225.0,
            "매매실거래가":41000.0,
            "전세실거래년":20211004.0,
            "전세실거래가":30000.0,
            "전세가율":73.17,
            "장기전세가율평균":74.67,
            "전세가율거품지수":1.5,
            "검색코드":5513,
            "세대수":570.0,
            "준공년월":"1998-12-24",
            "준공년차":25.0,
            "가까운역이름":"율리",
            "가까운역거리":627.95,
            "역세권여부":"준역세권",
            "30분이내주요거점역":1,
            "30분거점역이름":"['덕천']",
            "1시간이내주요거점역":9,
            "1시간거점역이름":"['부산', '범일', '서면', '온천장', '부산대', '수영', '경성대·부경대', '사상', '덕천']",
            "3km이내백화점수":0,
            "5km이내아울렛몰수":0,
            "1km이내대형먀트수":1,
            "500m이내은행수":0,
            "500m이내병원수":0,
            "5km이내대형병원수":2,
            "500m이내공원수":4,
            "3km이내혐오시설수":0,
            "초등학교학업성취도":90.09,
            "중학교학업성취도":89.7,
            "용적률":254,
            "건폐율":20,
            "Y":35.241312,
            "X":129.016215,
            "rank":36.0,
            "area_info":"32평(109.06), 37평(122.84), 48평(159.9), 56평(186.82)",
            "last_sales":"2021-12-25,41000.0,32평(109.06)",
            "rank_history":[
                [
                    "202203",
                    36
                ],
                [
                    "202202",
                    26
                ],
                [
                    "202201",
                    26
                ]
            ],
            "rank_gap":-10
        },
        {
            "index":137,
            "아파트명":"유림노르웨이숲",
            "투자타입":"일반",
            "전용면적(m2)":"78.96",
            "전용면적(평)":"23평",
            "법정동주소":"부산시 북구 구포동 1293",
            "도로명주소":"부산시 북구 낙동북로 737",
            "세대수":90,
            "입주년차":40,
            "용적률점수":"--",
            "건폐율점수":"--",
            "세대당주차수":30,
            "난방방식":30,
            "공급면적":"--",
            "전용률":"--",
            "욕실수":100,
            "현관타입":100,
            "주거총점":67.0,
            "지역구공급총점":100.0,
            "역세권":50,
            "30분내 이동가능 거점":40,
            "1시간내 이동가능 거점":100,
            "교통총점":57.0,
            "백화점":0,
            "아울렛몰":0,
            "대형마트":0,
            "은행":0,
            "병원":0,
            "종합병원":100,
            "공원":100,
            "혐오시설":0,
            "인프라총점":23.0,
            "초등학군":89.97,
            "중학군":46.32,
            "학군총점":55.05,
            "인구수":30.79,
            "인구증감":0.87,
            "인구총점":21.814,
            "일자리":8.32,
            "소득수준":51.28,
            "일자리총점":21.208,
            "가치 총점":48.715,
            "매매실거래년":20220219.0,
            "매매실거래가":16800.0,
            "전세실거래년":20220126.0,
            "전세실거래가":14000.0,
            "전세가율":83.33,
            "장기전세가율평균":74.67,
            "전세가율거품지수":-8.66,
            "검색코드":9777,
            "세대수":1176.0,
            "준공년월":"2005-06-15",
            "준공년차":18.0,
            "가까운역이름":"구남",
            "가까운역거리":699.11,
            "역세권여부":"준역세권",
            "30분이내주요거점역":2,
            "30분거점역이름":"['사상', '덕천']",
            "1시간이내주요거점역":14,
            "1시간거점역이름":"['하단', '자갈치', '남포', '부산', '범일', '서면', '부전', '온천장', '부산대', '센텀시티', '수영', '경성대·부경대', '사상', '덕천']",
            "3km이내백화점수":0,
            "5km이내아울렛몰수":0,
            "1km이내대형먀트수":0,
            "500m이내은행수":0,
            "500m이내병원수":0,
            "5km이내대형병원수":3,
            "500m이내공원수":2,
            "3km이내혐오시설수":0,
            "초등학교학업성취도":89.97,
            "중학교학업성취도":75.2,
            "용적률":223,
            "건폐율":21,
            "Y":35.195475,
            "X":129.002401,
            "rank":37.0,
            "area_info":"23평(78.96), 34평(113.17), 42평(141.21)",
            "last_sales":"2022-02-19,16800.0,23평(78.96)",
            "rank_history":[
                [
                    "202203",
                    37
                ],
                [
                    "202202",
                    32
                ],
                [
                    "202201",
                    27
                ]
            ],
            "rank_gap":-5
        },
        {
            "index":241,
            "아파트명":"덕천역이즈카운티",
            "투자타입":"일반",
            "전용면적(m2)":"86.51",
            "전용면적(평)":"26평",
            "법정동주소":"부산시 북구 덕천동 355-4",
            "도로명주소":"부산시 북구 금곡대로8번길 87",
            "세대수":0,
            "입주년차":100,
            "용적률점수":"--",
            "건폐율점수":"--",
            "세대당주차수":0,
            "난방방식":30,
            "공급면적":"--",
            "전용률":"--",
            "욕실수":100,
            "현관타입":100,
            "주거총점":43.0,
            "지역구공급총점":100.0,
            "역세권":80,
            "30분내 이동가능 거점":20,
            "1시간내 이동가능 거점":100,
            "교통총점":66.0,
            "백화점":0,
            "아울렛몰":0,
            "대형마트":80,
            "은행":100,
            "병원":0,
            "종합병원":100,
            "공원":100,
            "혐오시설":0,
            "인프라총점":45.0,
            "초등학군":89.96,
            "중학군":37.86,
            "학군총점":48.28,
            "인구수":30.79,
            "인구증감":0.87,
            "인구총점":21.814,
            "일자리":8.32,
            "소득수준":51.28,
            "일자리총점":21.208,
            "가치 총점":48.634,
            "매매실거래년":20210731.0,
            "매매실거래가":30700.0,
            "전세실거래년":20211217.0,
            "전세실거래가":22000.0,
            "전세가율":71.66,
            "장기전세가율평균":74.67,
            "전세가율거품지수":3.01,
            "검색코드":119970,
            "세대수":100.0,
            "준공년월":"2019-10-01",
            "준공년차":4.0,
            "가까운역이름":"숙등",
            "가까운역거리":303.56,
            "역세권여부":"역세권",
            "30분이내주요거점역":1,
            "30분거점역이름":"['덕천']",
            "1시간이내주요거점역":15,
            "1시간거점역이름":"['하단', '자갈치', '남포', '부산', '범일', '서면', '부전', '온천장', '부산대', '장산', '센텀시티', '수영', '경성대·부경대', '사상', '덕천']",
            "3km이내백화점수":0,
            "5km이내아울렛몰수":0,
            "1km이내대형먀트수":1,
            "500m이내은행수":5,
            "500m이내병원수":0,
            "5km이내대형병원수":2,
            "500m이내공원수":4,
            "3km이내혐오시설수":0,
            "초등학교학업성취도":89.96,
            "중학교학업성취도":63.1,
            "용적률":1094,
            "건폐율":77,
            "Y":35.21222,
            "X":129.009856,
            "rank":38.0,
            "area_info":"26평(86.51), 30평(101.49)",
            "last_sales":"2021-07-31,30700.0,26평(86.51)",
            "rank_history":[
                [
                    "202203",
                    38
                ],
                [
                    "202202",
                    28
                ],
                [
                    "202201",
                    40
                ]
            ],
            "rank_gap":-10
        },
        {
            "index":475,
            "아파트명":"대우푸르지오",
            "투자타입":"일반",
            "전용면적(m2)":"113.54",
            "전용면적(평)":"34평",
            "법정동주소":"부산시 북구 화명동 752",
            "도로명주소":"부산시 북구 화명대로 104",
            "세대수":30,
            "입주년차":20,
            "용적률점수":"--",
            "건폐율점수":"--",
            "세대당주차수":60,
            "난방방식":30,
            "공급면적":"--",
            "전용률":"--",
            "욕실수":100,
            "현관타입":100,
            "주거총점":46.5,
            "지역구공급총점":100.0,
            "역세권":50,
            "30분내 이동가능 거점":20,
            "1시간내 이동가능 거점":100,
            "교통총점":51.0,
            "백화점":0,
            "아울렛몰":0,
            "대형마트":80,
            "은행":0,
            "병원":0,
            "종합병원":100,
            "공원":100,
            "혐오시설":0,
            "인프라총점":35.0,
            "초등학군":90.02,
            "중학군":55.06,
            "학군총점":62.052,
            "인구수":30.79,
            "인구증감":0.87,
            "인구총점":21.814,
            "일자리":8.32,
            "소득수준":51.28,
            "일자리총점":21.208,
            "가치 총점":48.3906,
            "매매실거래년":20220128.0,
            "매매실거래가":29300.0,
            "전세실거래년":20220105.0,
            "전세실거래가":17000.0,
            "전세가율":48.57,
            "장기전세가율평균":74.67,
            "전세가율거품지수":26.1,
            "검색코드":5540,
            "세대수":316.0,
            "준공년월":"2000-03-25",
            "준공년차":23.0,
            "가까운역이름":"화명",
            "가까운역거리":504.21,
            "역세권여부":"준역세권",
            "30분이내주요거점역":1,
            "30분거점역이름":"['덕천']",
            "1시간이내주요거점역":10,
            "1시간거점역이름":"['부산', '범일', '서면', '부전', '온천장', '부산대', '수영', '경성대·부경대', '사상', '덕천']",
            "3km이내백화점수":0,
            "5km이내아울렛몰수":0,
            "1km이내대형먀트수":1,
            "500m이내은행수":0,
            "500m이내병원수":0,
            "5km이내대형병원수":2,
            "500m이내공원수":3,
            "3km이내혐오시설수":0,
            "초등학교학업성취도":90.02,
            "중학교학업성취도":89.7,
            "용적률":227,
            "건폐율":15,
            "Y":35.233952,
            "X":129.018936,
            "rank":39.0,
            "area_info":"34평(113.54), 37평(122.38), 50평(166.17)",
            "last_sales":"2022-01-28,29300.0,37평(122.38)",
            "rank_history":[
                [
                    "202203",
                    39
                ],
                [
                    "202202",
                    51
                ],
                [
                    "202201",
                    25
                ]
            ],
            "rank_gap":12
        },
        {
            "index":118,
            "아파트명":"신우드림빌(도시형)",
            "투자타입":"일반",
            "전용면적(m2)":"17.18",
            "전용면적(평)":"5평",
            "법정동주소":"부산시 북구 구포동 1060-390",
            "도로명주소":"부산시 북구 가람로 32-1",
            "세대수":0,
            "입주년차":80,
            "용적률점수":"--",
            "건폐율점수":"--",
            "세대당주차수":0,
            "난방방식":30,
            "공급면적":"--",
            "전용률":"--",
            "욕실수":50,
            "현관타입":100,
            "주거총점":34.0,
            "지역구공급총점":100.0,
            "역세권":80,
            "30분내 이동가능 거점":100,
            "1시간내 이동가능 거점":100,
            "교통총점":90.0,
            "백화점":0,
            "아울렛몰":0,
            "대형마트":80,
            "은행":0,
            "병원":0,
            "종합병원":100,
            "공원":80,
            "혐오시설":0,
            "인프라총점":34.4,
            "초등학군":90.06,
            "중학군":44.36,
            "학군총점":53.5,
            "인구수":30.79,
            "인구증감":0.87,
            "인구총점":21.814,
            "일자리":8.32,
            "소득수준":51.28,
            "일자리총점":21.208,
            "가치 총점":48.37,
            "매매실거래년":20151118.0,
            "매매실거래가":5000.0,
            "전세실거래년":20220105.0,
            "전세실거래가":4000.0,
            "전세가율":80.0,
            "장기전세가율평균":74.67,
            "전세가율거품지수":-5.33,
            "검색코드":125484,
            "세대수":56.0,
            "준공년월":"2014-08-07",
            "준공년차":9.0,
            "가까운역이름":"구포",
            "가까운역거리":224.87,
            "역세권여부":"역세권",
            "30분이내주요거점역":6,
            "30분거점역이름":"['자갈치', '남포', '부산', '서면', '사상', '덕천']",
            "1시간이내주요거점역":15,
            "1시간거점역이름":"['하단', '자갈치', '남포', '부산', '범일', '서면', '부전', '온천장', '부산대', '장산', '센텀시티', '수영', '경성대·부경대', '사상', '덕천']",
            "3km이내백화점수":0,
            "5km이내아울렛몰수":0,
            "1km이내대형먀트수":1,
            "500m이내은행수":1,
            "500m이내병원수":0,
            "5km이내대형병원수":2,
            "500m이내공원수":1,
            "3km이내혐오시설수":0,
            "초등학교학업성취도":90.06,
            "중학교학업성취도":72.6,
            "용적률":487,
            "건폐율":74,
            "Y":35.205002,
            "X":128.99783,
            "rank":40.0,
            "area_info":"5평(17.18), 7평(24.2), 7평(25.14)",
            "last_sales":"2015-11-18,5000.0,5평(17.18)",
            "rank_history":[
                [
                    "202203",
                    40
                ],
                [
                    "202202",
                    9999
                ]
            ],
            "rank_gap":9999
        },
        {
            "index":399,
            "아파트명":"만덕베르빌",
            "투자타입":"일반",
            "전용면적(m2)":"78.26",
            "전용면적(평)":"23평",
            "법정동주소":"부산시 북구 만덕동 823-8",
            "도로명주소":"부산시 북구 만덕1로 8",
            "세대수":50,
            "입주년차":20,
            "용적률점수":"--",
            "건폐율점수":"--",
            "세대당주차수":0,
            "난방방식":30,
            "공급면적":"--",
            "전용률":"--",
            "욕실수":50,
            "현관타입":100,
            "주거총점":39.5,
            "지역구공급총점":100.0,
            "역세권":80,
            "30분내 이동가능 거점":100,
            "1시간내 이동가능 거점":100,
            "교통총점":90.0,
            "백화점":0,
            "아울렛몰":0,
            "대형마트":80,
            "은행":0,
            "병원":0,
            "종합병원":100,
            "공원":100,
            "혐오시설":-50,
            "인프라총점":34.0,
            "초등학군":89.96,
            "중학군":38.58,
            "학군총점":48.856,
            "인구수":30.79,
            "인구증감":0.87,
            "인구총점":21.814,
            "일자리":8.32,
            "소득수준":51.28,
            "일자리총점":21.208,
            "가치 총점":48.2318,
            "매매실거래년":20220212.0,
            "매매실거래가":21000.0,
            "전세실거래년":20220208.0,
            "전세실거래가":16000.0,
            "전세가율":76.19,
            "장기전세가율평균":74.67,
            "전세가율거품지수":-1.52,
            "검색코드":10558,
            "세대수":430.0,
            "준공년월":"2001-07-31",
            "준공년차":22.0,
            "가까운역이름":"만덕",
            "가까운역거리":128.49,
            "역세권여부":"역세권",
            "30분이내주요거점역":5,
            "30분거점역이름":"['서면', '온천장', '수영', '사상', '덕천']",
            "1시간이내주요거점역":15,
            "1시간거점역이름":"['하단', '자갈치', '남포', '부산', '범일', '서면', '부전', '온천장', '부산대', '장산', '센텀시티', '수영', '경성대·부경대', '사상', '덕천']",
            "3km이내백화점수":0,
            "5km이내아울렛몰수":0,
            "1km이내대형먀트수":1,
            "500m이내은행수":0,
            "500m이내병원수":0,
            "5km이내대형병원수":5,
            "500m이내공원수":3,
            "3km이내혐오시설수":1,
            "초등학교학업성취도":89.96,
            "중학교학업성취도":63.7,
            "용적률":399,
            "건폐율":24,
            "Y":35.213522,
            "X":129.037539,
            "rank":41.0,
            "area_info":"23평(78.26), 31평(104.82), 31평(104.95), 31평(104.78)",
            "last_sales":"2022-02-12,21000.0,23평(78.26)",
            "rank_history":[
                [
                    "202203",
                    41
                ],
                [
                    "202202",
                    53
                ],
                [
                    "202201",
                    62
                ]
            ],
            "rank_gap":12
        },
        {
            "index":53,
            "아파트명":"구포윤창비에이치타운",
            "투자타입":"일반",
            "전용면적(m2)":"87.23",
            "전용면적(평)":"26평",
            "법정동주소":"부산시 북구 구포동 452",
            "도로명주소":"부산시 북구 낙동대로1762번가길 20",
            "세대수":0,
            "입주년차":80,
            "용적률점수":"--",
            "건폐율점수":"--",
            "세대당주차수":30,
            "난방방식":30,
            "공급면적":"--",
            "전용률":"--",
            "욕실수":100,
            "현관타입":100,
            "주거총점":43.5,
            "지역구공급총점":100.0,
            "역세권":80,
            "30분내 이동가능 거점":60,
            "1시간내 이동가능 거점":100,
            "교통총점":78.0,
            "백화점":0,
            "아울렛몰":0,
            "대형마트":80,
            "은행":0,
            "병원":0,
            "종합병원":100,
            "공원":0,
            "혐오시설":0,
            "인프라총점":32.0,
            "초등학군":90.06,
            "중학군":44.36,
            "학군총점":53.5,
            "인구수":30.79,
            "인구증감":0.87,
            "인구총점":21.814,
            "일자리":8.32,
            "소득수준":51.28,
            "일자리총점":21.208,
            "가치 총점":48.225,
            "매매실거래년":20220124.0,
            "매매실거래가":22500.0,
            "전세실거래년":20220213.0,
            "전세실거래가":21000.0,
            "전세가율":95.45,
            "장기전세가율평균":74.67,
            "전세가율거품지수":-20.78,
            "검색코드":115219,
            "세대수":156.0,
            "준공년월":"2018-12-28",
            "준공년차":5.0,
            "가까운역이름":"구포",
            "가까운역거리":467.22,
            "역세권여부":"역세권",
            "30분이내주요거점역":3,
            "30분거점역이름":"['부산', '사상', '덕천']",
            "1시간이내주요거점역":15,
            "1시간거점역이름":"['하단', '자갈치', '남포', '부산', '범일', '서면', '부전', '온천장', '부산대', '장산', '센텀시티', '수영', '경성대·부경대', '사상', '덕천']",
            "3km이내백화점수":0,
            "5km이내아울렛몰수":0,
            "1km이내대형먀트수":1,
            "500m이내은행수":1,
            "500m이내병원수":0,
            "5km이내대형병원수":2,
            "500m이내공원수":0,
            "3km이내혐오시설수":0,
            "초등학교학업성취도":90.06,
            "중학교학업성취도":72.6,
            "용적률":678,
            "건폐율":63,
            "Y":35.207639,
            "X":129.001331,
            "rank":42.0,
            "area_info":"26평(87.23), 26평(88.67), 26평(88.8)",
            "last_sales":"2022-01-24,22500.0,26평(88.67)",
            "rank_history":[
                [
                    "202203",
                    42
                ],
                [
                    "202202",
                    40
                ],
                [
                    "202201",
                    53
                ]
            ],
            "rank_gap":-2
        },
        {
            "index":603,
            "아파트명":"화명유림",
            "투자타입":"일반",
            "전용면적(m2)":"85.01",
            "전용면적(평)":"25평",
            "법정동주소":"부산시 북구 화명동 749",
            "도로명주소":"부산시 북구 화명대로 110",
            "세대수":50,
            "입주년차":20,
            "용적률점수":"--",
            "건폐율점수":"--",
            "세대당주차수":0,
            "난방방식":30,
            "공급면적":"--",
            "전용률":"--",
            "욕실수":100,
            "현관타입":100,
            "주거총점":44.5,
            "지역구공급총점":100.0,
            "역세권":50,
            "30분내 이동가능 거점":20,
            "1시간내 이동가능 거점":100,
            "교통총점":51.0,
            "백화점":0,
            "아울렛몰":0,
            "대형마트":80,
            "은행":0,
            "병원":0,
            "종합병원":100,
            "공원":100,
            "혐오시설":0,
            "인프라총점":35.0,
            "초등학군":89.97,
            "중학군":55.06,
            "학군총점":62.042,
            "인구수":30.79,
            "인구증감":0.87,
            "인구총점":21.814,
            "일자리":8.32,
            "소득수준":51.28,
            "일자리총점":21.208,
            "가치 총점":47.8876,
            "매매실거래년":20211105.0,
            "매매실거래가":19300.0,
            "전세실거래년":20220210.0,
            "전세실거래가":14700.0,
            "전세가율":76.17,
            "장기전세가율평균":74.67,
            "전세가율거품지수":-1.5,
            "검색코드":5528,
            "세대수":506.0,
            "준공년월":"2000-03-30",
            "준공년차":23.0,
            "가까운역이름":"화명",
            "가까운역거리":661.25,
            "역세권여부":"준역세권",
            "30분이내주요거점역":1,
            "30분거점역이름":"['덕천']",
            "1시간이내주요거점역":10,
            "1시간거점역이름":"['부산', '범일', '서면', '부전', '온천장', '부산대', '수영', '경성대·부경대', '사상', '덕천']",
            "3km이내백화점수":0,
            "5km이내아울렛몰수":0,
            "1km이내대형먀트수":1,
            "500m이내은행수":0,
            "500m이내병원수":0,
            "5km이내대형병원수":2,
            "500m이내공원수":2,
            "3km이내혐오시설수":0,
            "초등학교학업성취도":89.97,
            "중학교학업성취도":89.7,
            "용적률":270,
            "건폐율":22,
            "Y":35.234763,
            "X":129.021033,
            "rank":43.0,
            "area_info":"25평(85.01)",
            "last_sales":"2021-11-05,19300.0,25평(85.01)",
            "rank_history":[
                [
                    "202203",
                    43
                ],
                [
                    "202202",
                    56
                ],
                [
                    "202201",
                    37
                ]
            ],
            "rank_gap":13
        },
        {
            "index":434,
            "아파트명":"신만덕쌍용예가",
            "투자타입":"일반",
            "전용면적(m2)":"79.38",
            "전용면적(평)":"24평",
            "법정동주소":"부산시 북구 만덕동 953",
            "도로명주소":"부산시 북구 만덕3로 49",
            "세대수":50,
            "입주년차":40,
            "용적률점수":"--",
            "건폐율점수":"--",
            "세대당주차수":30,
            "난방방식":30,
            "공급면적":"--",
            "전용률":"--",
            "욕실수":100,
            "현관타입":100,
            "주거총점":53.0,
            "지역구공급총점":100.0,
            "역세권":50,
            "30분내 이동가능 거점":20,
            "1시간내 이동가능 거점":100,
            "교통총점":51.0,
            "백화점":0,
            "아울렛몰":0,
            "대형마트":100,
            "은행":20,
            "병원":0,
            "종합병원":100,
            "공원":100,
            "혐오시설":0,
            "인프라총점":40.0,
            "초등학군":89.96,
            "중학군":38.58,
            "학군총점":48.856,
            "인구수":30.79,
            "인구증감":0.87,
            "인구총점":21.814,
            "일자리":8.32,
            "소득수준":51.28,
            "일자리총점":21.208,
            "가치 총점":47.5568,
            "매매실거래년":20220212.0,
            "매매실거래가":34000.0,
            "전세실거래년":20210809.0,
            "전세실거래가":23000.0,
            "전세가율":67.65,
            "장기전세가율평균":74.67,
            "전세가율거품지수":7.02,
            "검색코드":10849,
            "세대수":600.0,
            "준공년월":"2005-06-29",
            "준공년차":18.0,
            "가까운역이름":"만덕",
            "가까운역거리":573.43,
            "역세권여부":"준역세권",
            "30분이내주요거점역":1,
            "30분거점역이름":"['덕천']",
            "1시간이내주요거점역":14,
            "1시간거점역이름":"['자갈치', '남포', '부산', '범일', '서면', '부전', '온천장', '부산대', '장산', '센텀시티', '수영', '경성대·부경대', '사상', '덕천']",
            "3km이내백화점수":0,
            "5km이내아울렛몰수":0,
            "1km이내대형먀트수":2,
            "500m이내은행수":2,
            "500m이내병원수":0,
            "5km이내대형병원수":5,
            "500m이내공원수":4,
            "3km이내혐오시설수":0,
            "초등학교학업성취도":89.96,
            "중학교학업성취도":63.7,
            "용적률":349,
            "건폐율":18,
            "Y":35.212243,
            "X":129.030032,
            "rank":44.0,
            "area_info":"24평(79.38), 34평(113.07), 38평(127.46)",
            "last_sales":"2022-02-12,34000.0,24평(79.38)",
            "rank_history":[
                [
                    "202203",
                    44
                ],
                [
                    "202202",
                    33
                ],
                [
                    "202201",
                    28
                ]
            ],
            "rank_gap":-11
        },
        {
            "index":398,
            "아파트명":"만덕럭키2차",
            "투자타입":"재건축",
            "전용면적(m2)":"102.94",
            "전용면적(평)":"31평",
            "법정동주소":"부산시 북구 만덕동 911-3",
            "도로명주소":"부산시 북구 덕천로234번길 34",
            "세대수":80,
            "입주년차":"--",
            "용적률점수":0,
            "건폐율점수":100,
            "세대당주차수":"--",
            "난방방식":"--",
            "공급면적":90,
            "전용률":80,
            "욕실수":"--",
            "현관타입":"--",
            "주거총점":52.5,
            "지역구공급총점":100.0,
            "역세권":50,
            "30분내 이동가능 거점":20,
            "1시간내 이동가능 거점":100,
            "교통총점":51.0,
            "백화점":0,
            "아울렛몰":0,
            "대형마트":100,
            "은행":20,
            "병원":0,
            "종합병원":100,
            "공원":100,
            "혐오시설":0,
            "인프라총점":40.0,
            "초등학군":90.01,
            "중학군":38.58,
            "학군총점":48.866,
            "인구수":30.79,
            "인구증감":0.87,
            "인구총점":21.814,
            "일자리":8.32,
            "소득수준":51.28,
            "일자리총점":21.208,
            "가치 총점":47.4348,
            "매매실거래년":20211227.0,
            "매매실거래가":28000.0,
            "전세실거래년":20220212.0,
            "전세실거래가":12600.0,
            "전세가율":45.0,
            "장기전세가율평균":74.67,
            "전세가율거품지수":29.67,
            "검색코드":5478,
            "세대수":714.0,
            "준공년월":"1992-07-07",
            "준공년차":31.0,
            "가까운역이름":"남산정",
            "가까운역거리":503.83,
            "역세권여부":"준역세권",
            "30분이내주요거점역":1,
            "30분거점역이름":"['덕천']",
            "1시간이내주요거점역":14,
            "1시간거점역이름":"['자갈치', '남포', '부산', '범일', '서면', '부전', '온천장', '부산대', '장산', '센텀시티', '수영', '경성대·부경대', '사상', '덕천']",
            "3km이내백화점수":0,
            "5km이내아울렛몰수":0,
            "1km이내대형먀트수":2,
            "500m이내은행수":2,
            "500m이내병원수":0,
            "5km이내대형병원수":5,
            "500m이내공원수":3,
            "3km이내혐오시설수":0,
            "초등학교학업성취도":90.01,
            "중학교학업성취도":63.7,
            "용적률":268,
            "건폐율":19,
            "Y":35.210225,
            "X":129.027799,
            "rank":45.0,
            "area_info":"31평(102.94)",
            "last_sales":"2021-12-27,28000.0,31평(102.94)",
            "rank_history":[
                [
                    "202203",
                    45
                ],
                [
                    "202202",
                    35
                ],
                [
                    "202201",
                    29
                ]
            ],
            "rank_gap":-10
        },
        {
            "index":528,
            "아파트명":"수정강변타운",
            "투자타입":"일반",
            "전용면적(m2)":"67.69",
            "전용면적(평)":"20평",
            "법정동주소":"부산시 북구 화명동 2322",
            "도로명주소":"부산시 북구 학사로17번길 31",
            "세대수":100,
            "입주년차":20,
            "용적률점수":"--",
            "건폐율점수":"--",
            "세대당주차수":0,
            "난방방식":30,
            "공급면적":"--",
            "전용률":"--",
            "욕실수":50,
            "현관타입":10,
            "주거총점":48.0,
            "지역구공급총점":100.0,
            "역세권":80,
            "30분내 이동가능 거점":40,
            "1시간내 이동가능 거점":100,
            "교통총점":72.0,
            "백화점":0,
            "아울렛몰":0,
            "대형마트":0,
            "은행":0,
            "병원":0,
            "종합병원":100,
            "공원":100,
            "혐오시설":0,
            "인프라총점":23.0,
            "초등학군":90.0,
            "중학군":51.36,
            "학군총점":59.088,
            "인구수":30.79,
            "인구증감":0.87,
            "인구총점":21.814,
            "일자리":8.32,
            "소득수준":51.28,
            "일자리총점":21.208,
            "가치 총점":47.4264,
            "매매실거래년":20220210.0,
            "매매실거래가":22900.0,
            "전세실거래년":20220223.0,
            "전세실거래가":16500.0,
            "전세가율":72.05,
            "장기전세가율평균":74.67,
            "전세가율거품지수":2.62,
            "검색코드":10430,
            "세대수":1780.0,
            "준공년월":"2001-08-04",
            "준공년차":22.0,
            "가까운역이름":"덕천",
            "가까운역거리":250.56,
            "역세권여부":"역세권",
            "30분이내주요거점역":2,
            "30분거점역이름":"['사상', '덕천']",
            "1시간이내주요거점역":12,
            "1시간거점역이름":"['하단', '남포', '부산', '범일', '서면', '부전', '온천장', '부산대', '수영', '경성대·부경대', '사상', '덕천']",
            "3km이내백화점수":0,
            "5km이내아울렛몰수":0,
            "1km이내대형먀트수":0,
            "500m이내은행수":0,
            "500m이내병원수":0,
            "5km이내대형병원수":2,
            "500m이내공원수":2,
            "3km이내혐오시설수":0,
            "초등학교학업성취도":90.0,
            "중학교학업성취도":84.6,
            "용적률":251,
            "건폐율":16,
            "Y":35.221957,
            "X":129.006791,
            "rank":46.0,
            "area_info":"20평(67.69), 24평(80.71), 24평(80.94), 34평(114.6)",
            "last_sales":"2022-02-10,22900.0,20평(67.69)",
            "rank_history":[
                [
                    "202203",
                    46
                ],
                [
                    "202202",
                    38
                ],
                [
                    "202201",
                    42
                ]
            ],
            "rank_gap":-8
        },
        {
            "index":243,
            "아파트명":"덕천역이즈카운티(도시형)",
            "투자타입":"일반",
            "전용면적(m2)":"69.52",
            "전용면적(평)":"21평",
            "법정동주소":"부산시 북구 덕천동 355-4",
            "도로명주소":"부산시 북구 금곡대로8번길 87",
            "세대수":0,
            "입주년차":100,
            "용적률점수":"--",
            "건폐율점수":"--",
            "세대당주차수":0,
            "난방방식":30,
            "공급면적":"--",
            "전용률":"--",
            "욕실수":50,
            "현관타입":100,
            "주거총점":38.0,
            "지역구공급총점":100.0,
            "역세권":80,
            "30분내 이동가능 거점":20,
            "1시간내 이동가능 거점":100,
            "교통총점":66.0,
            "백화점":0,
            "아울렛몰":0,
            "대형마트":80,
            "은행":100,
            "병원":0,
            "종합병원":100,
            "공원":100,
            "혐오시설":0,
            "인프라총점":45.0,
            "초등학군":89.96,
            "중학군":37.86,
            "학군총점":48.28,
            "인구수":30.79,
            "인구증감":0.87,
            "인구총점":21.814,
            "일자리":8.32,
            "소득수준":51.28,
            "일자리총점":21.208,
            "가치 총점":47.384,
            "매매실거래년":20200130.0,
            "매매실거래가":23670.0,
            "전세실거래년":null,
            "전세실거래가":null,
            "전세가율":null,
            "장기전세가율평균":74.67,
            "전세가율거품지수":null,
            "검색코드":123806,
            "세대수":150.0,
            "준공년월":"2019-10-29",
            "준공년차":4.0,
            "가까운역이름":"숙등",
            "가까운역거리":303.25,
            "역세권여부":"역세권",
            "30분이내주요거점역":1,
            "30분거점역이름":"['덕천']",
            "1시간이내주요거점역":15,
            "1시간거점역이름":"['하단', '자갈치', '남포', '부산', '범일', '서면', '부전', '온천장', '부산대', '장산', '센텀시티', '수영', '경성대·부경대', '사상', '덕천']",
            "3km이내백화점수":0,
            "5km이내아울렛몰수":0,
            "1km이내대형먀트수":1,
            "500m이내은행수":5,
            "500m이내병원수":0,
            "5km이내대형병원수":2,
            "500m이내공원수":4,
            "3km이내혐오시설수":0,
            "초등학교학업성취도":89.96,
            "중학교학업성취도":63.1,
            "용적률":1094,
            "건폐율":77,
            "Y":35.212214,
            "X":129.009859,
            "rank":47.0,
            "area_info":"21평(69.52), 21평(69.45), 21평(70.42), 21평(70.7), 21평(70.7)",
            "last_sales":"2020-01-30,23670.0,21평(70.7)",
            "rank_history":[
                [
                    "202203",
                    47
                ],
                [
                    "202202",
                    34
                ],
                [
                    "202201",
                    43
                ]
            ],
            "rank_gap":-13
        },
        {
            "index":20,
            "아파트명":"구포봄여름가을겨울",
            "투자타입":"일반",
            "전용면적(m2)":"70.6",
            "전용면적(평)":"21평",
            "법정동주소":"부산시 북구 구포동 394",
            "도로명주소":"부산시 북구 낙동대로1762번길 50",
            "세대수":0,
            "입주년차":80,
            "용적률점수":"--",
            "건폐율점수":"--",
            "세대당주차수":30,
            "난방방식":30,
            "공급면적":"--",
            "전용률":"--",
            "욕실수":50,
            "현관타입":100,
            "주거총점":38.5,
            "지역구공급총점":100.0,
            "역세권":80,
            "30분내 이동가능 거점":60,
            "1시간내 이동가능 거점":100,
            "교통총점":78.0,
            "백화점":0,
            "아울렛몰":0,
            "대형마트":80,
            "은행":0,
            "병원":0,
            "종합병원":100,
            "공원":0,
            "혐오시설":0,
            "인프라총점":32.0,
            "초등학군":90.06,
            "중학군":44.36,
            "학군총점":53.5,
            "인구수":30.79,
            "인구증감":0.87,
            "인구총점":21.814,
            "일자리":8.32,
            "소득수준":51.28,
            "일자리총점":21.208,
            "가치 총점":46.975,
            "매매실거래년":20220117.0,
            "매매실거래가":19000.0,
            "전세실거래년":20210821.0,
            "전세실거래가":18000.0,
            "전세가율":94.74,
            "장기전세가율평균":74.67,
            "전세가율거품지수":-20.07,
            "검색코드":110067,
            "세대수":203.0,
            "준공년월":"2017-01-24",
            "준공년차":6.0,
            "가까운역이름":"구포",
            "가까운역거리":357.59,
            "역세권여부":"역세권",
            "30분이내주요거점역":3,
            "30분거점역이름":"['부산', '사상', '덕천']",
            "1시간이내주요거점역":15,
            "1시간거점역이름":"['하단', '자갈치', '남포', '부산', '범일', '서면', '부전', '온천장', '부산대', '장산', '센텀시티', '수영', '경성대·부경대', '사상', '덕천']",
            "3km이내백화점수":0,
            "5km이내아울렛몰수":0,
            "1km이내대형먀트수":1,
            "500m이내은행수":1,
            "500m이내병원수":0,
            "5km이내대형병원수":2,
            "500m이내공원수":0,
            "3km이내혐오시설수":0,
            "초등학교학업성취도":90.06,
            "중학교학업성취도":72.6,
            "용적률":722,
            "건폐율":54,
            "Y":35.207296,
            "X":129.00019,
            "rank":48.0,
            "area_info":"21평(70.6), 21평(70.6), 21평(70.6), 26평(88.04), 26평(88.04), 26평(88.04), 26평(88.04), 26평(88.04), 26평(88.04), 26평(88.04), 26평(88.04), 26평(88.04), 26평(88.04), 26평(88.04), 26평(88.04)",
            "last_sales":"2022-01-17,19000.0,21평(70.6)",
            "rank_history":[
                [
                    "202203",
                    48
                ],
                [
                    "202202",
                    47
                ],
                [
                    "202201",
                    63
                ]
            ],
            "rank_gap":-1
        },
        {
            "index":537,
            "아파트명":"엘가(도시형)",
            "투자타입":"일반",
            "전용면적(m2)":"36.42",
            "전용면적(평)":"11평",
            "법정동주소":"부산시 북구 화명동 2274-4",
            "도로명주소":"부산시 북구 금곡대로285번길 94",
            "세대수":0,
            "입주년차":80,
            "용적률점수":"--",
            "건폐율점수":"--",
            "세대당주차수":0,
            "난방방식":30,
            "공급면적":"--",
            "전용률":"--",
            "욕실수":50,
            "현관타입":10,
            "주거총점":25.0,
            "지역구공급총점":100.0,
            "역세권":50,
            "30분내 이동가능 거점":40,
            "1시간내 이동가능 거점":100,
            "교통총점":57.0,
            "백화점":0,
            "아울렛몰":0,
            "대형마트":80,
            "은행":100,
            "병원":0,
            "종합병원":100,
            "공원":100,
            "혐오시설":0,
            "인프라총점":45.0,
            "초등학군":90.0,
            "중학군":54.6,
            "학군총점":61.68,
            "인구수":30.79,
            "인구증감":0.87,
            "인구총점":21.814,
            "일자리":8.32,
            "소득수준":51.28,
            "일자리총점":21.208,
            "가치 총점":46.804,
            "매매실거래년":20181201.0,
            "매매실거래가":19200.0,
            "전세실거래년":null,
            "전세실거래가":null,
            "전세가율":null,
            "장기전세가율평균":74.67,
            "전세가율거품지수":null,
            "검색코드":109863,
            "세대수":94.0,
            "준공년월":"2014-04-24",
            "준공년차":9.0,
            "가까운역이름":"화명",
            "가까운역거리":500.59,
            "역세권여부":"준역세권",
            "30분이내주요거점역":2,
            "30분거점역이름":"['부산', '덕천']",
            "1시간이내주요거점역":12,
            "1시간거점역이름":"['자갈치', '남포', '부산', '범일', '서면', '부전', '온천장', '부산대', '수영', '경성대·부경대', '사상', '덕천']",
            "3km이내백화점수":0,
            "5km이내아울렛몰수":0,
            "1km이내대형먀트수":1,
            "500m이내은행수":7,
            "500m이내병원수":0,
            "5km이내대형병원수":2,
            "500m이내공원수":4,
            "3km이내혐오시설수":0,
            "초등학교학업성취도":90.0,
            "중학교학업성취도":88.2,
            "용적률":904,
            "건폐율":72,
            "Y":35.234688,
            "X":129.008519,
            "rank":49.0,
            "area_info":"11평(36.42), 12평(41.68), 14평(46.48), 14평(49.37), 15평(51.88), 16평(53.87), 16평(54.92), 18평(61.9), 20평(69.09)",
            "last_sales":"2018-12-01,19200.0,18평(61.9)",
            "rank_history":[
                [
                    "202203",
                    49
                ],
                [
                    "202202",
                    9999
                ]
            ],
            "rank_gap":9999
        },
        {
            "index":370,
            "아파트명":"동원",
            "투자타입":"재건축",
            "전용면적(m2)":"73.97",
            "전용면적(평)":"22평",
            "법정동주소":"부산시 북구 만덕동 925-1",
            "도로명주소":"부산시 북구 덕천로234번길 7",
            "세대수":90,
            "입주년차":"--",
            "용적률점수":0,
            "건폐율점수":80,
            "세대당주차수":"--",
            "난방방식":"--",
            "공급면적":50,
            "전용률":80,
            "욕실수":"--",
            "현관타입":"--",
            "주거총점":49.5,
            "지역구공급총점":100.0,
            "역세권":50,
            "30분내 이동가능 거점":20,
            "1시간내 이동가능 거점":100,
            "교통총점":51.0,
            "백화점":0,
            "아울렛몰":0,
            "대형마트":100,
            "은행":20,
            "병원":0,
            "종합병원":100,
            "공원":100,
            "혐오시설":0,
            "인프라총점":40.0,
            "초등학군":89.96,
            "중학군":38.58,
            "학군총점":48.856,
            "인구수":30.79,
            "인구증감":0.87,
            "인구총점":21.814,
            "일자리":8.32,
            "소득수준":51.28,
            "일자리총점":21.208,
            "가치 총점":46.6818,
            "매매실거래년":20211220.0,
            "매매실거래가":17800.0,
            "전세실거래년":20220223.0,
            "전세실거래가":16000.0,
            "전세가율":89.89,
            "장기전세가율평균":74.67,
            "전세가율거품지수":-15.22,
            "검색코드":5507,
            "세대수":988.0,
            "준공년월":"1992-12-23",
            "준공년차":31.0,
            "가까운역이름":"만덕",
            "가까운역거리":641.95,
            "역세권여부":"준역세권",
            "30분이내주요거점역":1,
            "30분거점역이름":"['덕천']",
            "1시간이내주요거점역":14,
            "1시간거점역이름":"['자갈치', '남포', '부산', '범일', '서면', '부전', '온천장', '부산대', '장산', '센텀시티', '수영', '경성대·부경대', '사상', '덕천']",
            "3km이내백화점수":0,
            "5km이내아울렛몰수":0,
            "1km이내대형먀트수":2,
            "500m이내은행수":2,
            "500m이내병원수":0,
            "5km이내대형병원수":5,
            "500m이내공원수":3,
            "3km이내혐오시설수":0,
            "초등학교학업성취도":89.96,
            "중학교학업성취도":63.7,
            "용적률":304,
            "건폐율":29,
            "Y":35.20967,
            "X":129.030506,
            "rank":50.0,
            "area_info":"22평(73.97), 28평(94.2), 30평(101.88)",
            "last_sales":"2021-12-20,17800.0,22평(73.97)",
            "rank_history":[
                [
                    "202203",
                    50
                ],
                [
                    "202202",
                    39
                ],
                [
                    "202201",
                    34
                ]
            ],
            "rank_gap":-11
        },
        {
            "index":3,
            "아파트명":"경일",
            "투자타입":"일반",
            "전용면적(m2)":"98.41",
            "전용면적(평)":"29평",
            "법정동주소":"부산시 북구 구포동 1060-205",
            "도로명주소":"부산시 북구 가람로 28",
            "세대수":0,
            "입주년차":20,
            "용적률점수":"--",
            "건폐율점수":"--",
            "세대당주차수":0,
            "난방방식":30,
            "공급면적":"--",
            "전용률":"--",
            "욕실수":100,
            "현관타입":100,
            "주거총점":27.0,
            "지역구공급총점":100.0,
            "역세권":80,
            "30분내 이동가능 거점":100,
            "1시간내 이동가능 거점":100,
            "교통총점":90.0,
            "백화점":0,
            "아울렛몰":0,
            "대형마트":80,
            "은행":0,
            "병원":0,
            "종합병원":100,
            "공원":80,
            "혐오시설":0,
            "인프라총점":34.4,
            "초등학군":90.06,
            "중학군":44.36,
            "학군총점":53.5,
            "인구수":30.79,
            "인구증감":0.87,
            "인구총점":21.814,
            "일자리":8.32,
            "소득수준":51.28,
            "일자리총점":21.208,
            "가치 총점":46.62,
            "매매실거래년":20210503.0,
            "매매실거래가":18000.0,
            "전세실거래년":20190909.0,
            "전세실거래가":14000.0,
            "전세가율":77.78,
            "장기전세가율평균":74.67,
            "전세가율거품지수":-3.11,
            "검색코드":13248,
            "세대수":78.0,
            "준공년월":"2003-03-04",
            "준공년차":20.0,
            "가까운역이름":"구포",
            "가까운역거리":240.36,
            "역세권여부":"역세권",
            "30분이내주요거점역":6,
            "30분거점역이름":"['자갈치', '남포', '부산', '서면', '사상', '덕천']",
            "1시간이내주요거점역":15,
            "1시간거점역이름":"['하단', '자갈치', '남포', '부산', '범일', '서면', '부전', '온천장', '부산대', '장산', '센텀시티', '수영', '경성대·부경대', '사상', '덕천']",
            "3km이내백화점수":0,
            "5km이내아울렛몰수":0,
            "1km이내대형먀트수":1,
            "500m이내은행수":1,
            "500m이내병원수":0,
            "5km이내대형병원수":2,
            "500m이내공원수":1,
            "3km이내혐오시설수":0,
            "초등학교학업성취도":90.06,
            "중학교학업성취도":72.6,
            "용적률":465,
            "건폐율":38,
            "Y":35.204664,
            "X":128.997473,
            "rank":51.0,
            "area_info":"29평(98.41), 29평(98.42)",
            "last_sales":"2021-05-03,18000.0,29평(98.41)",
            "rank_history":[
                [
                    "202203",
                    51
                ],
                [
                    "202202",
                    9999
                ]
            ],
            "rank_gap":9999
        },
        {
            "index":133,
            "아파트명":"용진힐타운",
            "투자타입":"일반",
            "전용면적(m2)":"106.33",
            "전용면적(평)":"32평",
            "법정동주소":"부산시 북구 구포동 1060-140",
            "도로명주소":"부산시 북구 가람로48번길 14",
            "세대수":0,
            "입주년차":60,
            "용적률점수":"--",
            "건폐율점수":"--",
            "세대당주차수":30,
            "난방방식":30,
            "공급면적":"--",
            "전용률":"--",
            "욕실수":100,
            "현관타입":10,
            "주거총점":30.5,
            "지역구공급총점":100.0,
            "역세권":80,
            "30분내 이동가능 거점":80,
            "1시간내 이동가능 거점":100,
            "교통총점":84.0,
            "백화점":0,
            "아울렛몰":0,
            "대형마트":80,
            "은행":0,
            "병원":0,
            "종합병원":100,
            "공원":80,
            "혐오시설":0,
            "인프라총점":34.4,
            "초등학군":90.06,
            "중학군":44.36,
            "학군총점":53.5,
            "인구수":30.79,
            "인구증감":0.87,
            "인구총점":21.814,
            "일자리":8.32,
            "소득수준":51.28,
            "일자리총점":21.208,
            "가치 총점":46.595,
            "매매실거래년":20220129.0,
            "매매실거래가":21000.0,
            "전세실거래년":20210521.0,
            "전세실거래가":15500.0,
            "전세가율":78.28,
            "장기전세가율평균":74.67,
            "전세가율거품지수":-3.61,
            "검색코드":104118,
            "세대수":56.0,
            "준공년월":"2011-07-21",
            "준공년차":12.0,
            "가까운역이름":"구포",
            "가까운역거리":213.57,
            "역세권여부":"역세권",
            "30분이내주요거점역":4,
            "30분거점역이름":"['자갈치', '남포', '부산', '덕천']",
            "1시간이내주요거점역":15,
            "1시간거점역이름":"['하단', '자갈치', '남포', '부산', '범일', '서면', '부전', '온천장', '부산대', '장산', '센텀시티', '수영', '경성대·부경대', '사상', '덕천']",
            "3km이내백화점수":0,
            "5km이내아울렛몰수":0,
            "1km이내대형먀트수":1,
            "500m이내은행수":1,
            "500m이내병원수":0,
            "5km이내대형병원수":2,
            "500m이내공원수":1,
            "3km이내혐오시설수":0,
            "초등학교학업성취도":90.06,
            "중학교학업성취도":72.6,
            "용적률":672,
            "건폐율":58,
            "Y":35.205873,
            "X":128.998509,
            "rank":52.0,
            "area_info":"32평(106.33), 32평(106.57), 32평(106.66), 32평(106.69)",
            "last_sales":"2022-01-29,21000.0,32평(106.69)",
            "rank_history":[
                [
                    "202203",
                    52
                ],
                [
                    "202202",
                    9999
                ]
            ],
            "rank_gap":9999
        },
        {
            "index":431,
            "아파트명":"상록한신휴플러스",
            "투자타입":"일반",
            "전용면적(m2)":"77.25",
            "전용면적(평)":"23평",
            "법정동주소":"부산시 북구 만덕동 943-1",
            "도로명주소":"부산시 북구 함박봉로140번길 16",
            "세대수":80,
            "입주년차":40,
            "용적률점수":"--",
            "건폐율점수":"--",
            "세대당주차수":0,
            "난방방식":30,
            "공급면적":"--",
            "전용률":"--",
            "욕실수":100,
            "현관타입":100,
            "주거총점":59.0,
            "지역구공급총점":100.0,
            "역세권":50,
            "30분내 이동가능 거점":20,
            "1시간내 이동가능 거점":100,
            "교통총점":51.0,
            "백화점":0,
            "아울렛몰":0,
            "대형마트":0,
            "은행":0,
            "병원":0,
            "종합병원":100,
            "공원":100,
            "혐오시설":0,
            "인프라총점":23.0,
            "초등학군":89.99,
            "중학군":49.52,
            "학군총점":57.614,
            "인구수":30.79,
            "인구증감":0.87,
            "인구총점":21.814,
            "일자리":8.32,
            "소득수준":51.28,
            "일자리총점":21.208,
            "가치 총점":46.5842,
            "매매실거래년":20211216.0,
            "매매실거래가":33200.0,
            "전세실거래년":20201128.0,
            "전세실거래가":16000.0,
            "전세가율":100.63,
            "장기전세가율평균":74.67,
            "전세가율거품지수":-25.96,
            "검색코드":23966,
            "세대수":882.0,
            "준공년월":"2006-03-31",
            "준공년차":17.0,
            "가까운역이름":"만덕",
            "가까운역거리":975.19,
            "역세권여부":"준역세권",
            "30분이내주요거점역":1,
            "30분거점역이름":"['덕천']",
            "1시간이내주요거점역":13,
            "1시간거점역이름":"['자갈치', '남포', '부산', '범일', '서면', '부전', '온천장', '부산대', '장산', '센텀시티', '수영', '사상', '덕천']",
            "3km이내백화점수":0,
            "5km이내아울렛몰수":0,
            "1km이내대형먀트수":0,
            "500m이내은행수":0,
            "500m이내병원수":0,
            "5km이내대형병원수":5,
            "500m이내공원수":3,
            "3km이내혐오시설수":0,
            "초등학교학업성취도":89.99,
            "중학교학업성취도":81.8,
            "용적률":256,
            "건폐율":22,
            "Y":35.204868,
            "X":129.032267,
            "rank":53.0,
            "area_info":"23평(77.25), 25평(84.65), 33평(109.92)",
            "last_sales":"2021-12-16,33200.0,33평(109.92)",
            "rank_history":[
                [
                    "202203",
                    53
                ],
                [
                    "202202",
                    37
                ],
                [
                    "202201",
                    39
                ]
            ],
            "rank_gap":-16
        },
        {
            "index":148,
            "아파트명":"해피투모로우",
            "투자타입":"일반",
            "전용면적(m2)":"81.06",
            "전용면적(평)":"24평",
            "법정동주소":"부산시 북구 구포동 972-54",
            "도로명주소":"부산시 북구 낙동북로 692",
            "세대수":0,
            "입주년차":80,
            "용적률점수":"--",
            "건폐율점수":"--",
            "세대당주차수":30,
            "난방방식":30,
            "공급면적":"--",
            "전용률":"--",
            "욕실수":100,
            "현관타입":100,
            "주거총점":43.5,
            "지역구공급총점":100.0,
            "역세권":80,
            "30분내 이동가능 거점":80,
            "1시간내 이동가능 거점":100,
            "교통총점":84.0,
            "백화점":0,
            "아울렛몰":0,
            "대형마트":0,
            "은행":0,
            "병원":0,
            "종합병원":100,
            "공원":100,
            "혐오시설":0,
            "인프라총점":23.0,
            "초등학군":90.06,
            "중학군":44.36,
            "학군총점":53.5,
            "인구수":30.79,
            "인구증감":0.87,
            "인구총점":21.814,
            "일자리":8.32,
            "소득수준":51.28,
            "일자리총점":21.208,
            "가치 총점":46.425,
            "매매실거래년":20211021.0,
            "매매실거래가":27500.0,
            "전세실거래년":20200514.0,
            "전세실거래가":19000.0,
            "전세가율":69.09,
            "장기전세가율평균":74.67,
            "전세가율거품지수":5.58,
            "검색코드":112995,
            "세대수":190.0,
            "준공년월":"2018-04-27",
            "준공년차":5.0,
            "가까운역이름":"구명",
            "가까운역거리":321.39,
            "역세권여부":"역세권",
            "30분이내주요거점역":4,
            "30분거점역이름":"['부산', '서면', '사상', '덕천']",
            "1시간이내주요거점역":13,
            "1시간거점역이름":"['하단', '자갈치', '남포', '부산', '범일', '서면', '온천장', '부산대', '센텀시티', '수영', '경성대·부경대', '사상', '덕천']",
            "3km이내백화점수":0,
            "5km이내아울렛몰수":0,
            "1km이내대형먀트수":0,
            "500m이내은행수":0,
            "500m이내병원수":0,
            "5km이내대형병원수":2,
            "500m이내공원수":3,
            "3km이내혐오시설수":0,
            "초등학교학업성취도":90.06,
            "중학교학업성취도":72.6,
            "용적률":238,
            "건폐율":20,
            "Y":35.19992,
            "X":128.999457,
            "rank":54.0,
            "area_info":"24평(81.06), 24평(81.06), 25평(82.89), 29평(98.59)",
            "last_sales":"2021-10-21,27500.0,24평(81.06)",
            "rank_history":[
                [
                    "202203",
                    54
                ],
                [
                    "202202",
                    59
                ],
                [
                    "202201",
                    53
                ]
            ],
            "rank_gap":5
        },
        {
            "index":205,
            "아파트명":"율리역벽산블루밍2단지",
            "투자타입":"일반",
            "전용면적(m2)":"82.78",
            "전용면적(평)":"25평",
            "법정동주소":"부산시 북구 금곡동 1917",
            "도로명주소":"부산시 북구 효열로 2",
            "세대수":0,
            "입주년차":80,
            "용적률점수":"--",
            "건폐율점수":"--",
            "세대당주차수":30,
            "난방방식":30,
            "공급면적":"--",
            "전용률":"--",
            "욕실수":100,
            "현관타입":100,
            "주거총점":43.5,
            "지역구공급총점":100.0,
            "역세권":80,
            "30분내 이동가능 거점":40,
            "1시간내 이동가능 거점":100,
            "교통총점":72.0,
            "백화점":0,
            "아울렛몰":0,
            "대형마트":0,
            "은행":0,
            "병원":0,
            "종합병원":100,
            "공원":100,
            "혐오시설":0,
            "인프라총점":23.0,
            "초등학군":89.96,
            "중학군":51.72,
            "학군총점":59.368,
            "인구수":30.79,
            "인구증감":0.87,
            "인구총점":21.814,
            "일자리":8.32,
            "소득수준":51.28,
            "일자리총점":21.208,
            "가치 총점":46.3854,
            "매매실거래년":20201111.0,
            "매매실거래가":30000.0,
            "전세실거래년":20190404.0,
            "전세실거래가":20000.0,
            "전세가율":66.67,
            "장기전세가율평균":74.67,
            "전세가율거품지수":8.0,
            "검색코드":103893,
            "세대수":119.0,
            "준공년월":"2014-03-29",
            "준공년차":9.0,
            "가까운역이름":"율리",
            "가까운역거리":139.36,
            "역세권여부":"역세권",
            "30분이내주요거점역":2,
            "30분거점역이름":"['사상', '덕천']",
            "1시간이내주요거점역":11,
            "1시간거점역이름":"['남포', '부산', '범일', '서면', '부전', '온천장', '부산대', '수영', '경성대·부경대', '사상', '덕천']",
            "3km이내백화점수":0,
            "5km이내아울렛몰수":0,
            "1km이내대형먀트수":0,
            "500m이내은행수":1,
            "500m이내병원수":0,
            "5km이내대형병원수":2,
            "500m이내공원수":5,
            "3km이내혐오시설수":0,
            "초등학교학업성취도":89.96,
            "중학교학업성취도":83.4,
            "용적률":197,
            "건폐율":19,
            "Y":35.247272,
            "X":129.013762,
            "rank":55.0,
            "area_info":"25평(82.78), 33평(111.34)",
            "last_sales":"2020-11-11,30000.0,25평(82.78)",
            "rank_history":[
                [
                    "202203",
                    55
                ],
                [
                    "202202",
                    46
                ],
                [
                    "202201",
                    50
                ]
            ],
            "rank_gap":-9
        },
        {
            "index":163,
            "아파트명":"금곡주공5단지",
            "투자타입":"일반",
            "전용면적(m2)":"57.11",
            "전용면적(평)":"17평",
            "법정동주소":"부산시 북구 금곡동 1112-2",
            "도로명주소":"부산시 북구 효열로37번길 22",
            "세대수":80,
            "입주년차":0,
            "용적률점수":"--",
            "건폐율점수":"--",
            "세대당주차수":0,
            "난방방식":30,
            "공급면적":"--",
            "전용률":"--",
            "욕실수":50,
            "현관타입":100,
            "주거총점":46.0,
            "지역구공급총점":100.0,
            "역세권":80,
            "30분내 이동가능 거점":20,
            "1시간내 이동가능 거점":100,
            "교통총점":66.0,
            "백화점":0,
            "아울렛몰":0,
            "대형마트":0,
            "은행":0,
            "병원":0,
            "종합병원":100,
            "공원":100,
            "혐오시설":0,
            "인프라총점":23.0,
            "초등학군":89.96,
            "중학군":51.72,
            "학군총점":59.368,
            "인구수":30.79,
            "인구증감":0.87,
            "인구총점":21.814,
            "일자리":8.32,
            "소득수준":51.28,
            "일자리총점":21.208,
            "가치 총점":46.1104,
            "매매실거래년":20220216.0,
            "매매실거래가":11300.0,
            "전세실거래년":20220114.0,
            "전세실거래가":9500.0,
            "전세가율":84.07,
            "장기전세가율평균":74.67,
            "전세가율거품지수":-9.4,
            "검색코드":5367,
            "세대수":713.0,
            "준공년월":"1994-11-05",
            "준공년차":29.0,
            "가까운역이름":"율리",
            "가까운역거리":473.84,
            "역세권여부":"역세권",
            "30분이내주요거점역":1,
            "30분거점역이름":"['덕천']",
            "1시간이내주요거점역":10,
            "1시간거점역이름":"['부산', '범일', '서면', '부전', '온천장', '부산대', '수영', '경성대·부경대', '사상', '덕천']",
            "3km이내백화점수":0,
            "5km이내아울렛몰수":0,
            "1km이내대형먀트수":0,
            "500m이내은행수":1,
            "500m이내병원수":0,
            "5km이내대형병원수":2,
            "500m이내공원수":4,
            "3km이내혐오시설수":0,
            "초등학교학업성취도":89.96,
            "중학교학업성취도":83.4,
            "용적률":221,
            "건폐율":16,
            "Y":35.250484,
            "X":129.013494,
            "rank":56.0,
            "area_info":"17평(57.11), 18평(62.72), 20평(67.92)",
            "last_sales":"2022-02-16,11300.0,17평(57.11)",
            "rank_history":[
                [
                    "202203",
                    56
                ],
                [
                    "202202",
                    42
                ],
                [
                    "202201",
                    44
                ]
            ],
            "rank_gap":-14
        },
        {
            "index":520,
            "아파트명":"롯데캐슬멤버스",
            "투자타입":"일반",
            "전용면적(m2)":"114.12",
            "전용면적(평)":"34평",
            "법정동주소":"부산시 북구 화명동 1130-9",
            "도로명주소":"부산시 북구 금곡대로 240",
            "세대수":0,
            "입주년차":40,
            "용적률점수":"--",
            "건폐율점수":"--",
            "세대당주차수":60,
            "난방방식":30,
            "공급면적":"--",
            "전용률":"--",
            "욕실수":100,
            "현관타입":100,
            "주거총점":40.0,
            "지역구공급총점":100.0,
            "역세권":50,
            "30분내 이동가능 거점":20,
            "1시간내 이동가능 거점":100,
            "교통총점":51.0,
            "백화점":0,
            "아울렛몰":0,
            "대형마트":80,
            "은행":0,
            "병원":0,
            "종합병원":100,
            "공원":100,
            "혐오시설":0,
            "인프라총점":35.0,
            "초등학군":90.0,
            "중학군":51.36,
            "학군총점":59.088,
            "인구수":30.79,
            "인구증감":0.87,
            "인구총점":21.814,
            "일자리":8.32,
            "소득수준":51.28,
            "일자리총점":21.208,
            "가치 총점":45.8764,
            "매매실거래년":20220127.0,
            "매매실거래가":60000.0,
            "전세실거래년":20210714.0,
            "전세실거래가":35000.0,
            "전세가율":85.37,
            "장기전세가율평균":74.67,
            "전세가율거품지수":-10.7,
            "검색코드":24224,
            "세대수":299.0,
            "준공년월":"2007-11-02",
            "준공년차":16.0,
            "가까운역이름":"화명",
            "가까운역거리":680.47,
            "역세권여부":"준역세권",
            "30분이내주요거점역":1,
            "30분거점역이름":"['덕천']",
            "1시간이내주요거점역":11,
            "1시간거점역이름":"['부산', '범일', '서면', '부전', '온천장', '부산대', '센텀시티', '수영', '경성대·부경대', '사상', '덕천']",
            "3km이내백화점수":0,
            "5km이내아울렛몰수":0,
            "1km이내대형먀트수":1,
            "500m이내은행수":0,
            "500m이내병원수":0,
            "5km이내대형병원수":2,
            "500m이내공원수":5,
            "3km이내혐오시설수":0,
            "초등학교학업성취도":90.0,
            "중학교학업성취도":84.6,
            "용적률":299,
            "건폐율":15,
            "Y":35.22969,
            "X":129.013302,
            "rank":57.0,
            "area_info":"34평(114.12), 45평(149.92), 48평(161.37)",
            "last_sales":"2022-01-27,60000.0,48평(161.37)",
            "rank_history":[
                [
                    "202203",
                    57
                ],
                [
                    "202202",
                    43
                ],
                [
                    "202201",
                    35
                ]
            ],
            "rank_gap":-14
        },
        {
            "index":396,
            "아파트명":"만덕럭키1차",
            "투자타입":"재건축",
            "전용면적(m2)":"96.12",
            "전용면적(평)":"29평",
            "법정동주소":"부산시 북구 만덕동 774",
            "도로명주소":"부산시 북구 덕천로 194",
            "세대수":90,
            "입주년차":"--",
            "용적률점수":0,
            "건폐율점수":0,
            "세대당주차수":"--",
            "난방방식":"--",
            "공급면적":70,
            "전용률":80,
            "욕실수":"--",
            "현관타입":"--",
            "주거총점":34.5,
            "지역구공급총점":100.0,
            "역세권":50,
            "30분내 이동가능 거점":20,
            "1시간내 이동가능 거점":100,
            "교통총점":51.0,
            "백화점":0,
            "아울렛몰":0,
            "대형마트":100,
            "은행":20,
            "병원":0,
            "종합병원":100,
            "공원":100,
            "혐오시설":0,
            "인프라총점":40.0,
            "초등학군":90.01,
            "중학군":49.52,
            "학군총점":57.618,
            "인구수":30.79,
            "인구증감":0.87,
            "인구총점":21.814,
            "일자리":8.32,
            "소득수준":51.28,
            "일자리총점":21.208,
            "가치 총점":45.5604,
            "매매실거래년":20220217.0,
            "매매실거래가":22700.0,
            "전세실거래년":20220207.0,
            "전세실거래가":15500.0,
            "전세가율":68.28,
            "장기전세가율평균":74.67,
            "전세가율거품지수":6.39,
            "검색코드":5473,
            "세대수":900.0,
            "준공년월":"1991-08-03",
            "준공년차":32.0,
            "가까운역이름":"남산정",
            "가까운역거리":546.86,
            "역세권여부":"준역세권",
            "30분이내주요거점역":1,
            "30분거점역이름":"['덕천']",
            "1시간이내주요거점역":14,
            "1시간거점역이름":"['자갈치', '남포', '부산', '범일', '서면', '부전', '온천장', '부산대', '장산', '센텀시티', '수영', '경성대·부경대', '사상', '덕천']",
            "3km이내백화점수":0,
            "5km이내아울렛몰수":0,
            "1km이내대형먀트수":2,
            "500m이내은행수":2,
            "500m이내병원수":0,
            "5km이내대형병원수":5,
            "500m이내공원수":2,
            "3km이내혐오시설수":0,
            "초등학교학업성취도":90.01,
            "중학교학업성취도":81.8,
            "용적률":0,
            "건폐율":0,
            "Y":35.209221,
            "X":129.027072,
            "rank":58.0,
            "area_info":"29평(96.12), 30평(101.68)",
            "last_sales":"2022-02-17,22700.0,29평(96.12)",
            "rank_history":[
                [
                    "202203",
                    58
                ],
                [
                    "202202",
                    45
                ],
                [
                    "202201",
                    46
                ]
            ],
            "rank_gap":-13
        },
        {
            "index":108,
            "아파트명":"삼정그린코아",
            "투자타입":"일반",
            "전용면적(m2)":"79.13",
            "전용면적(평)":"23평",
            "법정동주소":"부산시 북구 구포동 1095-2",
            "도로명주소":"부산시 북구 백양대로1016번길 10",
            "세대수":50,
            "입주년차":20,
            "용적률점수":"--",
            "건폐율점수":"--",
            "세대당주차수":30,
            "난방방식":30,
            "공급면적":"--",
            "전용률":"--",
            "욕실수":50,
            "현관타입":100,
            "주거총점":44.0,
            "지역구공급총점":100.0,
            "역세권":80,
            "30분내 이동가능 거점":60,
            "1시간내 이동가능 거점":100,
            "교통총점":78.0,
            "백화점":0,
            "아울렛몰":0,
            "대형마트":0,
            "은행":0,
            "병원":0,
            "종합병원":100,
            "공원":0,
            "혐오시설":0,
            "인프라총점":20.0,
            "초등학군":89.99,
            "중학군":47.5,
            "학군총점":55.998,
            "인구수":30.79,
            "인구증감":0.87,
            "인구총점":21.814,
            "일자리":8.32,
            "소득수준":51.28,
            "일자리총점":21.208,
            "가치 총점":45.4994,
            "매매실거래년":20220123.0,
            "매매실거래가":24100.0,
            "전세실거래년":20211116.0,
            "전세실거래가":21000.0,
            "전세가율":87.14,
            "장기전세가율평균":74.67,
            "전세가율거품지수":-12.47,
            "검색코드":5309,
            "세대수":668.0,
            "준공년월":"1999-01-15",
            "준공년차":24.0,
            "가까운역이름":"구남",
            "가까운역거리":144.56,
            "역세권여부":"역세권",
            "30분이내주요거점역":3,
            "30분거점역이름":"['서면', '사상', '덕천']",
            "1시간이내주요거점역":14,
            "1시간거점역이름":"['하단', '자갈치', '남포', '부산', '범일', '서면', '부전', '온천장', '부산대', '센텀시티', '수영', '경성대·부경대', '사상', '덕천']",
            "3km이내백화점수":0,
            "5km이내아울렛몰수":0,
            "1km이내대형먀트수":0,
            "500m이내은행수":0,
            "500m이내병원수":0,
            "5km이내대형병원수":3,
            "500m이내공원수":0,
            "3km이내혐오시설수":0,
            "초등학교학업성취도":89.99,
            "중학교학업성취도":78.5,
            "용적률":331,
            "건폐율":28,
            "Y":35.195513,
            "X":128.995527,
            "rank":59.0,
            "area_info":"23평(79.13), 23평(79.19), 29평(95.95), 32평(107.07), 44평(145.95)",
            "last_sales":"2022-01-23,24100.0,23평(79.13)",
            "rank_history":[
                [
                    "202203",
                    59
                ],
                [
                    "202202",
                    60
                ],
                [
                    "202201",
                    58
                ]
            ],
            "rank_gap":1
        },
        {
            "index":58,
            "아파트명":"구포현대",
            "투자타입":"일반",
            "전용면적(m2)":"71.78",
            "전용면적(평)":"21평",
            "법정동주소":"부산시 북구 구포동 1103-2",
            "도로명주소":"부산시 북구 백양대로 1003",
            "세대수":100,
            "입주년차":0,
            "용적률점수":"--",
            "건폐율점수":"--",
            "세대당주차수":0,
            "난방방식":30,
            "공급면적":"--",
            "전용률":"--",
            "욕실수":50,
            "현관타입":10,
            "주거총점":44.0,
            "지역구공급총점":100.0,
            "역세권":80,
            "30분내 이동가능 거점":60,
            "1시간내 이동가능 거점":100,
            "교통총점":78.0,
            "백화점":0,
            "아울렛몰":0,
            "대형마트":0,
            "은행":0,
            "병원":0,
            "종합병원":100,
            "공원":0,
            "혐오시설":0,
            "인프라총점":20.0,
            "초등학군":89.99,
            "중학군":47.5,
            "학군총점":55.998,
            "인구수":30.79,
            "인구증감":0.87,
            "인구총점":21.814,
            "일자리":8.32,
            "소득수준":51.28,
            "일자리총점":21.208,
            "가치 총점":45.4994,
            "매매실거래년":20211218.0,
            "매매실거래가":31000.0,
            "전세실거래년":20220209.0,
            "전세실거래가":14000.0,
            "전세가율":66.67,
            "장기전세가율평균":74.67,
            "전세가율거품지수":8.0,
            "검색코드":5321,
            "세대수":1741.0,
            "준공년월":"1994-02-28",
            "준공년차":29.0,
            "가까운역이름":"구남",
            "가까운역거리":160.96,
            "역세권여부":"역세권",
            "30분이내주요거점역":3,
            "30분거점역이름":"['서면', '사상', '덕천']",
            "1시간이내주요거점역":14,
            "1시간거점역이름":"['하단', '자갈치', '남포', '부산', '범일', '서면', '부전', '온천장', '부산대', '센텀시티', '수영', '경성대·부경대', '사상', '덕천']",
            "3km이내백화점수":0,
            "5km이내아울렛몰수":0,
            "1km이내대형먀트수":0,
            "500m이내은행수":1,
            "500m이내병원수":0,
            "5km이내대형병원수":2,
            "500m이내공원수":0,
            "3km이내혐오시설수":0,
            "초등학교학업성취도":89.99,
            "중학교학업성취도":78.5,
            "용적률":260,
            "건폐율":22,
            "Y":35.197029,
            "X":128.99313,
            "rank":59.0,
            "area_info":"21평(71.78), 22평(74.45), 26평(86.76), 28평(93.14), 30평(100.93), 30평(101.13)",
            "last_sales":"2021-12-18,31000.0,30평(101.13)",
            "rank_history":[
                [
                    "202203",
                    59
                ],
                [
                    "202202",
                    60
                ],
                [
                    "202201",
                    51
                ]
            ],
            "rank_gap":1
        },
        {
            "index":445,
            "아파트명":"현대레포션",
            "투자타입":"일반",
            "전용면적(m2)":"94.09",
            "전용면적(평)":"28평",
            "법정동주소":"부산시 북구 만덕동 924",
            "도로명주소":"부산시 북구 덕천로259번길 5",
            "세대수":0,
            "입주년차":0,
            "용적률점수":"--",
            "건폐율점수":"--",
            "세대당주차수":60,
            "난방방식":30,
            "공급면적":"--",
            "전용률":"--",
            "욕실수":100,
            "현관타입":100,
            "주거총점":32.0,
            "지역구공급총점":100.0,
            "역세권":80,
            "30분내 이동가능 거점":40,
            "1시간내 이동가능 거점":100,
            "교통총점":72.0,
            "백화점":0,
            "아울렛몰":0,
            "대형마트":100,
            "은행":20,
            "병원":0,
            "종합병원":100,
            "공원":100,
            "혐오시설":0,
            "인프라총점":40.0,
            "초등학군":89.96,
            "중학군":38.58,
            "학군총점":48.856,
            "인구수":30.79,
            "인구증감":0.87,
            "인구총점":21.814,
            "일자리":8.32,
            "소득수준":51.28,
            "일자리총점":21.208,
            "가치 총점":45.4568,
            "매매실거래년":"18000101",
            "매매실거래가":null,
            "전세실거래년":null,
            "전세실거래가":null,
            "전세가율":null,
            "장기전세가율평균":74.67,
            "전세가율거품지수":null,
            "검색코드":25934,
            "세대수":64.0,
            "준공년월":"1993-06-25",
            "준공년차":30.0,
            "가까운역이름":"만덕",
            "가까운역거리":421.79,
            "역세권여부":"역세권",
            "30분이내주요거점역":2,
            "30분거점역이름":"['부전', '덕천']",
            "1시간이내주요거점역":14,
            "1시간거점역이름":"['자갈치', '남포', '부산', '범일', '서면', '부전', '온천장', '부산대', '장산', '센텀시티', '수영', '경성대·부경대', '사상', '덕천']",
            "3km이내백화점수":0,
            "5km이내아울렛몰수":0,
            "1km이내대형먀트수":2,
            "500m이내은행수":2,
            "500m이내병원수":0,
            "5km이내대형병원수":5,
            "500m이내공원수":5,
            "3km이내혐오시설수":0,
            "초등학교학업성취도":89.96,
            "중학교학업성취도":63.7,
            "용적률":152,
            "건폐율":50,
            "Y":35.210943,
            "X":129.032377,
            "rank":60.0,
            "area_info":"28평(94.09)",
            "last_sales":"1800-01-01,nan,28평(94.09)",
            "rank_history":[
                [
                    "202203",
                    60
                ],
                [
                    "202202",
                    9999
                ]
            ],
            "rank_gap":9999
        },
        {
            "index":546,
            "아파트명":"우신",
            "투자타입":"재건축",
            "전용면적(m2)":"46.18",
            "전용면적(평)":"13평",
            "법정동주소":"부산시 북구 화명동 1426-1",
            "도로명주소":"부산시 북구 산성로12번길 27",
            "세대수":50,
            "입주년차":"--",
            "용적률점수":0,
            "건폐율점수":0,
            "세대당주차수":"--",
            "난방방식":"--",
            "공급면적":50,
            "전용률":80,
            "욕실수":"--",
            "현관타입":"--",
            "주거총점":21.5,
            "지역구공급총점":100.0,
            "역세권":80,
            "30분내 이동가능 거점":40,
            "1시간내 이동가능 거점":100,
            "교통총점":72.0,
            "백화점":0,
            "아울렛몰":0,
            "대형마트":80,
            "은행":0,
            "병원":0,
            "종합병원":100,
            "공원":100,
            "혐오시설":0,
            "인프라총점":35.0,
            "초등학군":89.97,
            "중학군":55.06,
            "학군총점":62.042,
            "인구수":30.79,
            "인구증감":0.87,
            "인구총점":21.814,
            "일자리":8.32,
            "소득수준":51.28,
            "일자리총점":21.208,
            "가치 총점":45.2876,
            "매매실거래년":20211016.0,
            "매매실거래가":37000.0,
            "전세실거래년":20210917.0,
            "전세실거래가":7000.0,
            "전세가율":24.73,
            "장기전세가율평균":74.67,
            "전세가율거품지수":49.94,
            "검색코드":5527,
            "세대수":480.0,
            "준공년월":"1987-11-13",
            "준공년차":36.0,
            "가까운역이름":"화명",
            "가까운역거리":339.18,
            "역세권여부":"역세권",
            "30분이내주요거점역":2,
            "30분거점역이름":"['사상', '덕천']",
            "1시간이내주요거점역":11,
            "1시간거점역이름":"['남포', '부산', '범일', '서면', '부전', '온천장', '부산대', '수영', '경성대·부경대', '사상', '덕천']",
            "3km이내백화점수":0,
            "5km이내아울렛몰수":0,
            "1km이내대형먀트수":1,
            "500m이내은행수":0,
            "500m이내병원수":0,
            "5km이내대형병원수":2,
            "500m이내공원수":4,
            "3km이내혐오시설수":0,
            "초등학교학업성취도":89.97,
            "중학교학업성취도":89.7,
            "용적률":0,
            "건폐율":0,
            "Y":35.238002,
            "X":129.016437,
            "rank":61.0,
            "area_info":"13평(46.18), 16평(52.94), 16평(55.92), 17평(58.0), 18평(60.68), 19평(63.5), 20평(66.23)",
            "last_sales":"2021-10-16,37000.0,19평(63.5)",
            "rank_history":[
                [
                    "202203",
                    61
                ],
                [
                    "202202",
                    66
                ],
                [
                    "202201",
                    55
                ]
            ],
            "rank_gap":5
        },
        {
            "index":227,
            "아파트명":"기비골마을",
            "투자타입":"일반",
            "전용면적(m2)":"65.87",
            "전용면적(평)":"19평",
            "법정동주소":"부산시 북구 덕천동 814-4",
            "도로명주소":"부산시 북구 만덕1로104번길 29",
            "세대수":80,
            "입주년차":0,
            "용적률점수":"--",
            "건폐율점수":"--",
            "세대당주차수":0,
            "난방방식":30,
            "공급면적":"--",
            "전용률":"--",
            "욕실수":50,
            "현관타입":10,
            "주거총점":37.0,
            "지역구공급총점":100.0,
            "역세권":80,
            "30분내 이동가능 거점":40,
            "1시간내 이동가능 거점":100,
            "교통총점":72.0,
            "백화점":0,
            "아울렛몰":0,
            "대형마트":80,
            "은행":0,
            "병원":0,
            "종합병원":100,
            "공원":100,
            "혐오시설":0,
            "인프라총점":35.0,
            "초등학군":90.0,
            "중학군":38.58,
            "학군총점":48.864,
            "인구수":30.79,
            "인구증감":0.87,
            "인구총점":21.814,
            "일자리":8.32,
            "소득수준":51.28,
            "일자리총점":21.208,
            "가치 총점":45.2092,
            "매매실거래년":20211217.0,
            "매매실거래가":18600.0,
            "전세실거래년":20220212.0,
            "전세실거래가":12000.0,
            "전세가율":82.76,
            "장기전세가율평균":74.67,
            "전세가율거품지수":-8.09,
            "검색코드":5410,
            "세대수":825.0,
            "준공년월":"1994-09-23",
            "준공년차":29.0,
            "가까운역이름":"남산정",
            "가까운역거리":280.13,
            "역세권여부":"역세권",
            "30분이내주요거점역":2,
            "30분거점역이름":"['수영', '덕천']",
            "1시간이내주요거점역":14,
            "1시간거점역이름":"['자갈치', '남포', '부산', '범일', '서면', '부전', '온천장', '부산대', '장산', '센텀시티', '수영', '경성대·부경대', '사상', '덕천']",
            "3km이내백화점수":0,
            "5km이내아울렛몰수":0,
            "1km이내대형먀트수":1,
            "500m이내은행수":0,
            "500m이내병원수":0,
            "5km이내대형병원수":4,
            "500m이내공원수":2,
            "3km이내혐오시설수":0,
            "초등학교학업성취도":90.0,
            "중학교학업성취도":63.7,
            "용적률":112,
            "건폐율":7,
            "Y":35.215832,
            "X":129.023465,
            "rank":62.0,
            "area_info":"19평(65.87), 22평(75.03)",
            "last_sales":"2021-12-17,18600.0,22평(75.03)",
            "rank_history":[
                [
                    "202203",
                    62
                ],
                [
                    "202202",
                    54
                ],
                [
                    "202201",
                    48
                ]
            ],
            "rank_gap":-8
        },
        {
            "index":424,
            "아파트명":"벽산라인훼미리타운",
            "투자타입":"일반",
            "전용면적(m2)":"78.45",
            "전용면적(평)":"23평",
            "법정동주소":"부산시 북구 만덕동 761-1",
            "도로명주소":"부산시 북구 만덕대로178번길 29",
            "세대수":30,
            "입주년차":0,
            "용적률점수":"--",
            "건폐율점수":"--",
            "세대당주차수":30,
            "난방방식":30,
            "공급면적":"--",
            "전용률":"--",
            "욕실수":50,
            "현관타입":100,
            "주거총점":33.0,
            "지역구공급총점":100.0,
            "역세권":80,
            "30분내 이동가능 거점":40,
            "1시간내 이동가능 거점":100,
            "교통총점":72.0,
            "백화점":0,
            "아울렛몰":0,
            "대형마트":100,
            "은행":0,
            "병원":0,
            "종합병원":100,
            "공원":100,
            "혐오시설":0,
            "인프라총점":38.0,
            "초등학군":90.01,
            "중학군":38.58,
            "학군총점":48.866,
            "인구수":30.79,
            "인구증감":0.87,
            "인구총점":21.814,
            "일자리":8.32,
            "소득수준":51.28,
            "일자리총점":21.208,
            "가치 총점":45.1098,
            "매매실거래년":20211120.0,
            "매매실거래가":25600.0,
            "전세실거래년":20211030.0,
            "전세실거래가":14700.0,
            "전세가율":85.96,
            "장기전세가율평균":74.67,
            "전세가율거품지수":-11.29,
            "검색코드":5466,
            "세대수":322.0,
            "준공년월":"1994-11-14",
            "준공년차":29.0,
            "가까운역이름":"남산정",
            "가까운역거리":195.38,
            "역세권여부":"역세권",
            "30분이내주요거점역":2,
            "30분거점역이름":"['수영', '덕천']",
            "1시간이내주요거점역":14,
            "1시간거점역이름":"['자갈치', '남포', '부산', '범일', '서면', '부전', '온천장', '부산대', '장산', '센텀시티', '수영', '경성대·부경대', '사상', '덕천']",
            "3km이내백화점수":0,
            "5km이내아울렛몰수":0,
            "1km이내대형먀트수":2,
            "500m이내은행수":1,
            "500m이내병원수":0,
            "5km이내대형병원수":4,
            "500m이내공원수":2,
            "3km이내혐오시설수":0,
            "초등학교학업성취도":90.01,
            "중학교학업성취도":63.7,
            "용적률":348,
            "건폐율":26,
            "Y":35.21178,
            "X":129.02478,
            "rank":63.0,
            "area_info":"23평(78.45), 23평(78.44), 31평(105.48), 47평(158.16)",
            "last_sales":"2021-11-20,25600.0,31평(105.48)",
            "rank_history":[
                [
                    "202203",
                    63
                ],
                [
                    "202202",
                    55
                ],
                [
                    "202201",
                    47
                ]
            ],
            "rank_gap":-8
        },
        {
            "index":38,
            "아파트명":"구포오바드빌",
            "투자타입":"일반",
            "전용면적(m2)":"82.66",
            "전용면적(평)":"25평",
            "법정동주소":"부산시 북구 구포동 401-1",
            "도로명주소":"부산시 북구 가람로52번길 29",
            "세대수":0,
            "입주년차":40,
            "용적률점수":"--",
            "건폐율점수":"--",
            "세대당주차수":0,
            "난방방식":30,
            "공급면적":"--",
            "전용률":"--",
            "욕실수":100,
            "현관타입":100,
            "주거총점":31.0,
            "지역구공급총점":100.0,
            "역세권":80,
            "30분내 이동가능 거점":60,
            "1시간내 이동가능 거점":100,
            "교통총점":78.0,
            "백화점":0,
            "아울렛몰":0,
            "대형마트":80,
            "은행":0,
            "병원":0,
            "종합병원":100,
            "공원":0,
            "혐오시설":0,
            "인프라총점":32.0,
            "초등학군":90.06,
            "중학군":44.36,
            "학군총점":53.5,
            "인구수":30.79,
            "인구증감":0.87,
            "인구총점":21.814,
            "일자리":8.32,
            "소득수준":51.28,
            "일자리총점":21.208,
            "가치 총점":45.1,
            "매매실거래년":20210619.0,
            "매매실거래가":20800.0,
            "전세실거래년":null,
            "전세실거래가":null,
            "전세가율":null,
            "장기전세가율평균":74.67,
            "전세가율거품지수":null,
            "검색코드":22794,
            "세대수":64.0,
            "준공년월":"2004-02-14",
            "준공년차":19.0,
            "가까운역이름":"구포",
            "가까운역거리":381.55,
            "역세권여부":"역세권",
            "30분이내주요거점역":3,
            "30분거점역이름":"['부산', '사상', '덕천']",
            "1시간이내주요거점역":15,
            "1시간거점역이름":"['하단', '자갈치', '남포', '부산', '범일', '서면', '부전', '온천장', '부산대', '장산', '센텀시티', '수영', '경성대·부경대', '사상', '덕천']",
            "3km이내백화점수":0,
            "5km이내아울렛몰수":0,
            "1km이내대형먀트수":1,
            "500m이내은행수":1,
            "500m이내병원수":0,
            "5km이내대형병원수":2,
            "500m이내공원수":0,
            "3km이내혐오시설수":0,
            "초등학교학업성취도":90.06,
            "중학교학업성취도":72.6,
            "용적률":347,
            "건폐율":44,
            "Y":35.206451,
            "X":129.000537,
            "rank":64.0,
            "area_info":"25평(82.66), 25평(82.84), 25평(85.47), 28평(95.54), 28평(95.53), 29평(97.15), 29평(98.52), 31평(102.5), 31평(102.87), 31평(104.28), 31평(104.18), 32평(105.97), 31평(105.38)",
            "last_sales":"2021-06-19,20800.0,31평(105.38)",
            "rank_history":[
                [
                    "202203",
                    64
                ],
                [
                    "202202",
                    9999
                ]
            ],
            "rank_gap":9999
        },
        {
            "index":364,
            "아파트명":"대성타워맨션",
            "투자타입":"재건축",
            "전용면적(m2)":"104.83",
            "전용면적(평)":"31평",
            "법정동주소":"부산시 북구 만덕동 927-1",
            "도로명주소":"부산시 북구 덕천로259번길 30",
            "세대수":80,
            "입주년차":"--",
            "용적률점수":0,
            "건폐율점수":0,
            "세대당주차수":"--",
            "난방방식":"--",
            "공급면적":90,
            "전용률":80,
            "욕실수":"--",
            "현관타입":"--",
            "주거총점":32.5,
            "지역구공급총점":100.0,
            "역세권":80,
            "30분내 이동가능 거점":60,
            "1시간내 이동가능 거점":100,
            "교통총점":78.0,
            "백화점":0,
            "아울렛몰":0,
            "대형마트":80,
            "은행":0,
            "병원":0,
            "종합병원":100,
            "공원":100,
            "혐오시설":0,
            "인프라총점":35.0,
            "초등학군":89.96,
            "중학군":38.58,
            "학군총점":48.856,
            "인구수":30.79,
            "인구증감":0.87,
            "인구총점":21.814,
            "일자리":8.32,
            "소득수준":51.28,
            "일자리총점":21.208,
            "가치 총점":44.9818,
            "매매실거래년":20220128.0,
            "매매실거래가":29000.0,
            "전세실거래년":20220215.0,
            "전세실거래가":16500.0,
            "전세가율":56.9,
            "장기전세가율평균":74.67,
            "전세가율거품지수":17.77,
            "검색코드":5463,
            "세대수":816.0,
            "준공년월":"1991-11-22",
            "준공년차":32.0,
            "가까운역이름":"만덕",
            "가까운역거리":188.2,
            "역세권여부":"역세권",
            "30분이내주요거점역":3,
            "30분거점역이름":"['서면', '수영', '덕천']",
            "1시간이내주요거점역":14,
            "1시간거점역이름":"['자갈치', '남포', '부산', '범일', '서면', '부전', '온천장', '부산대', '장산', '센텀시티', '수영', '경성대·부경대', '사상', '덕천']",
            "3km이내백화점수":0,
            "5km이내아울렛몰수":0,
            "1km이내대형먀트수":1,
            "500m이내은행수":0,
            "500m이내병원수":0,
            "5km이내대형병원수":5,
            "500m이내공원수":4,
            "3km이내혐오시설수":0,
            "초등학교학업성취도":89.96,
            "중학교학업성취도":63.7,
            "용적률":0,
            "건폐율":0,
            "Y":35.211878,
            "X":129.034728,
            "rank":65.0,
            "area_info":"31평(104.83), 46평(154.12), 47평(156.42)",
            "last_sales":"2022-01-28,29000.0,31평(104.83)",
            "rank_history":[
                [
                    "202203",
                    65
                ],
                [
                    "202202",
                    63
                ],
                [
                    "202201",
                    71
                ]
            ],
            "rank_gap":-2
        },
        {
            "index":283,
            "아파트명":"부영,벽산파라빌",
            "투자타입":"일반",
            "전용면적(m2)":"78.45",
            "전용면적(평)":"23평",
            "법정동주소":"부산시 북구 덕천동 372-1",
            "도로명주소":"부산시 북구 만덕대로155번길 14",
            "세대수":0,
            "입주년차":40,
            "용적률점수":"--",
            "건폐율점수":"--",
            "세대당주차수":30,
            "난방방식":30,
            "공급면적":"--",
            "전용률":"--",
            "욕실수":100,
            "현관타입":100,
            "주거총점":35.5,
            "지역구공급총점":100.0,
            "역세권":80,
            "30분내 이동가능 거점":40,
            "1시간내 이동가능 거점":100,
            "교통총점":72.0,
            "백화점":0,
            "아울렛몰":0,
            "대형마트":80,
            "은행":0,
            "병원":0,
            "종합병원":100,
            "공원":100,
            "혐오시설":0,
            "인프라총점":35.0,
            "초등학군":90.01,
            "중학군":38.58,
            "학군총점":48.866,
            "인구수":30.79,
            "인구증감":0.87,
            "인구총점":21.814,
            "일자리":8.32,
            "소득수준":51.28,
            "일자리총점":21.208,
            "가치 총점":44.8348,
            "매매실거래년":20210923.0,
            "매매실거래가":42000.0,
            "전세실거래년":20210829.0,
            "전세실거래가":25000.0,
            "전세가율":78.12,
            "장기전세가율평균":74.67,
            "전세가율거품지수":-3.45,
            "검색코드":12884,
            "세대수":212.0,
            "준공년월":"2005-05-17",
            "준공년차":18.0,
            "가까운역이름":"남산정",
            "가까운역거리":129.54,
            "역세권여부":"역세권",
            "30분이내주요거점역":2,
            "30분거점역이름":"['수영', '덕천']",
            "1시간이내주요거점역":14,
            "1시간거점역이름":"['자갈치', '남포', '부산', '범일', '서면', '부전', '온천장', '부산대', '장산', '센텀시티', '수영', '경성대·부경대', '사상', '덕천']",
            "3km이내백화점수":0,
            "5km이내아울렛몰수":0,
            "1km이내대형먀트수":1,
            "500m이내은행수":0,
            "500m이내병원수":0,
            "5km이내대형병원수":4,
            "500m이내공원수":2,
            "3km이내혐오시설수":0,
            "초등학교학업성취도":90.01,
            "중학교학업성취도":63.7,
            "용적률":344,
            "건폐율":26,
            "Y":35.213731,
            "X":129.022417,
            "rank":66.0,
            "area_info":"23평(78.45), 34평(113.57)",
            "last_sales":"2021-09-23,42000.0,34평(113.57)",
            "rank_history":[
                [
                    "202203",
                    66
                ],
                [
                    "202202",
                    57
                ],
                [
                    "202201",
                    49
                ]
            ],
            "rank_gap":-9
        },
        {
            "index":446,
            "아파트명":"협성파크",
            "투자타입":"일반",
            "전용면적(m2)":"57.31",
            "전용면적(평)":"17평",
            "법정동주소":"부산시 북구 만덕동 670-1",
            "도로명주소":"부산시 북구 만덕1로 82",
            "세대수":50,
            "입주년차":0,
            "용적률점수":"--",
            "건폐율점수":"--",
            "세대당주차수":0,
            "난방방식":30,
            "공급면적":"--",
            "전용률":"--",
            "욕실수":50,
            "현관타입":100,
            "주거총점":35.5,
            "지역구공급총점":100.0,
            "역세권":80,
            "30분내 이동가능 거점":20,
            "1시간내 이동가능 거점":100,
            "교통총점":66.0,
            "백화점":0,
            "아울렛몰":0,
            "대형마트":100,
            "은행":0,
            "병원":0,
            "종합병원":100,
            "공원":100,
            "혐오시설":0,
            "인프라총점":38.0,
            "초등학군":90.0,
            "중학군":38.58,
            "학군총점":48.864,
            "인구수":30.79,
            "인구증감":0.87,
            "인구총점":21.814,
            "일자리":8.32,
            "소득수준":51.28,
            "일자리총점":21.208,
            "가치 총점":44.8342,
            "매매실거래년":20211118.0,
            "매매실거래가":23200.0,
            "전세실거래년":20190923.0,
            "전세실거래가":11000.0,
            "전세가율":83.33,
            "장기전세가율평균":74.67,
            "전세가율거품지수":-8.66,
            "검색코드":5492,
            "세대수":445.0,
            "준공년월":"1997-10-04",
            "준공년차":26.0,
            "가까운역이름":"남산정",
            "가까운역거리":467.33,
            "역세권여부":"역세권",
            "30분이내주요거점역":1,
            "30분거점역이름":"['덕천']",
            "1시간이내주요거점역":14,
            "1시간거점역이름":"['자갈치', '남포', '부산', '범일', '서면', '부전', '온천장', '부산대', '장산', '센텀시티', '수영', '경성대·부경대', '사상', '덕천']",
            "3km이내백화점수":0,
            "5km이내아울렛몰수":0,
            "1km이내대형먀트수":2,
            "500m이내은행수":0,
            "500m이내병원수":0,
            "5km이내대형병원수":5,
            "500m이내공원수":4,
            "3km이내혐오시설수":0,
            "초등학교학업성취도":90.0,
            "중학교학업성취도":63.7,
            "용적률":205,
            "건폐율":13,
            "Y":35.215286,
            "X":129.028302,
            "rank":67.0,
            "area_info":"17평(57.31), 20평(68.47), 22평(75.48), 27평(91.44), 32평(107.82)",
            "last_sales":"2021-11-18,23200.0,32평(107.82)",
            "rank_history":[
                [
                    "202203",
                    67
                ],
                [
                    "202202",
                    50
                ],
                [
                    "202201",
                    54
                ]
            ],
            "rank_gap":-17
        },
        {
            "index":341,
            "아파트명":"그린코아",
            "투자타입":"재건축",
            "전용면적(m2)":"91.6",
            "전용면적(평)":"27평",
            "법정동주소":"부산시 북구 만덕동 216-7",
            "도로명주소":"부산시 북구 덕천로234번길 47",
            "세대수":90,
            "입주년차":"--",
            "용적률점수":0,
            "건폐율점수":0,
            "세대당주차수":"--",
            "난방방식":"--",
            "공급면적":70,
            "전용률":80,
            "욕실수":"--",
            "현관타입":"--",
            "주거총점":34.5,
            "지역구공급총점":100.0,
            "역세권":50,
            "30분내 이동가능 거점":20,
            "1시간내 이동가능 거점":100,
            "교통총점":51.0,
            "백화점":0,
            "아울렛몰":0,
            "대형마트":80,
            "은행":20,
            "병원":0,
            "종합병원":100,
            "공원":100,
            "혐오시설":0,
            "인프라총점":37.0,
            "초등학군":89.98,
            "중학군":49.52,
            "학군총점":57.612,
            "인구수":30.79,
            "인구증감":0.87,
            "인구총점":21.814,
            "일자리":8.32,
            "소득수준":51.28,
            "일자리총점":21.208,
            "가치 총점":44.6586,
            "매매실거래년":20220125.0,
            "매매실거래가":19800.0,
            "전세실거래년":20220214.0,
            "전세실거래가":17500.0,
            "전세가율":88.38,
            "장기전세가율평균":74.67,
            "전세가율거품지수":-13.71,
            "검색코드":5461,
            "세대수":1468.0,
            "준공년월":"1991-01-28",
            "준공년차":32.0,
            "가까운역이름":"만덕",
            "가까운역거리":837.49,
            "역세권여부":"준역세권",
            "30분이내주요거점역":1,
            "30분거점역이름":"['덕천']",
            "1시간이내주요거점역":14,
            "1시간거점역이름":"['자갈치', '남포', '부산', '범일', '서면', '부전', '온천장', '부산대', '장산', '센텀시티', '수영', '경성대·부경대', '사상', '덕천']",
            "3km이내백화점수":0,
            "5km이내아울렛몰수":0,
            "1km이내대형먀트수":1,
            "500m이내은행수":2,
            "500m이내병원수":0,
            "5km이내대형병원수":5,
            "500m이내공원수":3,
            "3km이내혐오시설수":0,
            "초등학교학업성취도":89.98,
            "중학교학업성취도":81.8,
            "용적률":0,
            "건폐율":0,
            "Y":35.207402,
            "X":129.030113,
            "rank":68.0,
            "area_info":"27평(91.6), 30평(101.41), 30평(101.64), 37평(124.53), 41평(135.67), 42평(139.44), 47평(156.73), 51평(170.18)",
            "last_sales":"2022-01-25,19800.0,27평(91.6)",
            "rank_history":[
                [
                    "202203",
                    68
                ],
                [
                    "202202",
                    49
                ],
                [
                    "202201",
                    60
                ]
            ],
            "rank_gap":-19
        },
        {
            "index":391,
            "아파트명":"만덕동일",
            "투자타입":"일반",
            "전용면적(m2)":"80.06",
            "전용면적(평)":"24평",
            "법정동주소":"부산시 북구 만덕동 658",
            "도로명주소":"부산시 북구 만덕1로104번가길 57",
            "세대수":50,
            "입주년차":0,
            "용적률점수":"--",
            "건폐율점수":"--",
            "세대당주차수":0,
            "난방방식":30,
            "공급면적":"--",
            "전용률":"--",
            "욕실수":50,
            "현관타입":100,
            "주거총점":35.5,
            "지역구공급총점":100.0,
            "역세권":80,
            "30분내 이동가능 거점":20,
            "1시간내 이동가능 거점":100,
            "교통총점":66.0,
            "백화점":0,
            "아울렛몰":0,
            "대형마트":100,
            "은행":0,
            "병원":0,
            "종합병원":100,
            "공원":80,
            "혐오시설":0,
            "인프라총점":37.4,
            "초등학군":90.0,
            "중학군":38.58,
            "학군총점":48.864,
            "인구수":30.79,
            "인구증감":0.87,
            "인구총점":21.814,
            "일자리":8.32,
            "소득수준":51.28,
            "일자리총점":21.208,
            "가치 총점":44.6542,
            "매매실거래년":20211024.0,
            "매매실거래가":29000.0,
            "전세실거래년":20210911.0,
            "전세실거래가":14000.0,
            "전세가율":71.79,
            "장기전세가율평균":74.67,
            "전세가율거품지수":2.88,
            "검색코드":5498,
            "세대수":499.0,
            "준공년월":"1998-12-02",
            "준공년차":25.0,
            "가까운역이름":"남산정",
            "가까운역거리":492.83,
            "역세권여부":"역세권",
            "30분이내주요거점역":1,
            "30분거점역이름":"['덕천']",
            "1시간이내주요거점역":14,
            "1시간거점역이름":"['자갈치', '남포', '부산', '범일', '서면', '부전', '온천장', '부산대', '장산', '센텀시티', '수영', '경성대·부경대', '사상', '덕천']",
            "3km이내백화점수":0,
            "5km이내아울렛몰수":0,
            "1km이내대형먀트수":2,
            "500m이내은행수":0,
            "500m이내병원수":0,
            "5km이내대형병원수":5,
            "500m이내공원수":1,
            "3km이내혐오시설수":0,
            "초등학교학업성취도":90.0,
            "중학교학업성취도":63.7,
            "용적률":223,
            "건폐율":20,
            "Y":35.216482,
            "X":129.027559,
            "rank":69.0,
            "area_info":"24평(80.06), 24평(80.12), 28평(95.74), 32평(106.58), 40평(134.75)",
            "last_sales":"2021-10-24,29000.0,40평(134.75)",
            "rank_history":[
                [
                    "202203",
                    69
                ],
                [
                    "202202",
                    52
                ],
                [
                    "202201",
                    57
                ]
            ],
            "rank_gap":-17
        },
        {
            "index":382,
            "아파트명":"만덕2휴먼시아",
            "투자타입":"일반",
            "전용면적(m2)":"64.48",
            "전용면적(평)":"19평",
            "법정동주소":"부산시 북구 만덕동 831-15",
            "도로명주소":"부산시 북구 만덕1로 25-12",
            "세대수":30,
            "입주년차":20,
            "용적률점수":"--",
            "건폐율점수":"--",
            "세대당주차수":0,
            "난방방식":30,
            "공급면적":"--",
            "전용률":"--",
            "욕실수":50,
            "현관타입":100,
            "주거총점":32.5,
            "지역구공급총점":100.0,
            "역세권":80,
            "30분내 이동가능 거점":40,
            "1시간내 이동가능 거점":100,
            "교통총점":72.0,
            "백화점":0,
            "아울렛몰":0,
            "대형마트":80,
            "은행":0,
            "병원":0,
            "종합병원":100,
            "공원":100,
            "혐오시설":0,
            "인프라총점":35.0,
            "초등학군":89.96,
            "중학군":38.58,
            "학군총점":48.856,
            "인구수":30.79,
            "인구증감":0.87,
            "인구총점":21.814,
            "일자리":8.32,
            "소득수준":51.28,
            "일자리총점":21.208,
            "가치 총점":44.0818,
            "매매실거래년":20220108.0,
            "매매실거래가":29800.0,
            "전세실거래년":20210807.0,
            "전세실거래가":9000.0,
            "전세가율":47.37,
            "장기전세가율평균":74.67,
            "전세가율거품지수":27.3,
            "검색코드":10907,
            "세대수":360.0,
            "준공년월":"2001-11-02",
            "준공년차":22.0,
            "가까운역이름":"만덕",
            "가까운역거리":251.29,
            "역세권여부":"역세권",
            "30분이내주요거점역":2,
            "30분거점역이름":"['수영', '덕천']",
            "1시간이내주요거점역":14,
            "1시간거점역이름":"['자갈치', '남포', '부산', '범일', '서면', '부전', '온천장', '부산대', '장산', '센텀시티', '수영', '경성대·부경대', '사상', '덕천']",
            "3km이내백화점수":0,
            "5km이내아울렛몰수":0,
            "1km이내대형먀트수":1,
            "500m이내은행수":0,
            "500m이내병원수":0,
            "5km이내대형병원수":5,
            "500m이내공원수":3,
            "3km이내혐오시설수":0,
            "초등학교학업성취도":89.96,
            "중학교학업성취도":63.7,
            "용적률":346,
            "건폐율":19,
            "Y":35.214013,
            "X":129.0338,
            "rank":70.0,
            "area_info":"19평(64.48), 23평(76.73), 33평(109.65)",
            "last_sales":"2022-01-08,29800.0,33평(109.65)",
            "rank_history":[
                [
                    "202203",
                    70
                ],
                [
                    "202202",
                    63
                ],
                [
                    "202201",
                    74
                ]
            ],
            "rank_gap":-7
        },
        {
            "index":428,
            "아파트명":"삼성",
            "투자타입":"재건축",
            "전용면적(m2)":"80.51",
            "전용면적(평)":"24평",
            "법정동주소":"부산시 북구 만덕동 290-1",
            "도로명주소":"부산시 북구 만덕2로 10",
            "세대수":50,
            "입주년차":"--",
            "용적률점수":0,
            "건폐율점수":0,
            "세대당주차수":"--",
            "난방방식":"--",
            "공급면적":50,
            "전용률":60,
            "욕실수":"--",
            "현관타입":"--",
            "주거총점":20.5,
            "지역구공급총점":100.0,
            "역세권":80,
            "30분내 이동가능 거점":60,
            "1시간내 이동가능 거점":100,
            "교통총점":78.0,
            "백화점":0,
            "아울렛몰":0,
            "대형마트":80,
            "은행":0,
            "병원":0,
            "종합병원":100,
            "공원":100,
            "혐오시설":-50,
            "인프라총점":34.0,
            "초등학군":89.96,
            "중학군":48.36,
            "학군총점":56.68,
            "인구수":30.79,
            "인구증감":0.87,
            "인구총점":21.814,
            "일자리":8.32,
            "소득수준":51.28,
            "일자리총점":21.208,
            "가치 총점":44.029,
            "매매실거래년":20211129.0,
            "매매실거래가":27500.0,
            "전세실거래년":20220223.0,
            "전세실거래가":17000.0,
            "전세가율":61.82,
            "장기전세가율평균":74.67,
            "전세가율거품지수":12.85,
            "검색코드":5480,
            "세대수":600.0,
            "준공년월":"1989-02-24",
            "준공년차":34.0,
            "가까운역이름":"만덕",
            "가까운역거리":189.05,
            "역세권여부":"역세권",
            "30분이내주요거점역":3,
            "30분거점역이름":"['서면', '수영', '덕천']",
            "1시간이내주요거점역":14,
            "1시간거점역이름":"['자갈치', '남포', '부산', '범일', '서면', '부전', '온천장', '부산대', '장산', '센텀시티', '수영', '경성대·부경대', '사상', '덕천']",
            "3km이내백화점수":0,
            "5km이내아울렛몰수":0,
            "1km이내대형먀트수":1,
            "500m이내은행수":0,
            "500m이내병원수":0,
            "5km이내대형병원수":5,
            "500m이내공원수":6,
            "3km이내혐오시설수":1,
            "초등학교학업성취도":89.96,
            "중학교학업성취도":78.4,
            "용적률":0,
            "건폐율":0,
            "Y":35.211347,
            "X":129.036742,
            "rank":71.0,
            "area_info":"24평(80.51), 28평(95.73), 34평(114.54)",
            "last_sales":"2021-11-29,27500.0,24평(80.51)",
            "rank_history":[
                [
                    "202203",
                    71
                ],
                [
                    "202202",
                    67
                ],
                [
                    "202201",
                    95
                ]
            ],
            "rank_gap":-4
        },
        {
            "index":367,
            "아파트명":"대진",
            "투자타입":"재건축",
            "전용면적(m2)":"53.32",
            "전용면적(평)":"16평",
            "법정동주소":"부산시 북구 만덕동 670",
            "도로명주소":"부산시 북구 만덕1로 92",
            "세대수":30,
            "입주년차":"--",
            "용적률점수":0,
            "건폐율점수":80,
            "세대당주차수":"--",
            "난방방식":"--",
            "공급면적":50,
            "전용률":80,
            "욕실수":"--",
            "현관타입":"--",
            "주거총점":31.5,
            "지역구공급총점":100.0,
            "역세권":80,
            "30분내 이동가능 거점":20,
            "1시간내 이동가능 거점":100,
            "교통총점":66.0,
            "백화점":0,
            "아울렛몰":0,
            "대형마트":100,
            "은행":0,
            "병원":0,
            "종합병원":100,
            "공원":100,
            "혐오시설":0,
            "인프라총점":38.0,
            "초등학군":90.0,
            "중학군":38.58,
            "학군총점":48.864,
            "인구수":30.79,
            "인구증감":0.87,
            "인구총점":21.814,
            "일자리":8.32,
            "소득수준":51.28,
            "일자리총점":21.208,
            "가치 총점":43.8342,
            "매매실거래년":20211204.0,
            "매매실거래가":25500.0,
            "전세실거래년":20200729.0,
            "전세실거래가":4500.0,
            "전세가율":17.65,
            "장기전세가율평균":74.67,
            "전세가율거품지수":57.02,
            "검색코드":11141,
            "세대수":356.0,
            "준공년월":"1979-08-31",
            "준공년차":44.0,
            "가까운역이름":"남산정",
            "가까운역거리":351.24,
            "역세권여부":"역세권",
            "30분이내주요거점역":1,
            "30분거점역이름":"['덕천']",
            "1시간이내주요거점역":14,
            "1시간거점역이름":"['자갈치', '남포', '부산', '범일', '서면', '부전', '온천장', '부산대', '장산', '센텀시티', '수영', '경성대·부경대', '사상', '덕천']",
            "3km이내백화점수":0,
            "5km이내아울렛몰수":0,
            "1km이내대형먀트수":2,
            "500m이내은행수":0,
            "500m이내병원수":0,
            "5km이내대형병원수":5,
            "500m이내공원수":3,
            "3km이내혐오시설수":0,
            "초등학교학업성취도":90.0,
            "중학교학업성취도":63.7,
            "용적률":0,
            "건폐율":27,
            "Y":35.214573,
            "X":129.027304,
            "rank":72.0,
            "area_info":"16평(53.32), 16평(55.04), 18평(61.22)",
            "last_sales":"2021-12-04,25500.0,16평(53.32)",
            "rank_history":[
                [
                    "202203",
                    72
                ],
                [
                    "202202",
                    58
                ],
                [
                    "202201",
                    56
                ]
            ],
            "rank_gap":-14
        },
        {
            "index":113,
            "아파트명":"성림누리아라",
            "투자타입":"일반",
            "전용면적(m2)":"88.3",
            "전용면적(평)":"26평",
            "법정동주소":"부산시 북구 구포동 1294",
            "도로명주소":"부산시 북구 구남로 11",
            "세대수":0,
            "입주년차":40,
            "용적률점수":"--",
            "건폐율점수":"--",
            "세대당주차수":30,
            "난방방식":30,
            "공급면적":"--",
            "전용률":"--",
            "욕실수":100,
            "현관타입":100,
            "주거총점":35.5,
            "지역구공급총점":100.0,
            "역세권":80,
            "30분내 이동가능 거점":60,
            "1시간내 이동가능 거점":100,
            "교통총점":78.0,
            "백화점":0,
            "아울렛몰":0,
            "대형마트":0,
            "은행":0,
            "병원":0,
            "종합병원":100,
            "공원":80,
            "혐오시설":0,
            "인프라총점":22.4,
            "초등학군":89.99,
            "중학군":46.32,
            "학군총점":55.054,
            "인구수":30.79,
            "인구증감":0.87,
            "인구총점":21.814,
            "일자리":8.32,
            "소득수준":51.28,
            "일자리총점":21.208,
            "가치 총점":43.8112,
            "매매실거래년":20220125.0,
            "매매실거래가":30800.0,
            "전세실거래년":null,
            "전세실거래가":null,
            "전세가율":null,
            "장기전세가율평균":74.67,
            "전세가율거품지수":null,
            "검색코드":103078,
            "세대수":114.0,
            "준공년월":"2007-12-10",
            "준공년차":16.0,
            "가까운역이름":"구남",
            "가까운역거리":176.92,
            "역세권여부":"역세권",
            "30분이내주요거점역":3,
            "30분거점역이름":"['서면', '사상', '덕천']",
            "1시간이내주요거점역":14,
            "1시간거점역이름":"['하단', '자갈치', '남포', '부산', '범일', '서면', '부전', '온천장', '부산대', '센텀시티', '수영', '경성대·부경대', '사상', '덕천']",
            "3km이내백화점수":0,
            "5km이내아울렛몰수":0,
            "1km이내대형먀트수":0,
            "500m이내은행수":1,
            "500m이내병원수":0,
            "5km이내대형병원수":2,
            "500m이내공원수":1,
            "3km이내혐오시설수":0,
            "초등학교학업성취도":89.99,
            "중학교학업성취도":75.2,
            "용적률":294,
            "건폐율":26,
            "Y":35.198218,
            "X":128.994308,
            "rank":73.0,
            "area_info":"26평(88.3), 28평(93.45), 30평(100.52), 32평(106.69), 33평(109.78)",
            "last_sales":"2022-01-25,30800.0,33평(109.78)",
            "rank_history":[
                [
                    "202203",
                    73
                ],
                [
                    "202202",
                    68
                ],
                [
                    "202201",
                    64
                ]
            ],
            "rank_gap":-5
        },
        {
            "index":565,
            "아파트명":"화명그린힐",
            "투자타입":"일반",
            "전용면적(m2)":"74.51",
            "전용면적(평)":"22평",
            "법정동주소":"부산시 북구 화명동 754",
            "도로명주소":"부산시 북구 화명대로94번길 45",
            "세대수":0,
            "입주년차":20,
            "용적률점수":"--",
            "건폐율점수":"--",
            "세대당주차수":30,
            "난방방식":30,
            "공급면적":"--",
            "전용률":"--",
            "욕실수":50,
            "현관타입":100,
            "주거총점":26.5,
            "지역구공급총점":100.0,
            "역세권":50,
            "30분내 이동가능 거점":20,
            "1시간내 이동가능 거점":100,
            "교통총점":51.0,
            "백화점":0,
            "아울렛몰":0,
            "대형마트":80,
            "은행":0,
            "병원":0,
            "종합병원":100,
            "공원":100,
            "혐오시설":0,
            "인프라총점":35.0,
            "초등학군":90.02,
            "중학군":55.06,
            "학군총점":62.052,
            "인구수":30.79,
            "인구증감":0.87,
            "인구총점":21.814,
            "일자리":8.32,
            "소득수준":51.28,
            "일자리총점":21.208,
            "가치 총점":43.3906,
            "매매실거래년":20220213.0,
            "매매실거래가":19000.0,
            "전세실거래년":20220110.0,
            "전세실거래가":16500.0,
            "전세가율":86.84,
            "장기전세가율평균":74.67,
            "전세가율거품지수":-12.17,
            "검색코드":11070,
            "세대수":277.0,
            "준공년월":"2003-05-01",
            "준공년차":20.0,
            "가까운역이름":"화명",
            "가까운역거리":527.16,
            "역세권여부":"준역세권",
            "30분이내주요거점역":1,
            "30분거점역이름":"['덕천']",
            "1시간이내주요거점역":10,
            "1시간거점역이름":"['부산', '범일', '서면', '부전', '온천장', '부산대', '수영', '경성대·부경대', '사상', '덕천']",
            "3km이내백화점수":0,
            "5km이내아울렛몰수":0,
            "1km이내대형먀트수":1,
            "500m이내은행수":0,
            "500m이내병원수":0,
            "5km이내대형병원수":2,
            "500m이내공원수":3,
            "3km이내혐오시설수":0,
            "초등학교학업성취도":90.02,
            "중학교학업성취도":89.7,
            "용적률":220,
            "건폐율":19,
            "Y":35.232731,
            "X":129.018294,
            "rank":74.0,
            "area_info":"22평(74.51), 22평(74.66)",
            "last_sales":"2022-02-13,19000.0,22평(74.51)",
            "rank_history":[
                [
                    "202203",
                    74
                ],
                [
                    "202202",
                    61
                ],
                [
                    "202201",
                    45
                ]
            ],
            "rank_gap":-13
        },
        {
            "index":324,
            "아파트명":"주공1단지",
            "투자타입":"재건축",
            "전용면적(m2)":"49.67",
            "전용면적(평)":"15평",
            "법정동주소":"부산시 북구 덕천동 802",
            "도로명주소":"부산시 북구 덕천로 72",
            "세대수":90,
            "입주년차":"--",
            "용적률점수":0,
            "건폐율점수":0,
            "세대당주차수":"--",
            "난방방식":"--",
            "공급면적":50,
            "전용률":60,
            "욕실수":"--",
            "현관타입":"--",
            "주거총점":32.5,
            "지역구공급총점":100.0,
            "역세권":50,
            "30분내 이동가능 거점":20,
            "1시간내 이동가능 거점":100,
            "교통총점":51.0,
            "백화점":0,
            "아울렛몰":0,
            "대형마트":80,
            "은행":0,
            "병원":0,
            "종합병원":100,
            "공원":100,
            "혐오시설":0,
            "인프라총점":35.0,
            "초등학군":89.99,
            "중학군":48.48,
            "학군총점":56.782,
            "인구수":30.79,
            "인구증감":0.87,
            "인구총점":21.814,
            "일자리":8.32,
            "소득수준":51.28,
            "일자리총점":21.208,
            "가치 총점":43.3096,
            "매매실거래년":20220203.0,
            "매매실거래가":17300.0,
            "전세실거래년":20220127.0,
            "전세실거래가":7450.0,
            "전세가율":53.6,
            "장기전세가율평균":74.67,
            "전세가율거품지수":21.07,
            "검색코드":5403,
            "세대수":1320.0,
            "준공년월":"1991-10-30",
            "준공년차":32.0,
            "가까운역이름":"숙등",
            "가까운역거리":633.49,
            "역세권여부":"준역세권",
            "30분이내주요거점역":1,
            "30분거점역이름":"['덕천']",
            "1시간이내주요거점역":14,
            "1시간거점역이름":"['자갈치', '남포', '부산', '범일', '서면', '부전', '온천장', '부산대', '장산', '센텀시티', '수영', '경성대·부경대', '사상', '덕천']",
            "3km이내백화점수":0,
            "5km이내아울렛몰수":0,
            "1km이내대형먀트수":1,
            "500m이내은행수":0,
            "500m이내병원수":0,
            "5km이내대형병원수":3,
            "500m이내공원수":4,
            "3km이내혐오시설수":0,
            "초등학교학업성취도":89.99,
            "중학교학업성취도":80.2,
            "용적률":0,
            "건폐율":0,
            "Y":35.206384,
            "X":129.012957,
            "rank":75.0,
            "area_info":"15평(49.67), 15평(52.55), 15평(52.81), 17평(57.15), 17평(57.77), 18평(60.33), 20평(69.1), 22평(72.95)",
            "last_sales":"2022-02-03,17300.0,22평(72.95)",
            "rank_history":[
                [
                    "202203",
                    75
                ],
                [
                    "202202",
                    62
                ],
                [
                    "202201",
                    77
                ]
            ],
            "rank_gap":-13
        },
        {
            "index":437,
            "아파트명":"신만덕유림노르웨이숲",
            "투자타입":"일반",
            "전용면적(m2)":"81.03",
            "전용면적(평)":"24평",
            "법정동주소":"부산시 북구 만덕동 390",
            "도로명주소":"부산시 북구 덕천로 345",
            "세대수":0,
            "입주년차":20,
            "용적률점수":"--",
            "건폐율점수":"--",
            "세대당주차수":30,
            "난방방식":30,
            "공급면적":"--",
            "전용률":"--",
            "욕실수":100,
            "현관타입":100,
            "주거총점":31.5,
            "지역구공급총점":100.0,
            "역세권":50,
            "30분내 이동가능 거점":20,
            "1시간내 이동가능 거점":100,
            "교통총점":51.0,
            "백화점":0,
            "아울렛몰":0,
            "대형마트":80,
            "은행":0,
            "병원":0,
            "종합병원":100,
            "공원":100,
            "혐오시설":-50,
            "인프라총점":34.0,
            "초등학군":89.98,
            "중학군":48.36,
            "학군총점":56.684,
            "인구수":30.79,
            "인구증감":0.87,
            "인구총점":21.814,
            "일자리":8.32,
            "소득수준":51.28,
            "일자리총점":21.208,
            "가치 총점":42.7302,
            "매매실거래년":20220208.0,
            "매매실거래가":19800.0,
            "전세실거래년":20200511.0,
            "전세실거래가":11500.0,
            "전세가율":68.05,
            "장기전세가율평균":74.67,
            "전세가율거품지수":6.62,
            "검색코드":10206,
            "세대수":218.0,
            "준공년월":"2003-07-08",
            "준공년차":20.0,
            "가까운역이름":"만덕",
            "가까운역거리":540.75,
            "역세권여부":"준역세권",
            "30분이내주요거점역":1,
            "30분거점역이름":"['덕천']",
            "1시간이내주요거점역":14,
            "1시간거점역이름":"['자갈치', '남포', '부산', '범일', '서면', '부전', '온천장', '부산대', '장산', '센텀시티', '수영', '경성대·부경대', '사상', '덕천']",
            "3km이내백화점수":0,
            "5km이내아울렛몰수":0,
            "1km이내대형먀트수":1,
            "500m이내은행수":0,
            "500m이내병원수":0,
            "5km이내대형병원수":5,
            "500m이내공원수":7,
            "3km이내혐오시설수":1,
            "초등학교학업성취도":89.98,
            "중학교학업성취도":78.4,
            "용적률":364,
            "건폐율":31,
            "Y":35.209549,
            "X":129.040464,
            "rank":76.0,
            "area_info":"24평(81.03), 32평(108.41)",
            "last_sales":"2022-02-08,19800.0,32평(108.41)",
            "rank_history":[
                [
                    "202203",
                    76
                ],
                [
                    "202202",
                    65
                ],
                [
                    "202201",
                    70
                ]
            ],
            "rank_gap":-11
        },
        {
            "index":51,
            "아파트명":"구포유림노르웨이숲2차",
            "투자타입":"일반",
            "전용면적(m2)":"150.82",
            "전용면적(평)":"45평",
            "법정동주소":"부산시 북구 구포동 1295",
            "도로명주소":"부산시 북구 낙동북로 743",
            "세대수":0,
            "입주년차":40,
            "용적률점수":"--",
            "건폐율점수":"--",
            "세대당주차수":80,
            "난방방식":30,
            "공급면적":"--",
            "전용률":"--",
            "욕실수":100,
            "현관타입":100,
            "주거총점":43.0,
            "지역구공급총점":100.0,
            "역세권":50,
            "30분내 이동가능 거점":40,
            "1시간내 이동가능 거점":100,
            "교통총점":57.0,
            "백화점":0,
            "아울렛몰":0,
            "대형마트":0,
            "은행":0,
            "병원":0,
            "종합병원":100,
            "공원":100,
            "혐오시설":0,
            "인프라총점":23.0,
            "초등학군":89.97,
            "중학군":46.32,
            "학군총점":55.05,
            "인구수":30.79,
            "인구증감":0.87,
            "인구총점":21.814,
            "일자리":8.32,
            "소득수준":51.28,
            "일자리총점":21.208,
            "가치 총점":42.715,
            "매매실거래년":20210711.0,
            "매매실거래가":36200.0,
            "전세실거래년":20210308.0,
            "전세실거래가":26000.0,
            "전세가율":71.82,
            "장기전세가율평균":74.67,
            "전세가율거품지수":2.85,
            "검색코드":27545,
            "세대수":112.0,
            "준공년월":"2008-04-30",
            "준공년차":15.0,
            "가까운역이름":"구명",
            "가까운역거리":589.58,
            "역세권여부":"준역세권",
            "30분이내주요거점역":2,
            "30분거점역이름":"['사상', '덕천']",
            "1시간이내주요거점역":13,
            "1시간거점역이름":"['자갈치', '남포', '부산', '범일', '서면', '부전', '온천장', '부산대', '센텀시티', '수영', '경성대·부경대', '사상', '덕천']",
            "3km이내백화점수":0,
            "5km이내아울렛몰수":0,
            "1km이내대형먀트수":0,
            "500m이내은행수":1,
            "500m이내병원수":0,
            "5km이내대형병원수":3,
            "500m이내공원수":4,
            "3km이내혐오시설수":0,
            "초등학교학업성취도":89.97,
            "중학교학업성취도":75.2,
            "용적률":250,
            "건폐율":17,
            "Y":35.198185,
            "X":129.002731,
            "rank":77.0,
            "area_info":"45평(150.82), 52평(174.35)",
            "last_sales":"2021-07-11,36200.0,45평(150.82)",
            "rank_history":[
                [
                    "202203",
                    77
                ],
                [
                    "202202",
                    69
                ],
                [
                    "202201",
                    52
                ]
            ],
            "rank_gap":-8
        },
        {
            "index":176,
            "아파트명":"동원역삼정그린코아",
            "투자타입":"일반",
            "전용면적(m2)":"81.65",
            "전용면적(평)":"24평",
            "법정동주소":"부산시 북구 금곡동 832",
            "도로명주소":"부산시 북구 효열로 135",
            "세대수":50,
            "입주년차":80,
            "용적률점수":"--",
            "건폐율점수":"--",
            "세대당주차수":30,
            "난방방식":30,
            "공급면적":"--",
            "전용률":"--",
            "욕실수":100,
            "현관타입":100,
            "주거총점":61.0,
            "지역구공급총점":100.0,
            "역세권":80,
            "30분내 이동가능 거점":20,
            "1시간내 이동가능 거점":100,
            "교통총점":66.0,
            "백화점":0,
            "아울렛몰":0,
            "대형마트":0,
            "은행":0,
            "병원":0,
            "종합병원":0,
            "공원":100,
            "혐오시설":0,
            "인프라총점":3.0,
            "초등학군":89.97,
            "중학군":46.68,
            "학군총점":55.338,
            "인구수":30.79,
            "인구증감":0.87,
            "인구총점":21.814,
            "일자리":8.32,
            "소득수준":51.28,
            "일자리총점":21.208,
            "가치 총점":42.6514,
            "매매실거래년":20211125.0,
            "매매실거래가":44800.0,
            "전세실거래년":20210118.0,
            "전세실거래가":16000.0,
            "전세가율":64.0,
            "장기전세가율평균":74.67,
            "전세가율거품지수":10.67,
            "검색코드":104592,
            "세대수":526.0,
            "준공년월":"2014-12-11",
            "준공년차":9.0,
            "가까운역이름":"동원",
            "가까운역거리":166.37,
            "역세권여부":"역세권",
            "30분이내주요거점역":1,
            "30분거점역이름":"['덕천']",
            "1시간이내주요거점역":11,
            "1시간거점역이름":"['남포', '부산', '범일', '서면', '부전', '온천장', '부산대', '수영', '경성대·부경대', '사상', '덕천']",
            "3km이내백화점수":0,
            "5km이내아울렛몰수":0,
            "1km이내대형먀트수":0,
            "500m이내은행수":1,
            "500m이내병원수":0,
            "5km이내대형병원수":0,
            "500m이내공원수":5,
            "3km이내혐오시설수":0,
            "초등학교학업성취도":89.97,
            "중학교학업성취도":75.0,
            "용적률":239,
            "건폐율":15,
            "Y":35.258905,
            "X":129.014215,
            "rank":78.0,
            "area_info":"24평(81.65), 24평(82.18), 25평(82.83), 25평(82.79), 29평(98.22), 30평(100.82), 35평(115.74), 35평(116.18)",
            "last_sales":"2021-11-25,44800.0,35평(116.18)",
            "rank_history":[
                [
                    "202203",
                    78
                ],
                [
                    "202202",
                    64
                ],
                [
                    "202201",
                    68
                ]
            ],
            "rank_gap":-14
        },
        {
            "index":299,
            "아파트명":"아남프라자",
            "투자타입":"일반",
            "전용면적(m2)":"53.0",
            "전용면적(평)":"16평",
            "법정동주소":"부산시 북구 덕천동 397-1",
            "도로명주소":"부산시 북구 금곡대로8번길 33",
            "세대수":0,
            "입주년차":20,
            "용적률점수":"--",
            "건폐율점수":"--",
            "세대당주차수":60,
            "난방방식":30,
            "공급면적":"--",
            "전용률":"--",
            "욕실수":50,
            "현관타입":10,
            "주거총점":22.0,
            "지역구공급총점":100.0,
            "역세권":50,
            "30분내 이동가능 거점":80,
            "1시간내 이동가능 거점":100,
            "교통총점":69.0,
            "백화점":0,
            "아울렛몰":0,
            "대형마트":80,
            "은행":70,
            "병원":0,
            "종합병원":100,
            "공원":0,
            "혐오시설":0,
            "인프라총점":39.0,
            "초등학군":89.96,
            "중학군":37.86,
            "학군총점":48.28,
            "인구수":30.79,
            "인구증감":0.87,
            "인구총점":21.814,
            "일자리":8.32,
            "소득수준":51.28,
            "일자리총점":21.208,
            "가치 총점":42.034,
            "매매실거래년":20211211.0,
            "매매실거래가":26000.0,
            "전세실거래년":20160325.0,
            "전세실거래가":10000.0,
            "전세가율":64.52,
            "장기전세가율평균":74.67,
            "전세가율거품지수":10.15,
            "검색코드":5430,
            "세대수":275.0,
            "준공년월":"2000-04-12",
            "준공년차":23.0,
            "가까운역이름":"숙등",
            "가까운역거리":555.69,
            "역세권여부":"준역세권",
            "30분이내주요거점역":4,
            "30분거점역이름":"['부산', '서면', '사상', '덕천']",
            "1시간이내주요거점역":15,
            "1시간거점역이름":"['하단', '자갈치', '남포', '부산', '범일', '서면', '부전', '온천장', '부산대', '장산', '센텀시티', '수영', '경성대·부경대', '사상', '덕천']",
            "3km이내백화점수":0,
            "5km이내아울렛몰수":0,
            "1km이내대형먀트수":1,
            "500m이내은행수":4,
            "500m이내병원수":0,
            "5km이내대형병원수":2,
            "500m이내공원수":0,
            "3km이내혐오시설수":0,
            "초등학교학업성취도":89.96,
            "중학교학업성취도":63.1,
            "용적률":658,
            "건폐율":69,
            "Y":35.211448,
            "X":129.007125,
            "rank":79.0,
            "area_info":"16평(53.0), 16평(54.42), 19평(64.17), 19평(64.79), 21평(72.4), 22평(76.03), 24평(81.21), 32평(106.96), 34평(114.16), 40평(133.91)",
            "last_sales":"2021-12-11,26000.0,40평(133.91)",
            "rank_history":[
                [
                    "202203",
                    79
                ],
                [
                    "202202",
                    70
                ],
                [
                    "202201",
                    78
                ]
            ],
            "rank_gap":-9
        },
        {
            "index":141,
            "아파트명":"태성캐슬",
            "투자타입":"일반",
            "전용면적(m2)":"109.83",
            "전용면적(평)":"33평",
            "법정동주소":"부산시 북구 구포동 1297",
            "도로명주소":"부산시 북구 낙동북로 752",
            "세대수":0,
            "입주년차":80,
            "용적률점수":"--",
            "건폐율점수":"--",
            "세대당주차수":30,
            "난방방식":30,
            "공급면적":"--",
            "전용률":"--",
            "욕실수":100,
            "현관타입":100,
            "주거총점":43.5,
            "지역구공급총점":100.0,
            "역세권":50,
            "30분내 이동가능 거점":20,
            "1시간내 이동가능 거점":100,
            "교통총점":51.0,
            "백화점":0,
            "아울렛몰":0,
            "대형마트":0,
            "은행":0,
            "병원":0,
            "종합병원":100,
            "공원":100,
            "혐오시설":0,
            "인프라총점":23.0,
            "초등학군":89.97,
            "중학군":46.32,
            "학군총점":55.05,
            "인구수":30.79,
            "인구증감":0.87,
            "인구총점":21.814,
            "일자리":8.32,
            "소득수준":51.28,
            "일자리총점":21.208,
            "가치 총점":41.94,
            "매매실거래년":20211018.0,
            "매매실거래가":27300.0,
            "전세실거래년":20220212.0,
            "전세실거래가":22000.0,
            "전세가율":80.59,
            "장기전세가율평균":74.67,
            "전세가율거품지수":-5.92,
            "검색코드":113042,
            "세대수":97.0,
            "준공년월":"2016-06-02",
            "준공년차":7.0,
            "가까운역이름":"구명",
            "가까운역거리":651.34,
            "역세권여부":"준역세권",
            "30분이내주요거점역":1,
            "30분거점역이름":"['덕천']",
            "1시간이내주요거점역":12,
            "1시간거점역이름":"['남포', '부산', '범일', '서면', '부전', '온천장', '부산대', '센텀시티', '수영', '경성대·부경대', '사상', '덕천']",
            "3km이내백화점수":0,
            "5km이내아울렛몰수":0,
            "1km이내대형먀트수":0,
            "500m이내은행수":1,
            "500m이내병원수":0,
            "5km이내대형병원수":2,
            "500m이내공원수":4,
            "3km이내혐오시설수":0,
            "초등학교학업성취도":89.97,
            "중학교학업성취도":75.2,
            "용적률":193,
            "건폐율":20,
            "Y":35.198389,
            "X":129.00426,
            "rank":80.0,
            "area_info":"33평(109.83)",
            "last_sales":"2021-10-18,27300.0,33평(109.83)",
            "rank_history":[
                [
                    "202203",
                    80
                ],
                [
                    "202202",
                    9999
                ]
            ],
            "rank_gap":9999
        },
        {
            "index":248,
            "아파트명":"덕천한라",
            "투자타입":"재건축",
            "전용면적(m2)":"84.15",
            "전용면적(평)":"25평",
            "법정동주소":"부산시 북구 덕천동 289-22",
            "도로명주소":"부산시 북구 덕천로52번길 20",
            "세대수":0,
            "입주년차":"--",
            "용적률점수":0,
            "건폐율점수":60,
            "세대당주차수":"--",
            "난방방식":"--",
            "공급면적":70,
            "전용률":80,
            "욕실수":"--",
            "현관타입":"--",
            "주거총점":19.5,
            "지역구공급총점":100.0,
            "역세권":50,
            "30분내 이동가능 거점":40,
            "1시간내 이동가능 거점":100,
            "교통총점":57.0,
            "백화점":0,
            "아울렛몰":0,
            "대형마트":80,
            "은행":20,
            "병원":0,
            "종합병원":100,
            "공원":100,
            "혐오시설":0,
            "인프라총점":37.0,
            "초등학군":89.96,
            "중학군":48.48,
            "학군총점":56.776,
            "인구수":30.79,
            "인구증감":0.87,
            "인구총점":21.814,
            "일자리":8.32,
            "소득수준":51.28,
            "일자리총점":21.208,
            "가치 총점":41.5578,
            "매매실거래년":20220111.0,
            "매매실거래가":15100.0,
            "전세실거래년":20211108.0,
            "전세실거래가":9000.0,
            "전세가율":64.29,
            "장기전세가율평균":74.67,
            "전세가율거품지수":10.38,
            "검색코드":5407,
            "세대수":141.0,
            "준공년월":"1992-09-09",
            "준공년차":31.0,
            "가까운역이름":"숙등",
            "가까운역거리":598.63,
            "역세권여부":"준역세권",
            "30분이내주요거점역":2,
            "30분거점역이름":"['사상', '덕천']",
            "1시간이내주요거점역":15,
            "1시간거점역이름":"['하단', '자갈치', '남포', '부산', '범일', '서면', '부전', '온천장', '부산대', '장산', '센텀시티', '수영', '경성대·부경대', '사상', '덕천']",
            "3km이내백화점수":0,
            "5km이내아울렛몰수":0,
            "1km이내대형먀트수":1,
            "500m이내은행수":2,
            "500m이내병원수":0,
            "5km이내대형병원수":3,
            "500m이내공원수":4,
            "3km이내혐오시설수":0,
            "초등학교학업성취도":89.96,
            "중학교학업성취도":80.2,
            "용적률":253,
            "건폐율":32,
            "Y":35.20729,
            "X":129.01018,
            "rank":81.0,
            "area_info":"25평(84.15), 29평(99.05), 30평(99.74), 30평(101.01), 31평(103.0), 32평(108.25), 34평(114.23), 34평(114.23)",
            "last_sales":"2022-01-11,15100.0,29평(99.05)",
            "rank_history":[
                [
                    "202203",
                    81
                ],
                [
                    "202202",
                    77
                ],
                [
                    "202201",
                    75
                ]
            ],
            "rank_gap":-4
        },
        {
            "index":332,
            "아파트명":"청우파크맨션",
            "투자타입":"일반",
            "전용면적(m2)":"102.74",
            "전용면적(평)":"31평",
            "법정동주소":"부산시 북구 덕천동 811",
            "도로명주소":"부산시 북구 덕천로 107",
            "세대수":0,
            "입주년차":0,
            "용적률점수":"--",
            "건폐율점수":"--",
            "세대당주차수":0,
            "난방방식":30,
            "공급면적":"--",
            "전용률":"--",
            "욕실수":100,
            "현관타입":100,
            "주거총점":23.0,
            "지역구공급총점":100.0,
            "역세권":80,
            "30분내 이동가능 거점":20,
            "1시간내 이동가능 거점":100,
            "교통총점":66.0,
            "백화점":0,
            "아울렛몰":0,
            "대형마트":100,
            "은행":0,
            "병원":0,
            "종합병원":100,
            "공원":100,
            "혐오시설":0,
            "인프라총점":38.0,
            "초등학군":89.99,
            "중학군":37.86,
            "학군총점":48.286,
            "인구수":30.79,
            "인구증감":0.87,
            "인구총점":21.814,
            "일자리":8.32,
            "소득수준":51.28,
            "일자리총점":21.208,
            "가치 총점":41.5358,
            "매매실거래년":20220214.0,
            "매매실거래가":19100.0,
            "전세실거래년":20210203.0,
            "전세실거래가":15500.0,
            "전세가율":81.15,
            "장기전세가율평균":74.67,
            "전세가율거품지수":-6.48,
            "검색코드":5431,
            "세대수":173.0,
            "준공년월":"1993-02-20",
            "준공년차":30.0,
            "가까운역이름":"숙등",
            "가까운역거리":357.78,
            "역세권여부":"역세권",
            "30분이내주요거점역":1,
            "30분거점역이름":"['덕천']",
            "1시간이내주요거점역":14,
            "1시간거점역이름":"['자갈치', '남포', '부산', '범일', '서면', '부전', '온천장', '부산대', '장산', '센텀시티', '수영', '경성대·부경대', '사상', '덕천']",
            "3km이내백화점수":0,
            "5km이내아울렛몰수":0,
            "1km이내대형먀트수":2,
            "500m이내은행수":1,
            "500m이내병원수":0,
            "5km이내대형병원수":4,
            "500m이내공원수":6,
            "3km이내혐오시설수":0,
            "초등학교학업성취도":89.99,
            "중학교학업성취도":63.1,
            "용적률":247,
            "건폐율":17,
            "Y":35.210463,
            "X":129.016599,
            "rank":82.0,
            "area_info":"31평(102.74)",
            "last_sales":"2022-02-14,19100.0,31평(102.74)",
            "rank_history":[
                [
                    "202203",
                    82
                ],
                [
                    "202202",
                    71
                ],
                [
                    "202201",
                    69
                ]
            ],
            "rank_gap":-11
        },
        {
            "index":56,
            "아파트명":"구포지움포유(도시형)",
            "투자타입":"일반",
            "전용면적(m2)":"60.98",
            "전용면적(평)":"18평",
            "법정동주소":"부산시 북구 구포동 431-1",
            "도로명주소":"부산시 북구 낙동대로1766번길 50",
            "세대수":0,
            "입주년차":80,
            "용적률점수":"--",
            "건폐율점수":"--",
            "세대당주차수":0,
            "난방방식":30,
            "공급면적":"--",
            "전용률":"--",
            "욕실수":50,
            "현관타입":10,
            "주거총점":25.0,
            "지역구공급총점":100.0,
            "역세권":50,
            "30분내 이동가능 거점":60,
            "1시간내 이동가능 거점":100,
            "교통총점":63.0,
            "백화점":0,
            "아울렛몰":0,
            "대형마트":80,
            "은행":0,
            "병원":0,
            "종합병원":100,
            "공원":0,
            "혐오시설":0,
            "인프라총점":32.0,
            "초등학군":90.06,
            "중학군":44.36,
            "학군총점":53.5,
            "인구수":30.79,
            "인구증감":0.87,
            "인구총점":21.814,
            "일자리":8.32,
            "소득수준":51.28,
            "일자리총점":21.208,
            "가치 총점":41.35,
            "매매실거래년":20211212.0,
            "매매실거래가":16000.0,
            "전세실거래년":20200220.0,
            "전세실거래가":14000.0,
            "전세가율":87.5,
            "장기전세가율평균":74.67,
            "전세가율거품지수":-12.83,
            "검색코드":112533,
            "세대수":56.0,
            "준공년월":"2016-11-04",
            "준공년차":7.0,
            "가까운역이름":"구포",
            "가까운역거리":501.5,
            "역세권여부":"준역세권",
            "30분이내주요거점역":3,
            "30분거점역이름":"['부산', '사상', '덕천']",
            "1시간이내주요거점역":15,
            "1시간거점역이름":"['하단', '자갈치', '남포', '부산', '범일', '서면', '부전', '온천장', '부산대', '장산', '센텀시티', '수영', '경성대·부경대', '사상', '덕천']",
            "3km이내백화점수":0,
            "5km이내아울렛몰수":0,
            "1km이내대형먀트수":1,
            "500m이내은행수":0,
            "500m이내병원수":0,
            "5km이내대형병원수":2,
            "500m이내공원수":0,
            "3km이내혐오시설수":0,
            "초등학교학업성취도":90.06,
            "중학교학업성취도":72.6,
            "용적률":694,
            "건폐율":63,
            "Y":35.207351,
            "X":129.001789,
            "rank":83.0,
            "area_info":"18평(60.98), 18평(60.69)",
            "last_sales":"2021-12-12,16000.0,18평(60.98)",
            "rank_history":[
                [
                    "202203",
                    83
                ],
                [
                    "202202",
                    9999
                ]
            ],
            "rank_gap":9999
        },
        {
            "index":166,
            "아파트명":"금곡주공6단지",
            "투자타입":"일반",
            "전용면적(m2)":"67.85",
            "전용면적(평)":"20평",
            "법정동주소":"부산시 북구 금곡동 1110",
            "도로명주소":"부산시 북구 효열로 40",
            "세대수":50,
            "입주년차":0,
            "용적률점수":"--",
            "건폐율점수":"--",
            "세대당주차수":0,
            "난방방식":30,
            "공급면적":"--",
            "전용률":"--",
            "욕실수":50,
            "현관타입":10,
            "주거총점":26.5,
            "지역구공급총점":100.0,
            "역세권":80,
            "30분내 이동가능 거점":20,
            "1시간내 이동가능 거점":100,
            "교통총점":66.0,
            "백화점":0,
            "아울렛몰":0,
            "대형마트":0,
            "은행":0,
            "병원":0,
            "종합병원":100,
            "공원":100,
            "혐오시설":0,
            "인프라총점":23.0,
            "초등학군":89.96,
            "중학군":51.72,
            "학군총점":59.368,
            "인구수":30.79,
            "인구증감":0.87,
            "인구총점":21.814,
            "일자리":8.32,
            "소득수준":51.28,
            "일자리총점":21.208,
            "가치 총점":41.2354,
            "매매실거래년":20220107.0,
            "매매실거래가":13500.0,
            "전세실거래년":null,
            "전세실거래가":null,
            "전세가율":null,
            "장기전세가율평균":74.67,
            "전세가율거품지수":null,
            "검색코드":5370,
            "세대수":504.0,
            "준공년월":"1995-08-16",
            "준공년차":28.0,
            "가까운역이름":"율리",
            "가까운역거리":331.75,
            "역세권여부":"역세권",
            "30분이내주요거점역":1,
            "30분거점역이름":"['덕천']",
            "1시간이내주요거점역":10,
            "1시간거점역이름":"['부산', '범일', '서면', '부전', '온천장', '부산대', '수영', '경성대·부경대', '사상', '덕천']",
            "3km이내백화점수":0,
            "5km이내아울렛몰수":0,
            "1km이내대형먀트수":0,
            "500m이내은행수":1,
            "500m이내병원수":0,
            "5km이내대형병원수":2,
            "500m이내공원수":4,
            "3km이내혐오시설수":0,
            "초등학교학업성취도":89.96,
            "중학교학업성취도":83.4,
            "용적률":152,
            "건폐율":9,
            "Y":35.248476,
            "X":129.015305,
            "rank":84.0,
            "area_info":"20평(67.85), 20평(68.11), 20평(68.13), 20평(68.22)",
            "last_sales":"2022-01-07,13500.0,20평(68.22)",
            "rank_history":[
                [
                    "202203",
                    84
                ],
                [
                    "202202",
                    73
                ],
                [
                    "202201",
                    79
                ]
            ],
            "rank_gap":-11
        },
        {
            "index":553,
            "아파트명":"코오롱",
            "투자타입":"일반",
            "전용면적(m2)":"105.73",
            "전용면적(평)":"31평",
            "법정동주소":"부산시 북구 화명동 310",
            "도로명주소":"부산시 북구 양달로 80-11",
            "세대수":50,
            "입주년차":0,
            "용적률점수":"--",
            "건폐율점수":"--",
            "세대당주차수":0,
            "난방방식":30,
            "공급면적":"--",
            "전용률":"--",
            "욕실수":100,
            "현관타입":100,
            "주거총점":40.5,
            "지역구공급총점":100.0,
            "역세권":50,
            "30분내 이동가능 거점":20,
            "1시간내 이동가능 거점":90,
            "교통총점":49.0,
            "백화점":0,
            "아울렛몰":0,
            "대형마트":0,
            "은행":0,
            "병원":0,
            "종합병원":100,
            "공원":100,
            "혐오시설":0,
            "인프라총점":23.0,
            "초등학군":90.02,
            "중학군":47.74,
            "학군총점":56.196,
            "인구수":30.79,
            "인구증감":0.87,
            "인구총점":21.814,
            "일자리":8.32,
            "소득수준":51.28,
            "일자리총점":21.208,
            "가치 총점":41.2338,
            "매매실거래년":20211228.0,
            "매매실거래가":27500.0,
            "전세실거래년":20220106.0,
            "전세실거래가":22000.0,
            "전세가율":80.0,
            "장기전세가율평균":74.67,
            "전세가율거품지수":-5.33,
            "검색코드":5531,
            "세대수":450.0,
            "준공년월":"1997-03-04",
            "준공년차":26.0,
            "가까운역이름":"율리",
            "가까운역거리":977.33,
            "역세권여부":"준역세권",
            "30분이내주요거점역":1,
            "30분거점역이름":"['덕천']",
            "1시간이내주요거점역":9,
            "1시간거점역이름":"['남포', '부산', '서면', '부전', '온천장', '부산대', '수영', '사상', '덕천']",
            "3km이내백화점수":0,
            "5km이내아울렛몰수":0,
            "1km이내대형먀트수":0,
            "500m이내은행수":0,
            "500m이내병원수":0,
            "5km이내대형병원수":2,
            "500m이내공원수":3,
            "3km이내혐오시설수":0,
            "초등학교학업성취도":90.02,
            "중학교학업성취도":78.3,
            "용적률":204,
            "건폐율":20,
            "Y":35.24393,
            "X":129.023247,
            "rank":85.0,
            "area_info":"31평(105.73), 36평(120.99)",
            "last_sales":"2021-12-28,27500.0,31평(105.73)",
            "rank_history":[
                [
                    "202203",
                    85
                ],
                [
                    "202202",
                    72
                ],
                [
                    "202201",
                    65
                ]
            ],
            "rank_gap":-13
        },
        {
            "index":207,
            "아파트명":"이안금곡",
            "투자타입":"일반",
            "전용면적(m2)":"108.64",
            "전용면적(평)":"32평",
            "법정동주소":"부산시 북구 금곡동 1909",
            "도로명주소":"부산시 북구 금곡대로550번길 6",
            "세대수":0,
            "입주년차":40,
            "용적률점수":"--",
            "건폐율점수":"--",
            "세대당주차수":30,
            "난방방식":30,
            "공급면적":"--",
            "전용률":"--",
            "욕실수":100,
            "현관타입":100,
            "주거총점":35.5,
            "지역구공급총점":100.0,
            "역세권":80,
            "30분내 이동가능 거점":20,
            "1시간내 이동가능 거점":100,
            "교통총점":66.0,
            "백화점":0,
            "아울렛몰":0,
            "대형마트":0,
            "은행":0,
            "병원":0,
            "종합병원":80,
            "공원":100,
            "혐오시설":0,
            "인프라총점":19.0,
            "초등학군":89.96,
            "중학군":46.68,
            "학군총점":55.336,
            "인구수":30.79,
            "인구증감":0.87,
            "인구총점":21.814,
            "일자리":8.32,
            "소득수준":51.28,
            "일자리총점":21.208,
            "가치 총점":41.0758,
            "매매실거래년":20220209.0,
            "매매실거래가":25300.0,
            "전세실거래년":20211218.0,
            "전세실거래가":17850.0,
            "전세가율":70.55,
            "장기전세가율평균":74.67,
            "전세가율거품지수":4.12,
            "검색코드":19295,
            "세대수":215.0,
            "준공년월":"2006-07-28",
            "준공년차":17.0,
            "가까운역이름":"동원",
            "가까운역거리":241.09,
            "역세권여부":"역세권",
            "30분이내주요거점역":1,
            "30분거점역이름":"['덕천']",
            "1시간이내주요거점역":10,
            "1시간거점역이름":"['부산', '범일', '서면', '부전', '온천장', '부산대', '수영', '경성대·부경대', '사상', '덕천']",
            "3km이내백화점수":0,
            "5km이내아울렛몰수":0,
            "1km이내대형먀트수":0,
            "500m이내은행수":0,
            "500m이내병원수":0,
            "5km이내대형병원수":1,
            "500m이내공원수":3,
            "3km이내혐오시설수":0,
            "초등학교학업성취도":89.96,
            "중학교학업성취도":75.0,
            "용적률":298,
            "건폐율":19,
            "Y":35.256509,
            "X":129.011954,
            "rank":86.0,
            "area_info":"32평(108.64), 32평(108.64), 33평(111.45), 33평(111.36), 33평(111.45)",
            "last_sales":"2022-02-09,25300.0,32평(108.64)",
            "rank_history":[
                [
                    "202203",
                    86
                ],
                [
                    "202202",
                    74
                ],
                [
                    "202201",
                    83
                ]
            ],
            "rank_gap":-12
        },
        {
            "index":403,
            "아파트명":"만덕현대",
            "투자타입":"일반",
            "전용면적(m2)":"78.51",
            "전용면적(평)":"23평",
            "법정동주소":"부산시 북구 만덕동 234-1",
            "도로명주소":"부산시 북구 만덕3로 45",
            "세대수":0,
            "입주년차":0,
            "용적률점수":"--",
            "건폐율점수":"--",
            "세대당주차수":0,
            "난방방식":30,
            "공급면적":"--",
            "전용률":"--",
            "욕실수":50,
            "현관타입":100,
            "주거총점":18.0,
            "지역구공급총점":100.0,
            "역세권":80,
            "30분내 이동가능 거점":20,
            "1시간내 이동가능 거점":100,
            "교통총점":66.0,
            "백화점":0,
            "아울렛몰":0,
            "대형마트":100,
            "은행":20,
            "병원":0,
            "종합병원":100,
            "공원":100,
            "혐오시설":0,
            "인프라총점":40.0,
            "초등학군":90.0,
            "중학군":38.58,
            "학군총점":48.864,
            "인구수":30.79,
            "인구증감":0.87,
            "인구총점":21.814,
            "일자리":8.32,
            "소득수준":51.28,
            "일자리총점":21.208,
            "가치 총점":41.0592,
            "매매실거래년":20220122.0,
            "매매실거래가":25000.0,
            "전세실거래년":20220223.0,
            "전세실거래가":14700.0,
            "전세가율":79.89,
            "장기전세가율평균":74.67,
            "전세가율거품지수":-5.22,
            "검색코드":5490,
            "세대수":211.0,
            "준공년월":"1997-06-03",
            "준공년차":26.0,
            "가까운역이름":"남산정",
            "가까운역거리":447.47,
            "역세권여부":"역세권",
            "30분이내주요거점역":1,
            "30분거점역이름":"['덕천']",
            "1시간이내주요거점역":14,
            "1시간거점역이름":"['자갈치', '남포', '부산', '범일', '서면', '부전', '온천장', '부산대', '장산', '센텀시티', '수영', '경성대·부경대', '사상', '덕천']",
            "3km이내백화점수":0,
            "5km이내아울렛몰수":0,
            "1km이내대형먀트수":2,
            "500m이내은행수":2,
            "500m이내병원수":0,
            "5km이내대형병원수":5,
            "500m이내공원수":4,
            "3km이내혐오시설수":0,
            "초등학교학업성취도":90.0,
            "중학교학업성취도":63.7,
            "용적률":391,
            "건폐율":25,
            "Y":35.212337,
            "X":129.028528,
            "rank":87.0,
            "area_info":"23평(78.51), 31평(104.36)",
            "last_sales":"2022-01-22,25000.0,31평(104.36)",
            "rank_history":[
                [
                    "202203",
                    87
                ],
                [
                    "202202",
                    75
                ],
                [
                    "202201",
                    76
                ]
            ],
            "rank_gap":-12
        },
        {
            "index":443,
            "아파트명":"한신",
            "투자타입":"재건축",
            "전용면적(m2)":"63.92",
            "전용면적(평)":"19평",
            "법정동주소":"부산시 북구 만덕동 861-1",
            "도로명주소":"부산시 북구 덕천로386번길 1",
            "세대수":0,
            "입주년차":"--",
            "용적률점수":0,
            "건폐율점수":0,
            "세대당주차수":"--",
            "난방방식":"--",
            "공급면적":50,
            "전용률":80,
            "욕실수":"--",
            "현관타입":"--",
            "주거총점":6.5,
            "지역구공급총점":100.0,
            "역세권":50,
            "30분내 이동가능 거점":0,
            "1시간내 이동가능 거점":100,
            "교통총점":45.0,
            "백화점":100,
            "아울렛몰":0,
            "대형마트":0,
            "은행":0,
            "병원":0,
            "종합병원":100,
            "공원":100,
            "혐오시설":-50,
            "인프라총점":52.0,
            "초등학군":89.98,
            "중학군":48.36,
            "학군총점":56.684,
            "인구수":30.79,
            "인구증감":0.87,
            "인구총점":21.814,
            "일자리":8.32,
            "소득수준":51.28,
            "일자리총점":21.208,
            "가치 총점":40.9802,
            "매매실거래년":"18000101",
            "매매실거래가":null,
            "전세실거래년":null,
            "전세실거래가":null,
            "전세가율":null,
            "장기전세가율평균":74.67,
            "전세가율거품지수":null,
            "검색코드":10823,
            "세대수":168.0,
            "준공년월":"1990-11-03",
            "준공년차":33.0,
            "가까운역이름":"만덕",
            "가까운역거리":964.72,
            "역세권여부":"준역세권",
            "30분이내주요거점역":0,
            "30분거점역이름":"[]",
            "1시간이내주요거점역":14,
            "1시간거점역이름":"['자갈치', '남포', '부산', '범일', '서면', '부전', '온천장', '부산대', '장산', '센텀시티', '수영', '경성대·부경대', '사상', '덕천']",
            "3km이내백화점수":1,
            "5km이내아울렛몰수":0,
            "1km이내대형먀트수":0,
            "500m이내은행수":0,
            "500m이내병원수":0,
            "5km이내대형병원수":6,
            "500m이내공원수":3,
            "3km이내혐오시설수":1,
            "초등학교학업성취도":89.98,
            "중학교학업성취도":78.4,
            "용적률":0,
            "건폐율":0,
            "Y":35.208979,
            "X":129.045682,
            "rank":88.0,
            "area_info":"19평(63.92), 20평(69.18)",
            "last_sales":"1800-01-01,nan,19평(63.92)",
            "rank_history":[
                [
                    "202203",
                    88
                ],
                [
                    "202202",
                    76
                ],
                [
                    "202201",
                    67
                ]
            ],
            "rank_gap":-12
        },
        {
            "index":462,
            "아파트명":"그린숲속",
            "투자타입":"일반",
            "전용면적(m2)":"80.81",
            "전용면적(평)":"24평",
            "법정동주소":"부산시 북구 화명동 512",
            "도로명주소":"부산시 북구 산성로 88",
            "세대수":90,
            "입주년차":0,
            "용적률점수":"--",
            "건폐율점수":"--",
            "세대당주차수":0,
            "난방방식":30,
            "공급면적":"--",
            "전용률":"--",
            "욕실수":50,
            "현관타입":10,
            "주거총점":40.5,
            "지역구공급총점":100.0,
            "역세권":50,
            "30분내 이동가능 거점":20,
            "1시간내 이동가능 거점":80,
            "교통총점":47.0,
            "백화점":0,
            "아울렛몰":0,
            "대형마트":0,
            "은행":0,
            "병원":0,
            "종합병원":100,
            "공원":100,
            "혐오시설":0,
            "인프라총점":23.0,
            "초등학군":90.02,
            "중학군":47.74,
            "학군총점":56.196,
            "인구수":30.79,
            "인구증감":0.87,
            "인구총점":21.814,
            "일자리":8.32,
            "소득수준":51.28,
            "일자리총점":21.208,
            "가치 총점":40.9338,
            "매매실거래년":20220128.0,
            "매매실거래가":12000.0,
            "전세실거래년":20220124.0,
            "전세실거래가":11000.0,
            "전세가율":91.67,
            "장기전세가율평균":74.67,
            "전세가율거품지수":-17.0,
            "검색코드":101069,
            "세대수":900.0,
            "준공년월":"1996-06-08",
            "준공년차":27.0,
            "가까운역이름":"화명",
            "가까운역거리":982.17,
            "역세권여부":"준역세권",
            "30분이내주요거점역":1,
            "30분거점역이름":"['덕천']",
            "1시간이내주요거점역":8,
            "1시간거점역이름":"['부산', '서면', '부전', '온천장', '부산대', '수영', '사상', '덕천']",
            "3km이내백화점수":0,
            "5km이내아울렛몰수":0,
            "1km이내대형먀트수":0,
            "500m이내은행수":0,
            "500m이내병원수":0,
            "5km이내대형병원수":2,
            "500m이내공원수":3,
            "3km이내혐오시설수":0,
            "초등학교학업성취도":90.02,
            "중학교학업성취도":78.3,
            "용적률":225,
            "건폐율":18,
            "Y":35.241015,
            "X":129.022584,
            "rank":89.0,
            "area_info":"24평(80.81)",
            "last_sales":"2022-01-28,12000.0,24평(80.81)",
            "rank_history":[
                [
                    "202203",
                    89
                ],
                [
                    "202202",
                    92
                ],
                [
                    "202201",
                    65
                ]
            ],
            "rank_gap":3
        },
        {
            "index":6,
            "아파트명":"구포대성",
            "투자타입":"재건축",
            "전용면적(m2)":"57.29",
            "전용면적(평)":"17평",
            "법정동주소":"부산시 북구 구포동 923-119",
            "도로명주소":"부산시 북구 구남언덕로20번길 7",
            "세대수":50,
            "입주년차":"--",
            "용적률점수":0,
            "건폐율점수":0,
            "세대당주차수":"--",
            "난방방식":"--",
            "공급면적":50,
            "전용률":80,
            "욕실수":"--",
            "현관타입":"--",
            "주거총점":21.5,
            "지역구공급총점":100.0,
            "역세권":80,
            "30분내 이동가능 거점":80,
            "1시간내 이동가능 거점":100,
            "교통총점":84.0,
            "백화점":0,
            "아울렛몰":0,
            "대형마트":0,
            "은행":0,
            "병원":0,
            "종합병원":100,
            "공원":80,
            "혐오시설":0,
            "인프라총점":22.4,
            "초등학군":89.99,
            "중학군":44.36,
            "학군총점":53.486,
            "인구수":30.79,
            "인구증감":0.87,
            "인구총점":21.814,
            "일자리":8.32,
            "소득수준":51.28,
            "일자리총점":21.208,
            "가치 총점":40.7408,
            "매매실거래년":20211015.0,
            "매매실거래가":19500.0,
            "전세실거래년":20211023.0,
            "전세실거래가":6300.0,
            "전세가율":32.31,
            "장기전세가율평균":74.67,
            "전세가율거품지수":42.36,
            "검색코드":5327,
            "세대수":499.0,
            "준공년월":"1986-07-25",
            "준공년차":37.0,
            "가까운역이름":"구명",
            "가까운역거리":446.65,
            "역세권여부":"역세권",
            "30분이내주요거점역":4,
            "30분거점역이름":"['부산', '서면', '사상', '덕천']",
            "1시간이내주요거점역":13,
            "1시간거점역이름":"['하단', '자갈치', '남포', '부산', '범일', '서면', '온천장', '부산대', '센텀시티', '수영', '경성대·부경대', '사상', '덕천']",
            "3km이내백화점수":0,
            "5km이내아울렛몰수":0,
            "1km이내대형먀트수":0,
            "500m이내은행수":1,
            "500m이내병원수":0,
            "5km이내대형병원수":2,
            "500m이내공원수":1,
            "3km이내혐오시설수":0,
            "초등학교학업성취도":89.99,
            "중학교학업성취도":72.6,
            "용적률":0,
            "건폐율":0,
            "Y":35.200951,
            "X":128.995198,
            "rank":90.0,
            "area_info":"17평(57.29), 19평(65.42), 21평(70.78)",
            "last_sales":"2021-10-15,19500.0,17평(57.29)",
            "rank_history":[
                [
                    "202203",
                    90
                ],
                [
                    "202202",
                    88
                ],
                [
                    "202201",
                    92
                ]
            ],
            "rank_gap":-2
        },
        {
            "index":152,
            "아파트명":"협진태양",
            "투자타입":"일반",
            "전용면적(m2)":"53.55",
            "전용면적(평)":"16평",
            "법정동주소":"부산시 북구 구포동 1084-3",
            "도로명주소":"부산시 북구 백양대로 1025",
            "세대수":0,
            "입주년차":0,
            "용적률점수":"--",
            "건폐율점수":"--",
            "세대당주차수":30,
            "난방방식":30,
            "공급면적":"--",
            "전용률":"--",
            "욕실수":50,
            "현관타입":100,
            "주거총점":22.5,
            "지역구공급총점":100.0,
            "역세권":80,
            "30분내 이동가능 거점":60,
            "1시간내 이동가능 거점":100,
            "교통총점":78.0,
            "백화점":0,
            "아울렛몰":0,
            "대형마트":0,
            "은행":0,
            "병원":0,
            "종합병원":100,
            "공원":80,
            "혐오시설":0,
            "인프라총점":22.4,
            "초등학군":89.99,
            "중학군":46.32,
            "학군총점":55.054,
            "인구수":30.79,
            "인구증감":0.87,
            "인구총점":21.814,
            "일자리":8.32,
            "소득수준":51.28,
            "일자리총점":21.208,
            "가치 총점":40.5612,
            "매매실거래년":20210911.0,
            "매매실거래가":29500.0,
            "전세실거래년":20121008.0,
            "전세실거래가":8000.0,
            "전세가율":56.14,
            "장기전세가율평균":74.67,
            "전세가율거품지수":18.53,
            "검색코드":5346,
            "세대수":207.0,
            "준공년월":"1997-12-24",
            "준공년차":26.0,
            "가까운역이름":"구남",
            "가까운역거리":139.78,
            "역세권여부":"역세권",
            "30분이내주요거점역":3,
            "30분거점역이름":"['서면', '사상', '덕천']",
            "1시간이내주요거점역":15,
            "1시간거점역이름":"['하단', '자갈치', '남포', '부산', '범일', '서면', '부전', '온천장', '부산대', '장산', '센텀시티', '수영', '경성대·부경대', '사상', '덕천']",
            "3km이내백화점수":0,
            "5km이내아울렛몰수":0,
            "1km이내대형먀트수":0,
            "500m이내은행수":0,
            "500m이내병원수":0,
            "5km이내대형병원수":2,
            "500m이내공원수":1,
            "3km이내혐오시설수":0,
            "초등학교학업성취도":89.99,
            "중학교학업성취도":75.2,
            "용적률":397,
            "건폐율":41,
            "Y":35.197933,
            "X":128.995085,
            "rank":91.0,
            "area_info":"16평(53.55), 22평(74.17), 29평(99.1), 30평(101.74), 37평(124.3), 41평(136.39)",
            "last_sales":"2021-09-11,29500.0,29평(99.1)",
            "rank_history":[
                [
                    "202203",
                    91
                ],
                [
                    "202202",
                    85
                ],
                [
                    "202201",
                    85
                ]
            ],
            "rank_gap":-6
        },
        {
            "index":256,
            "아파트명":"덕천한성맨션",
            "투자타입":"재건축",
            "전용면적(m2)":"52.43",
            "전용면적(평)":"15평",
            "법정동주소":"부산시 북구 덕천동 250-9",
            "도로명주소":"부산시 북구 의성로127번길 28",
            "세대수":0,
            "입주년차":"--",
            "용적률점수":0,
            "건폐율점수":0,
            "세대당주차수":"--",
            "난방방식":"--",
            "공급면적":50,
            "전용률":80,
            "욕실수":"--",
            "현관타입":"--",
            "주거총점":6.5,
            "지역구공급총점":100.0,
            "역세권":80,
            "30분내 이동가능 거점":20,
            "1시간내 이동가능 거점":100,
            "교통총점":66.0,
            "백화점":0,
            "아울렛몰":0,
            "대형마트":100,
            "은행":20,
            "병원":0,
            "종합병원":100,
            "공원":100,
            "혐오시설":0,
            "인프라총점":40.0,
            "초등학군":89.99,
            "중학군":48.48,
            "학군총점":56.782,
            "인구수":30.79,
            "인구증감":0.87,
            "인구총점":21.814,
            "일자리":8.32,
            "소득수준":51.28,
            "일자리총점":21.208,
            "가치 총점":40.5596,
            "매매실거래년":20211029.0,
            "매매실거래가":15400.0,
            "전세실거래년":20220218.0,
            "전세실거래가":9000.0,
            "전세가율":58.44,
            "장기전세가율평균":74.67,
            "전세가율거품지수":16.23,
            "검색코드":24439,
            "세대수":182.0,
            "준공년월":"1985-09-26",
            "준공년차":38.0,
            "가까운역이름":"숙등",
            "가까운역거리":290.04,
            "역세권여부":"역세권",
            "30분이내주요거점역":1,
            "30분거점역이름":"['덕천']",
            "1시간이내주요거점역":15,
            "1시간거점역이름":"['하단', '자갈치', '남포', '부산', '범일', '서면', '부전', '온천장', '부산대', '장산', '센텀시티', '수영', '경성대·부경대', '사상', '덕천']",
            "3km이내백화점수":0,
            "5km이내아울렛몰수":0,
            "1km이내대형먀트수":2,
            "500m이내은행수":2,
            "500m이내병원수":0,
            "5km이내대형병원수":3,
            "500m이내공원수":8,
            "3km이내혐오시설수":0,
            "초등학교학업성취도":89.99,
            "중학교학업성취도":80.2,
            "용적률":0,
            "건폐율":0,
            "Y":35.209475,
            "X":129.012985,
            "rank":92.0,
            "area_info":"15평(52.43), 18평(59.98), 20평(68.44)",
            "last_sales":"2021-10-29,15400.0,15평(52.43)",
            "rank_history":[
                [
                    "202203",
                    92
                ],
                [
                    "202202",
                    78
                ],
                [
                    "202201",
                    82
                ]
            ],
            "rank_gap":-14
        },
        {
            "index":479,
            "아파트명":"도시화명그린(295)",
            "투자타입":"일반",
            "전용면적(m2)":"69.02",
            "전용면적(평)":"20평",
            "법정동주소":"부산시 북구 화명동 295",
            "도로명주소":"부산시 북구 양달로 69",
            "세대수":80,
            "입주년차":0,
            "용적률점수":"--",
            "건폐율점수":"--",
            "세대당주차수":0,
            "난방방식":30,
            "공급면적":"--",
            "전용률":"--",
            "욕실수":50,
            "현관타입":10,
            "주거총점":37.0,
            "지역구공급총점":100.0,
            "역세권":50,
            "30분내 이동가능 거점":20,
            "1시간내 이동가능 거점":90,
            "교통총점":49.0,
            "백화점":0,
            "아울렛몰":0,
            "대형마트":0,
            "은행":0,
            "병원":0,
            "종합병원":100,
            "공원":100,
            "혐오시설":0,
            "인프라총점":23.0,
            "초등학군":90.02,
            "중학군":47.74,
            "학군총점":56.196,
            "인구수":30.79,
            "인구증감":0.87,
            "인구총점":21.814,
            "일자리":8.32,
            "소득수준":51.28,
            "일자리총점":21.208,
            "가치 총점":40.3588,
            "매매실거래년":20220219.0,
            "매매실거래가":12400.0,
            "전세실거래년":20220217.0,
            "전세실거래가":12000.0,
            "전세가율":96.77,
            "장기전세가율평균":74.67,
            "전세가율거품지수":-22.1,
            "검색코드":5524,
            "세대수":720.0,
            "준공년월":"1996-04-27",
            "준공년차":27.0,
            "가까운역이름":"율리",
            "가까운역거리":924.19,
            "역세권여부":"준역세권",
            "30분이내주요거점역":1,
            "30분거점역이름":"['덕천']",
            "1시간이내주요거점역":9,
            "1시간거점역이름":"['남포', '부산', '서면', '부전', '온천장', '부산대', '수영', '사상', '덕천']",
            "3km이내백화점수":0,
            "5km이내아울렛몰수":0,
            "1km이내대형먀트수":0,
            "500m이내은행수":0,
            "500m이내병원수":0,
            "5km이내대형병원수":2,
            "500m이내공원수":2,
            "3km이내혐오시설수":0,
            "초등학교학업성취도":90.02,
            "중학교학업성취도":78.3,
            "용적률":243,
            "건폐율":15,
            "Y":35.244951,
            "X":129.022919,
            "rank":93.0,
            "area_info":"20평(69.02)",
            "last_sales":"2022-02-19,12400.0,20평(69.02)",
            "rank_history":[
                [
                    "202203",
                    93
                ],
                [
                    "202202",
                    79
                ],
                [
                    "202201",
                    72
                ]
            ],
            "rank_gap":-14
        },
        {
            "index":478,
            "아파트명":"도시화명그린(206)",
            "투자타입":"일반",
            "전용면적(m2)":"69.19",
            "전용면적(평)":"20평",
            "법정동주소":"부산시 북구 화명동 206",
            "도로명주소":"부산시 북구 양달로 53",
            "세대수":50,
            "입주년차":0,
            "용적률점수":"--",
            "건폐율점수":"--",
            "세대당주차수":0,
            "난방방식":30,
            "공급면적":"--",
            "전용률":"--",
            "욕실수":50,
            "현관타입":100,
            "주거총점":35.5,
            "지역구공급총점":100.0,
            "역세권":50,
            "30분내 이동가능 거점":20,
            "1시간내 이동가능 거점":100,
            "교통총점":51.0,
            "백화점":0,
            "아울렛몰":0,
            "대형마트":0,
            "은행":0,
            "병원":0,
            "종합병원":100,
            "공원":100,
            "혐오시설":0,
            "인프라총점":23.0,
            "초등학군":90.09,
            "중학군":47.74,
            "학군총점":56.21,
            "인구수":30.79,
            "인구증감":0.87,
            "인구총점":21.814,
            "일자리":8.32,
            "소득수준":51.28,
            "일자리총점":21.208,
            "가치 총점":40.288,
            "매매실거래년":20220218.0,
            "매매실거래가":13000.0,
            "전세실거래년":20211013.0,
            "전세실거래가":11500.0,
            "전세가율":88.46,
            "장기전세가율평균":74.67,
            "전세가율거품지수":-13.79,
            "검색코드":102016,
            "세대수":400.0,
            "준공년월":"1996-06-08",
            "준공년차":27.0,
            "가까운역이름":"율리",
            "가까운역거리":545.34,
            "역세권여부":"준역세권",
            "30분이내주요거점역":1,
            "30분거점역이름":"['덕천']",
            "1시간이내주요거점역":10,
            "1시간거점역이름":"['부산', '범일', '서면', '부전', '온천장', '부산대', '수영', '경성대·부경대', '사상', '덕천']",
            "3km이내백화점수":0,
            "5km이내아울렛몰수":0,
            "1km이내대형먀트수":0,
            "500m이내은행수":0,
            "500m이내병원수":0,
            "5km이내대형병원수":2,
            "500m이내공원수":3,
            "3km이내혐오시설수":0,
            "초등학교학업성취도":90.09,
            "중학교학업성취도":78.3,
            "용적률":202,
            "건폐율":13,
            "Y":35.243381,
            "X":129.017735,
            "rank":94.0,
            "area_info":"20평(69.19)",
            "last_sales":"2022-02-18,13000.0,20평(69.19)",
            "rank_history":[
                [
                    "202203",
                    94
                ],
                [
                    "202202",
                    80
                ],
                [
                    "202201",
                    73
                ]
            ],
            "rank_gap":-14
        },
        {
            "index":525,
            "아파트명":"보경그린",
            "투자타입":"일반",
            "전용면적(m2)":"79.75",
            "전용면적(평)":"24평",
            "법정동주소":"부산시 북구 화명동 886",
            "도로명주소":"부산시 북구 금곡대로200번길 63",
            "세대수":0,
            "입주년차":0,
            "용적률점수":"--",
            "건폐율점수":"--",
            "세대당주차수":0,
            "난방방식":30,
            "공급면적":"--",
            "전용률":"--",
            "욕실수":50,
            "현관타입":100,
            "주거총점":18.0,
            "지역구공급총점":100.0,
            "역세권":50,
            "30분내 이동가능 거점":20,
            "1시간내 이동가능 거점":90,
            "교통총점":49.0,
            "백화점":0,
            "아울렛몰":0,
            "대형마트":80,
            "은행":0,
            "병원":0,
            "종합병원":100,
            "공원":100,
            "혐오시설":0,
            "인프라총점":35.0,
            "초등학군":90.0,
            "중학군":51.36,
            "학군총점":59.088,
            "인구수":30.79,
            "인구증감":0.87,
            "인구총점":21.814,
            "일자리":8.32,
            "소득수준":51.28,
            "일자리총점":21.208,
            "가치 총점":40.0764,
            "매매실거래년":20211218.0,
            "매매실거래가":12600.0,
            "전세실거래년":20200720.0,
            "전세실거래가":11000.0,
            "전세가율":87.3,
            "장기전세가율평균":74.67,
            "전세가율거품지수":-12.63,
            "검색코드":13414,
            "세대수":98.0,
            "준공년월":"1998-08-14",
            "준공년차":25.0,
            "가까운역이름":"덕천",
            "가까운역거리":634.28,
            "역세권여부":"준역세권",
            "30분이내주요거점역":1,
            "30분거점역이름":"['덕천']",
            "1시간이내주요거점역":9,
            "1시간거점역이름":"['부산', '범일', '서면', '온천장', '부산대', '수영', '경성대·부경대', '사상', '덕천']",
            "3km이내백화점수":0,
            "5km이내아울렛몰수":0,
            "1km이내대형먀트수":1,
            "500m이내은행수":0,
            "500m이내병원수":0,
            "5km이내대형병원수":2,
            "500m이내공원수":4,
            "3km이내혐오시설수":0,
            "초등학교학업성취도":90.0,
            "중학교학업성취도":84.6,
            "용적률":372,
            "건폐율":35,
            "Y":35.226787,
            "X":129.014518,
            "rank":95.0,
            "area_info":"24평(79.75)",
            "last_sales":"2021-12-18,12600.0,24평(79.75)",
            "rank_history":[
                [
                    "202203",
                    95
                ],
                [
                    "202202",
                    9999
                ]
            ],
            "rank_gap":9999
        },
        {
            "index":373,
            "아파트명":"동원맨션",
            "투자타입":"재건축",
            "전용면적(m2)":"53.71",
            "전용면적(평)":"16평",
            "법정동주소":"부산시 북구 만덕동 839-1",
            "도로명주소":"부산시 북구 덕천로276번길 5",
            "세대수":0,
            "입주년차":"--",
            "용적률점수":0,
            "건폐율점수":0,
            "세대당주차수":"--",
            "난방방식":"--",
            "공급면적":50,
            "전용률":80,
            "욕실수":"--",
            "현관타입":"--",
            "주거총점":6.5,
            "지역구공급총점":100.0,
            "역세권":80,
            "30분내 이동가능 거점":40,
            "1시간내 이동가능 거점":100,
            "교통총점":72.0,
            "백화점":0,
            "아울렛몰":0,
            "대형마트":80,
            "은행":0,
            "병원":0,
            "종합병원":100,
            "공원":100,
            "혐오시설":0,
            "인프라총점":35.0,
            "초등학군":89.98,
            "중학군":48.36,
            "학군총점":56.684,
            "인구수":30.79,
            "인구증감":0.87,
            "인구총점":21.814,
            "일자리":8.32,
            "소득수준":51.28,
            "일자리총점":21.208,
            "가치 총점":39.9302,
            "매매실거래년":20210702.0,
            "매매실거래가":21000.0,
            "전세실거래년":20151226.0,
            "전세실거래가":6000.0,
            "전세가율":46.88,
            "장기전세가율평균":74.67,
            "전세가율거품지수":27.79,
            "검색코드":5504,
            "세대수":277.0,
            "준공년월":"1988-04-20",
            "준공년차":35.0,
            "가까운역이름":"만덕",
            "가까운역거리":438.33,
            "역세권여부":"역세권",
            "30분이내주요거점역":2,
            "30분거점역이름":"['수영', '덕천']",
            "1시간이내주요거점역":14,
            "1시간거점역이름":"['자갈치', '남포', '부산', '범일', '서면', '부전', '온천장', '부산대', '장산', '센텀시티', '수영', '경성대·부경대', '사상', '덕천']",
            "3km이내백화점수":0,
            "5km이내아울렛몰수":0,
            "1km이내대형먀트수":1,
            "500m이내은행수":0,
            "500m이내병원수":0,
            "5km이내대형병원수":5,
            "500m이내공원수":6,
            "3km이내혐오시설수":0,
            "초등학교학업성취도":89.98,
            "중학교학업성취도":78.4,
            "용적률":0,
            "건폐율":0,
            "Y":35.209199,
            "X":129.035013,
            "rank":96.0,
            "area_info":"16평(53.71), 18평(61.65), 20평(67.78), 21평(70.69), 22평(75.32), 23평(77.98), 23평(78.05), 26평(86.07), 28평(93.92)",
            "last_sales":"2021-07-02,21000.0,28평(93.92)",
            "rank_history":[
                [
                    "202203",
                    96
                ],
                [
                    "202202",
                    83
                ],
                [
                    "202201",
                    108
                ]
            ],
            "rank_gap":-13
        },
        {
            "index":64,
            "아파트명":"대진",
            "투자타입":"재건축",
            "전용면적(m2)":"51.57",
            "전용면적(평)":"15평",
            "법정동주소":"부산시 북구 구포동 741-3",
            "도로명주소":"부산시 북구 백양대로1124번길 70",
            "세대수":0,
            "입주년차":"--",
            "용적률점수":0,
            "건폐율점수":0,
            "세대당주차수":"--",
            "난방방식":"--",
            "공급면적":50,
            "전용률":80,
            "욕실수":"--",
            "현관타입":"--",
            "주거총점":6.5,
            "지역구공급총점":100.0,
            "역세권":80,
            "30분내 이동가능 거점":60,
            "1시간내 이동가능 거점":100,
            "교통총점":78.0,
            "백화점":0,
            "아울렛몰":0,
            "대형마트":80,
            "은행":0,
            "병원":0,
            "종합병원":100,
            "공원":100,
            "혐오시설":0,
            "인프라총점":35.0,
            "초등학군":90.06,
            "중학군":44.36,
            "학군총점":53.5,
            "인구수":30.79,
            "인구증감":0.87,
            "인구총점":21.814,
            "일자리":8.32,
            "소득수준":51.28,
            "일자리총점":21.208,
            "가치 총점":39.875,
            "매매실거래년":20220209.0,
            "매매실거래가":19400.0,
            "전세실거래년":20180529.0,
            "전세실거래가":8000.0,
            "전세가율":80.0,
            "장기전세가율평균":74.67,
            "전세가율거품지수":-5.33,
            "검색코드":10079,
            "세대수":170.0,
            "준공년월":"1981-06-13",
            "준공년차":42.0,
            "가까운역이름":"구명",
            "가까운역거리":320.03,
            "역세권여부":"역세권",
            "30분이내주요거점역":3,
            "30분거점역이름":"['부산', '사상', '덕천']",
            "1시간이내주요거점역":14,
            "1시간거점역이름":"['하단', '자갈치', '남포', '부산', '범일', '서면', '부전', '온천장', '부산대', '센텀시티', '수영', '경성대·부경대', '사상', '덕천']",
            "3km이내백화점수":0,
            "5km이내아울렛몰수":0,
            "1km이내대형먀트수":1,
            "500m이내은행수":0,
            "500m이내병원수":0,
            "5km이내대형병원수":2,
            "500m이내공원수":3,
            "3km이내혐오시설수":0,
            "초등학교학업성취도":90.06,
            "중학교학업성취도":72.6,
            "용적률":0,
            "건폐율":0,
            "Y":35.201843,
            "X":129.002874,
            "rank":97.0,
            "area_info":"15평(51.57), 15평(51.57), 17평(59.11)",
            "last_sales":"2022-02-09,19400.0,17평(59.11)",
            "rank_history":[
                [
                    "202203",
                    97
                ],
                [
                    "202202",
                    87
                ],
                [
                    "202201",
                    115
                ]
            ],
            "rank_gap":-10
        },
        {
            "index":229,
            "아파트명":"대방",
            "투자타입":"일반",
            "전용면적(m2)":"87.41",
            "전용면적(평)":"26평",
            "법정동주소":"부산시 북구 덕천동 388-1",
            "도로명주소":"부산시 북구 만덕대로90번길 13",
            "세대수":0,
            "입주년차":0,
            "용적률점수":"--",
            "건폐율점수":"--",
            "세대당주차수":0,
            "난방방식":30,
            "공급면적":"--",
            "전용률":"--",
            "욕실수":50,
            "현관타입":10,
            "주거총점":9.0,
            "지역구공급총점":100.0,
            "역세권":80,
            "30분내 이동가능 거점":60,
            "1시간내 이동가능 거점":100,
            "교통총점":78.0,
            "백화점":0,
            "아울렛몰":0,
            "대형마트":100,
            "은행":0,
            "병원":0,
            "종합병원":100,
            "공원":100,
            "혐오시설":0,
            "인프라총점":38.0,
            "초등학군":89.99,
            "중학군":37.86,
            "학군총점":48.286,
            "인구수":30.79,
            "인구증감":0.87,
            "인구총점":21.814,
            "일자리":8.32,
            "소득수준":51.28,
            "일자리총점":21.208,
            "가치 총점":39.8358,
            "매매실거래년":20210828.0,
            "매매실거래가":23500.0,
            "전세실거래년":20211213.0,
            "전세실거래가":16000.0,
            "전세가율":68.09,
            "장기전세가율평균":74.67,
            "전세가율거품지수":6.58,
            "검색코드":5400,
            "세대수":280.0,
            "준공년월":"1993-12-28",
            "준공년차":30.0,
            "가까운역이름":"숙등",
            "가까운역거리":194.53,
            "역세권여부":"역세권",
            "30분이내주요거점역":3,
            "30분거점역이름":"['수영', '사상', '덕천']",
            "1시간이내주요거점역":15,
            "1시간거점역이름":"['하단', '자갈치', '남포', '부산', '범일', '서면', '부전', '온천장', '부산대', '장산', '센텀시티', '수영', '경성대·부경대', '사상', '덕천']",
            "3km이내백화점수":0,
            "5km이내아울렛몰수":0,
            "1km이내대형먀트수":2,
            "500m이내은행수":1,
            "500m이내병원수":0,
            "5km이내대형병원수":3,
            "500m이내공원수":6,
            "3km이내혐오시설수":0,
            "초등학교학업성취도":89.99,
            "중학교학업성취도":63.1,
            "용적률":377,
            "건폐율":41,
            "Y":35.212069,
            "X":129.015334,
            "rank":98.0,
            "area_info":"26평(87.41), 34평(112.44), 47평(158.37)",
            "last_sales":"2021-08-28,23500.0,26평(87.41)",
            "rank_history":[
                [
                    "202203",
                    98
                ],
                [
                    "202202",
                    89
                ],
                [
                    "202201",
                    89
                ]
            ],
            "rank_gap":-9
        },
        {
            "index":280,
            "아파트명":"부국3차",
            "투자타입":"재건축",
            "전용면적(m2)":"66.0",
            "전용면적(평)":"19평",
            "법정동주소":"부산시 북구 덕천동 382-1",
            "도로명주소":"부산시 북구 금곡대로8번길 64",
            "세대수":0,
            "입주년차":"--",
            "용적률점수":0,
            "건폐율점수":0,
            "세대당주차수":"--",
            "난방방식":"--",
            "공급면적":50,
            "전용률":100,
            "욕실수":"--",
            "현관타입":"--",
            "주거총점":7.5,
            "지역구공급총점":100.0,
            "역세권":80,
            "30분내 이동가능 거점":60,
            "1시간내 이동가능 거점":100,
            "교통총점":78.0,
            "백화점":0,
            "아울렛몰":0,
            "대형마트":80,
            "은행":70,
            "병원":0,
            "종합병원":100,
            "공원":0,
            "혐오시설":0,
            "인프라총점":39.0,
            "초등학군":89.96,
            "중학군":37.86,
            "학군총점":48.28,
            "인구수":30.79,
            "인구증감":0.87,
            "인구총점":21.814,
            "일자리":8.32,
            "소득수준":51.28,
            "일자리총점":21.208,
            "가치 총점":39.759,
            "매매실거래년":20210924.0,
            "매매실거래가":37000.0,
            "전세실거래년":20200703.0,
            "전세실거래가":8000.0,
            "전세가율":24.24,
            "장기전세가율평균":74.67,
            "전세가율거품지수":50.43,
            "검색코드":108307,
            "세대수":65.0,
            "준공년월":"1982-12-28",
            "준공년차":41.0,
            "가까운역이름":"숙등",
            "가까운역거리":420.32,
            "역세권여부":"역세권",
            "30분이내주요거점역":3,
            "30분거점역이름":"['부산', '사상', '덕천']",
            "1시간이내주요거점역":15,
            "1시간거점역이름":"['하단', '자갈치', '남포', '부산', '범일', '서면', '부전', '온천장', '부산대', '장산', '센텀시티', '수영', '경성대·부경대', '사상', '덕천']",
            "3km이내백화점수":0,
            "5km이내아울렛몰수":0,
            "1km이내대형먀트수":1,
            "500m이내은행수":4,
            "500m이내병원수":0,
            "5km이내대형병원수":2,
            "500m이내공원수":0,
            "3km이내혐오시설수":0,
            "초등학교학업성취도":89.96,
            "중학교학업성취도":63.1,
            "용적률":0,
            "건폐율":0,
            "Y":35.211467,
            "X":129.008627,
            "rank":99.0,
            "area_info":"19평(66.0), 19평(66.0), 24평(79.5)",
            "last_sales":"2021-09-24,37000.0,19평(66.0)",
            "rank_history":[
                [
                    "202203",
                    99
                ],
                [
                    "202202",
                    9999
                ]
            ],
            "rank_gap":9999
        },
        {
            "index":290,
            "아파트명":"성훈강변",
            "투자타입":"일반",
            "전용면적(m2)":"61.53",
            "전용면적(평)":"18평",
            "법정동주소":"부산시 북구 덕천동 539-7",
            "도로명주소":"부산시 북구 금곡대로 97",
            "세대수":0,
            "입주년차":20,
            "용적률점수":"--",
            "건폐율점수":"--",
            "세대당주차수":0,
            "난방방식":30,
            "공급면적":"--",
            "전용률":"--",
            "욕실수":50,
            "현관타입":100,
            "주거총점":22.0,
            "지역구공급총점":100.0,
            "역세권":50,
            "30분내 이동가능 거점":20,
            "1시간내 이동가능 거점":100,
            "교통총점":51.0,
            "백화점":0,
            "아울렛몰":0,
            "대형마트":80,
            "은행":0,
            "병원":0,
            "종합병원":100,
            "공원":80,
            "혐오시설":0,
            "인프라총점":34.4,
            "초등학군":89.96,
            "중학군":45.2,
            "학군총점":54.152,
            "인구수":30.79,
            "인구증감":0.87,
            "인구총점":21.814,
            "일자리":8.32,
            "소득수준":51.28,
            "일자리총점":21.208,
            "가치 총점":39.7156,
            "매매실거래년":20211215.0,
            "매매실거래가":14500.0,
            "전세실거래년":20211225.0,
            "전세실거래가":9000.0,
            "전세가율":101.12,
            "장기전세가율평균":74.67,
            "전세가율거품지수":-26.45,
            "검색코드":13744,
            "세대수":125.0,
            "준공년월":"2003-01-30",
            "준공년차":20.0,
            "가까운역이름":"덕천",
            "가까운역거리":618.23,
            "역세권여부":"준역세권",
            "30분이내주요거점역":1,
            "30분거점역이름":"['덕천']",
            "1시간이내주요거점역":12,
            "1시간거점역이름":"['하단', '부산', '범일', '서면', '부전', '온천장', '부산대', '센텀시티', '수영', '경성대·부경대', '사상', '덕천']",
            "3km이내백화점수":0,
            "5km이내아울렛몰수":0,
            "1km이내대형먀트수":1,
            "500m이내은행수":0,
            "500m이내병원수":0,
            "5km이내대형병원수":2,
            "500m이내공원수":1,
            "3km이내혐오시설수":0,
            "초등학교학업성취도":89.96,
            "중학교학업성취도":72.8,
            "용적률":377,
            "건폐율":28,
            "Y":35.218498,
            "X":129.005441,
            "rank":100.0,
            "area_info":"18평(61.53), 22평(73.12), 22평(74.46), 23평(78.61), 27평(89.8), 29평(96.4)",
            "last_sales":"2021-12-15,14500.0,29평(96.4)",
            "rank_history":[
                [
                    "202203",
                    100
                ],
                [
                    "202202",
                    81
                ],
                [
                    "202201",
                    94
                ]
            ],
            "rank_gap":-19
        },
        {
            "index":129,
            "아파트명":"에이스타운",
            "투자타입":"일반",
            "전용면적(m2)":"82.4",
            "전용면적(평)":"24평",
            "법정동주소":"부산시 북구 구포동 986-56",
            "도로명주소":"부산시 북구 백양대로 1098",
            "세대수":0,
            "입주년차":0,
            "용적률점수":"--",
            "건폐율점수":"--",
            "세대당주차수":0,
            "난방방식":30,
            "공급면적":"--",
            "전용률":"--",
            "욕실수":50,
            "현관타입":10,
            "주거총점":9.0,
            "지역구공급총점":100.0,
            "역세권":100,
            "30분내 이동가능 거점":80,
            "1시간내 이동가능 거점":100,
            "교통총점":94.0,
            "백화점":0,
            "아울렛몰":0,
            "대형마트":0,
            "은행":0,
            "병원":0,
            "종합병원":100,
            "공원":100,
            "혐오시설":0,
            "인프라총점":23.0,
            "초등학군":90.06,
            "중학군":44.36,
            "학군총점":53.5,
            "인구수":30.79,
            "인구증감":0.87,
            "인구총점":21.814,
            "일자리":8.32,
            "소득수준":51.28,
            "일자리총점":21.208,
            "가치 총점":39.3,
            "매매실거래년":20211109.0,
            "매매실거래가":16300.0,
            "전세실거래년":20210529.0,
            "전세실거래가":11000.0,
            "전세가율":67.48,
            "장기전세가율평균":74.67,
            "전세가율거품지수":7.19,
            "검색코드":12119,
            "세대수":164.0,
            "준공년월":"1997-11-12",
            "준공년차":26.0,
            "가까운역이름":"구명",
            "가까운역거리":64.46,
            "역세권여부":"초역세권",
            "30분이내주요거점역":4,
            "30분거점역이름":"['부산', '서면', '사상', '덕천']",
            "1시간이내주요거점역":14,
            "1시간거점역이름":"['하단', '자갈치', '남포', '부산', '범일', '서면', '부전', '온천장', '부산대', '센텀시티', '수영', '경성대·부경대', '사상', '덕천']",
            "3km이내백화점수":0,
            "5km이내아울렛몰수":0,
            "1km이내대형먀트수":0,
            "500m이내은행수":1,
            "500m이내병원수":0,
            "5km이내대형병원수":2,
            "500m이내공원수":2,
            "3km이내혐오시설수":0,
            "초등학교학업성취도":90.06,
            "중학교학업성취도":72.6,
            "용적률":382,
            "건폐율":35,
            "Y":35.202257,
            "X":128.999772,
            "rank":101.0,
            "area_info":"24평(82.4), 29평(96.89), 33평(109.44), 34평(113.28)",
            "last_sales":"2021-11-09,16300.0,24평(82.4)",
            "rank_history":[
                [
                    "202203",
                    101
                ],
                [
                    "202202",
                    97
                ],
                [
                    "202201",
                    113
                ]
            ],
            "rank_gap":-4
        },
        {
            "index":184,
            "아파트명":"벽산삼협한솔",
            "투자타입":"일반",
            "전용면적(m2)":"106.81",
            "전용면적(평)":"32평",
            "법정동주소":"부산시 북구 금곡동 56-1",
            "도로명주소":"부산시 북구 효열로 265",
            "세대수":50,
            "입주년차":0,
            "용적률점수":"--",
            "건폐율점수":"--",
            "세대당주차수":30,
            "난방방식":30,
            "공급면적":"--",
            "전용률":"--",
            "욕실수":100,
            "현관타입":100,
            "주거총점":45.0,
            "지역구공급총점":100.0,
            "역세권":80,
            "30분내 이동가능 거점":20,
            "1시간내 이동가능 거점":90,
            "교통총점":64.0,
            "백화점":0,
            "아울렛몰":0,
            "대형마트":0,
            "은행":20,
            "병원":0,
            "종합병원":0,
            "공원":100,
            "혐오시설":0,
            "인프라총점":5.0,
            "초등학군":90.0,
            "중학군":46.68,
            "학군총점":55.344,
            "인구수":30.79,
            "인구증감":0.87,
            "인구총점":21.814,
            "일자리":8.32,
            "소득수준":51.28,
            "일자리총점":21.208,
            "가치 총점":38.9532,
            "매매실거래년":20220128.0,
            "매매실거래가":31200.0,
            "전세실거래년":20220110.0,
            "전세실거래가":18000.0,
            "전세가율":67.42,
            "장기전세가율평균":74.67,
            "전세가율거품지수":7.25,
            "검색코드":5382,
            "세대수":532.0,
            "준공년월":"1995-05-27",
            "준공년차":28.0,
            "가까운역이름":"금곡",
            "가까운역거리":258.71,
            "역세권여부":"역세권",
            "30분이내주요거점역":1,
            "30분거점역이름":"['덕천']",
            "1시간이내주요거점역":9,
            "1시간거점역이름":"['범일', '서면', '부전', '온천장', '부산대', '수영', '경성대·부경대', '사상', '덕천']",
            "3km이내백화점수":0,
            "5km이내아울렛몰수":0,
            "1km이내대형먀트수":0,
            "500m이내은행수":2,
            "500m이내병원수":0,
            "5km이내대형병원수":0,
            "500m이내공원수":4,
            "3km이내혐오시설수":0,
            "초등학교학업성취도":90.0,
            "중학교학업성취도":75.0,
            "용적률":216,
            "건폐율":16,
            "Y":35.266397,
            "X":129.019463,
            "rank":102.0,
            "area_info":"32평(106.81), 36평(121.65), 44평(148.74)",
            "last_sales":"2022-01-28,31200.0,44평(148.74)",
            "rank_history":[
                [
                    "202203",
                    102
                ],
                [
                    "202202",
                    82
                ],
                [
                    "202201",
                    86
                ]
            ],
            "rank_gap":-20
        },
        {
            "index":287,
            "아파트명":"성우",
            "투자타입":"재건축",
            "전용면적(m2)":"66.81",
            "전용면적(평)":"20평",
            "법정동주소":"부산시 북구 덕천동 346-3",
            "도로명주소":"부산시 북구 만덕대로39번길 31",
            "세대수":0,
            "입주년차":"--",
            "용적률점수":0,
            "건폐율점수":0,
            "세대당주차수":"--",
            "난방방식":"--",
            "공급면적":50,
            "전용률":100,
            "욕실수":"--",
            "현관타입":"--",
            "주거총점":7.5,
            "지역구공급총점":100.0,
            "역세권":80,
            "30분내 이동가능 거점":40,
            "1시간내 이동가능 거점":100,
            "교통총점":72.0,
            "백화점":0,
            "아울렛몰":0,
            "대형마트":80,
            "은행":70,
            "병원":0,
            "종합병원":100,
            "공원":0,
            "혐오시설":0,
            "인프라총점":39.0,
            "초등학군":89.96,
            "중학군":37.86,
            "학군총점":48.28,
            "인구수":30.79,
            "인구증감":0.87,
            "인구총점":21.814,
            "일자리":8.32,
            "소득수준":51.28,
            "일자리총점":21.208,
            "가치 총점":38.859,
            "매매실거래년":20220126.0,
            "매매실거래가":15000.0,
            "전세실거래년":20211004.0,
            "전세실거래가":15000.0,
            "전세가율":100.0,
            "장기전세가율평균":74.67,
            "전세가율거품지수":-25.33,
            "검색코드":5417,
            "세대수":100.0,
            "준공년월":"1982-06-22",
            "준공년차":41.0,
            "가까운역이름":"숙등",
            "가까운역거리":442.85,
            "역세권여부":"역세권",
            "30분이내주요거점역":2,
            "30분거점역이름":"['사상', '덕천']",
            "1시간이내주요거점역":15,
            "1시간거점역이름":"['하단', '자갈치', '남포', '부산', '범일', '서면', '부전', '온천장', '부산대', '장산', '센텀시티', '수영', '경성대·부경대', '사상', '덕천']",
            "3km이내백화점수":0,
            "5km이내아울렛몰수":0,
            "1km이내대형먀트수":1,
            "500m이내은행수":4,
            "500m이내병원수":0,
            "5km이내대형병원수":2,
            "500m이내공원수":0,
            "3km이내혐오시설수":0,
            "초등학교학업성취도":89.96,
            "중학교학업성취도":63.1,
            "용적률":0,
            "건폐율":0,
            "Y":35.212479,
            "X":129.008343,
            "rank":103.0,
            "area_info":"20평(66.81), 20평(67.84), 20평(67.83)",
            "last_sales":"2022-01-26,15000.0,20평(66.81)",
            "rank_history":[
                [
                    "202203",
                    103
                ],
                [
                    "202202",
                    90
                ],
                [
                    "202201",
                    103
                ]
            ],
            "rank_gap":-13
        },
        {
            "index":272,
            "아파트명":"부국2차",
            "투자타입":"재건축",
            "전용면적(m2)":"56.35",
            "전용면적(평)":"17평",
            "법정동주소":"부산시 북구 덕천동 354-1",
            "도로명주소":"부산시 북구 만덕대로27번길 20",
            "세대수":0,
            "입주년차":"--",
            "용적률점수":0,
            "건폐율점수":0,
            "세대당주차수":"--",
            "난방방식":"--",
            "공급면적":50,
            "전용률":100,
            "욕실수":"--",
            "현관타입":"--",
            "주거총점":7.5,
            "지역구공급총점":100.0,
            "역세권":80,
            "30분내 이동가능 거점":40,
            "1시간내 이동가능 거점":100,
            "교통총점":72.0,
            "백화점":0,
            "아울렛몰":0,
            "대형마트":80,
            "은행":70,
            "병원":0,
            "종합병원":100,
            "공원":0,
            "혐오시설":0,
            "인프라총점":39.0,
            "초등학군":89.96,
            "중학군":37.86,
            "학군총점":48.28,
            "인구수":30.79,
            "인구증감":0.87,
            "인구총점":21.814,
            "일자리":8.32,
            "소득수준":51.28,
            "일자리총점":21.208,
            "가치 총점":38.859,
            "매매실거래년":20201217.0,
            "매매실거래가":41700.0,
            "전세실거래년":null,
            "전세실거래가":null,
            "전세가율":null,
            "장기전세가율평균":74.67,
            "전세가율거품지수":null,
            "검색코드":5413,
            "세대수":90.0,
            "준공년월":"1980-11-05",
            "준공년차":43.0,
            "가까운역이름":"숙등",
            "가까운역거리":421.58,
            "역세권여부":"역세권",
            "30분이내주요거점역":2,
            "30분거점역이름":"['사상', '덕천']",
            "1시간이내주요거점역":15,
            "1시간거점역이름":"['하단', '자갈치', '남포', '부산', '범일', '서면', '부전', '온천장', '부산대', '장산', '센텀시티', '수영', '경성대·부경대', '사상', '덕천']",
            "3km이내백화점수":0,
            "5km이내아울렛몰수":0,
            "1km이내대형먀트수":1,
            "500m이내은행수":4,
            "500m이내병원수":0,
            "5km이내대형병원수":2,
            "500m이내공원수":0,
            "3km이내혐오시설수":0,
            "초등학교학업성취도":89.96,
            "중학교학업성취도":63.1,
            "용적률":0,
            "건폐율":0,
            "Y":35.211928,
            "X":129.008556,
            "rank":103.0,
            "area_info":"17평(56.35), 19평(62.83), 19평(62.84), 21평(71.55), 22평(73.95), 22평(73.96), 23평(78.03), 23평(78.01)",
            "last_sales":"2020-12-17,41700.0,23평(78.03)",
            "rank_history":[
                [
                    "202203",
                    103
                ],
                [
                    "202202",
                    9999
                ]
            ],
            "rank_gap":9999
        },
        {
            "index":266,
            "아파트명":"벽산",
            "투자타입":"재건축",
            "전용면적(m2)":"97.21",
            "전용면적(평)":"29평",
            "법정동주소":"부산시 북구 덕천동 128-3",
            "도로명주소":"부산시 북구 만덕3로16번길 51",
            "세대수":0,
            "입주년차":"--",
            "용적률점수":0,
            "건폐율점수":20,
            "세대당주차수":"--",
            "난방방식":"--",
            "공급면적":70,
            "전용률":80,
            "욕실수":"--",
            "현관타입":"--",
            "주거총점":11.5,
            "지역구공급총점":100.0,
            "역세권":80,
            "30분내 이동가능 거점":40,
            "1시간내 이동가능 거점":100,
            "교통총점":72.0,
            "백화점":0,
            "아울렛몰":0,
            "대형마트":80,
            "은행":0,
            "병원":0,
            "종합병원":100,
            "공원":100,
            "혐오시설":0,
            "인프라총점":35.0,
            "초등학군":90.01,
            "중학군":38.58,
            "학군총점":48.866,
            "인구수":30.79,
            "인구증감":0.87,
            "인구총점":21.814,
            "일자리":8.32,
            "소득수준":51.28,
            "일자리총점":21.208,
            "가치 총점":38.8348,
            "매매실거래년":20211006.0,
            "매매실거래가":16500.0,
            "전세실거래년":20131227.0,
            "전세실거래가":13200.0,
            "전세가율":80.0,
            "장기전세가율평균":74.67,
            "전세가율거품지수":-5.33,
            "검색코드":9755,
            "세대수":180.0,
            "준공년월":"1992-12-22",
            "준공년차":31.0,
            "가까운역이름":"남산정",
            "가까운역거리":189.56,
            "역세권여부":"역세권",
            "30분이내주요거점역":2,
            "30분거점역이름":"['수영', '덕천']",
            "1시간이내주요거점역":14,
            "1시간거점역이름":"['자갈치', '남포', '부산', '범일', '서면', '부전', '온천장', '부산대', '장산', '센텀시티', '수영', '경성대·부경대', '사상', '덕천']",
            "3km이내백화점수":0,
            "5km이내아울렛몰수":0,
            "1km이내대형먀트수":1,
            "500m이내은행수":0,
            "500m이내병원수":0,
            "5km이내대형병원수":4,
            "500m이내공원수":2,
            "3km이내혐오시설수":0,
            "초등학교학업성취도":90.01,
            "중학교학업성취도":63.7,
            "용적률":365,
            "건폐율":41,
            "Y":35.211753,
            "X":129.022942,
            "rank":104.0,
            "area_info":"29평(97.21), 30평(100.02), 30평(101.8), 30평(101.36), 30평(101.6), 31평(102.66)",
            "last_sales":"2021-10-06,16500.0,31평(102.66)",
            "rank_history":[
                [
                    "202203",
                    104
                ],
                [
                    "202202",
                    91
                ],
                [
                    "202201",
                    90
                ]
            ],
            "rank_gap":-13
        },
        {
            "index":333,
            "아파트명":"한성",
            "투자타입":"재건축",
            "전용면적(m2)":"48.2",
            "전용면적(평)":"14평",
            "법정동주소":"부산시 북구 덕천동 406",
            "도로명주소":"부산시 북구 만덕대로142번길 32",
            "세대수":30,
            "입주년차":"--",
            "용적률점수":0,
            "건폐율점수":0,
            "세대당주차수":"--",
            "난방방식":"--",
            "공급면적":50,
            "전용률":80,
            "욕실수":"--",
            "현관타입":"--",
            "주거총점":15.5,
            "지역구공급총점":100.0,
            "역세권":80,
            "30분내 이동가능 거점":20,
            "1시간내 이동가능 거점":100,
            "교통총점":66.0,
            "백화점":0,
            "아울렛몰":0,
            "대형마트":80,
            "은행":0,
            "병원":0,
            "종합병원":100,
            "공원":100,
            "혐오시설":0,
            "인프라총점":35.0,
            "초등학군":89.99,
            "중학군":37.86,
            "학군총점":48.286,
            "인구수":30.79,
            "인구증감":0.87,
            "인구총점":21.814,
            "일자리":8.32,
            "소득수준":51.28,
            "일자리총점":21.208,
            "가치 총점":38.7608,
            "매매실거래년":20220127.0,
            "매매실거래가":14500.0,
            "전세실거래년":20210614.0,
            "전세실거래가":7500.0,
            "전세가율":51.72,
            "장기전세가율평균":74.67,
            "전세가율거품지수":22.95,
            "검색코드":5432,
            "세대수":340.0,
            "준공년월":"1983-04-02",
            "준공년차":40.0,
            "가까운역이름":"남산정",
            "가까운역거리":363.22,
            "역세권여부":"역세권",
            "30분이내주요거점역":1,
            "30분거점역이름":"['덕천']",
            "1시간이내주요거점역":14,
            "1시간거점역이름":"['자갈치', '남포', '부산', '범일', '서면', '부전', '온천장', '부산대', '장산', '센텀시티', '수영', '경성대·부경대', '사상', '덕천']",
            "3km이내백화점수":0,
            "5km이내아울렛몰수":0,
            "1km이내대형먀트수":1,
            "500m이내은행수":1,
            "500m이내병원수":0,
            "5km이내대형병원수":4,
            "500m이내공원수":2,
            "3km이내혐오시설수":0,
            "초등학교학업성취도":89.99,
            "중학교학업성취도":63.1,
            "용적률":0,
            "건폐율":0,
            "Y":35.211866,
            "X":129.020175,
            "rank":105.0,
            "area_info":"14평(48.2), 14평(48.21), 14평(49.01)",
            "last_sales":"2022-01-27,14500.0,14평(48.2)",
            "rank_history":[
                [
                    "202203",
                    105
                ],
                [
                    "202202",
                    84
                ],
                [
                    "202201",
                    87
                ]
            ],
            "rank_gap":-21
        },
        {
            "index":93,
            "아파트명":"부광",
            "투자타입":"재건축",
            "전용면적(m2)":"48.23",
            "전용면적(평)":"14평",
            "법정동주소":"부산시 북구 구포동 430-30",
            "도로명주소":"부산시 북구 낙동대로1762번길 71",
            "세대수":0,
            "입주년차":"--",
            "용적률점수":0,
            "건폐율점수":0,
            "세대당주차수":"--",
            "난방방식":"--",
            "공급면적":50,
            "전용률":60,
            "욕실수":"--",
            "현관타입":"--",
            "주거총점":5.5,
            "지역구공급총점":100.0,
            "역세권":80,
            "30분내 이동가능 거점":60,
            "1시간내 이동가능 거점":100,
            "교통총점":78.0,
            "백화점":0,
            "아울렛몰":0,
            "대형마트":80,
            "은행":0,
            "병원":0,
            "종합병원":100,
            "공원":0,
            "혐오시설":0,
            "인프라총점":32.0,
            "초등학군":90.06,
            "중학군":44.36,
            "학군총점":53.5,
            "인구수":30.79,
            "인구증감":0.87,
            "인구총점":21.814,
            "일자리":8.32,
            "소득수준":51.28,
            "일자리총점":21.208,
            "가치 총점":38.725,
            "매매실거래년":20161125.0,
            "매매실거래가":14500.0,
            "전세실거래년":null,
            "전세실거래가":null,
            "전세가율":null,
            "장기전세가율평균":74.67,
            "전세가율거품지수":null,
            "검색코드":126674,
            "세대수":74.0,
            "준공년월":"1985-12-31",
            "준공년차":38.0,
            "가까운역이름":"구포",
            "가까운역거리":471.73,
            "역세권여부":"역세권",
            "30분이내주요거점역":3,
            "30분거점역이름":"['부산', '사상', '덕천']",
            "1시간이내주요거점역":15,
            "1시간거점역이름":"['하단', '자갈치', '남포', '부산', '범일', '서면', '부전', '온천장', '부산대', '장산', '센텀시티', '수영', '경성대·부경대', '사상', '덕천']",
            "3km이내백화점수":0,
            "5km이내아울렛몰수":0,
            "1km이내대형먀트수":1,
            "500m이내은행수":0,
            "500m이내병원수":0,
            "5km이내대형병원수":2,
            "500m이내공원수":0,
            "3km이내혐오시설수":0,
            "초등학교학업성취도":90.06,
            "중학교학업성취도":72.6,
            "용적률":0,
            "건폐율":0,
            "Y":35.206752,
            "X":129.001532,
            "rank":106.0,
            "area_info":"14평(48.23), 17평(56.47), 17평(58.75), 18평(60.14), 19평(63.34), 20평(66.8), 20평(67.94), 22평(73.45), 22평(74.82), 23평(76.1), 25평(83.55), 25평(83.23), 25평(84.58)",
            "last_sales":"2016-11-25,14500.0,25평(83.55)",
            "rank_history":[
                [
                    "202203",
                    106
                ],
                [
                    "202202",
                    9999
                ]
            ],
            "rank_gap":9999
        },
        {
            "index":262,
            "아파트명":"무궁화",
            "투자타입":"재건축",
            "전용면적(m2)":"49.65",
            "전용면적(평)":"15평",
            "법정동주소":"부산시 북구 덕천동 337-2",
            "도로명주소":"부산시 북구 만덕대로65번길 43",
            "세대수":0,
            "입주년차":"--",
            "용적률점수":0,
            "건폐율점수":0,
            "세대당주차수":"--",
            "난방방식":"--",
            "공급면적":50,
            "전용률":80,
            "욕실수":"--",
            "현관타입":"--",
            "주거총점":6.5,
            "지역구공급총점":100.0,
            "역세권":80,
            "30분내 이동가능 거점":20,
            "1시간내 이동가능 거점":100,
            "교통총점":66.0,
            "백화점":0,
            "아울렛몰":0,
            "대형마트":80,
            "은행":70,
            "병원":0,
            "종합병원":100,
            "공원":100,
            "혐오시설":0,
            "인프라총점":42.0,
            "초등학군":89.96,
            "중학군":37.86,
            "학군총점":48.28,
            "인구수":30.79,
            "인구증감":0.87,
            "인구총점":21.814,
            "일자리":8.32,
            "소득수준":51.28,
            "일자리총점":21.208,
            "가치 총점":38.609,
            "매매실거래년":20201026.0,
            "매매실거래가":12800.0,
            "전세실거래년":20200421.0,
            "전세실거래가":7500.0,
            "전세가율":58.59,
            "장기전세가율평균":74.67,
            "전세가율거품지수":16.08,
            "검색코드":15980,
            "세대수":85.0,
            "준공년월":"1983-07-22",
            "준공년차":40.0,
            "가까운역이름":"숙등",
            "가까운역거리":274.19,
            "역세권여부":"역세권",
            "30분이내주요거점역":1,
            "30분거점역이름":"['덕천']",
            "1시간이내주요거점역":15,
            "1시간거점역이름":"['하단', '자갈치', '남포', '부산', '범일', '서면', '부전', '온천장', '부산대', '장산', '센텀시티', '수영', '경성대·부경대', '사상', '덕천']",
            "3km이내백화점수":0,
            "5km이내아울렛몰수":0,
            "1km이내대형먀트수":1,
            "500m이내은행수":3,
            "500m이내병원수":0,
            "5km이내대형병원수":2,
            "500m이내공원수":4,
            "3km이내혐오시설수":0,
            "초등학교학업성취도":89.96,
            "중학교학업성취도":63.1,
            "용적률":0,
            "건폐율":0,
            "Y":35.213666,
            "X":129.010884,
            "rank":107.0,
            "area_info":"15평(49.65), 15평(50.37), 15평(51.09), 16평(55.76)",
            "last_sales":"2020-10-26,12800.0,16평(55.76)",
            "rank_history":[
                [
                    "202203",
                    107
                ],
                [
                    "202202",
                    9999
                ]
            ],
            "rank_gap":9999
        },
        {
            "index":296,
            "아파트명":"신도",
            "투자타입":"재건축",
            "전용면적(m2)":"57.78",
            "전용면적(평)":"17평",
            "법정동주소":"부산시 북구 덕천동 344-2",
            "도로명주소":"부산시 북구 만덕대로65번길 29",
            "세대수":0,
            "입주년차":"--",
            "용적률점수":0,
            "건폐율점수":0,
            "세대당주차수":"--",
            "난방방식":"--",
            "공급면적":50,
            "전용률":80,
            "욕실수":"--",
            "현관타입":"--",
            "주거총점":6.5,
            "지역구공급총점":100.0,
            "역세권":80,
            "30분내 이동가능 거점":20,
            "1시간내 이동가능 거점":100,
            "교통총점":66.0,
            "백화점":0,
            "아울렛몰":0,
            "대형마트":80,
            "은행":70,
            "병원":0,
            "종합병원":100,
            "공원":100,
            "혐오시설":0,
            "인프라총점":42.0,
            "초등학군":89.96,
            "중학군":37.86,
            "학군총점":48.28,
            "인구수":30.79,
            "인구증감":0.87,
            "인구총점":21.814,
            "일자리":8.32,
            "소득수준":51.28,
            "일자리총점":21.208,
            "가치 총점":38.609,
            "매매실거래년":20211115.0,
            "매매실거래가":21500.0,
            "전세실거래년":20210701.0,
            "전세실거래가":10500.0,
            "전세가율":48.84,
            "장기전세가율평균":74.67,
            "전세가율거품지수":25.83,
            "검색코드":14872,
            "세대수":120.0,
            "준공년월":"1980-12-24",
            "준공년차":43.0,
            "가까운역이름":"숙등",
            "가까운역거리":234.15,
            "역세권여부":"역세권",
            "30분이내주요거점역":1,
            "30분거점역이름":"['덕천']",
            "1시간이내주요거점역":15,
            "1시간거점역이름":"['하단', '자갈치', '남포', '부산', '범일', '서면', '부전', '온천장', '부산대', '장산', '센텀시티', '수영', '경성대·부경대', '사상', '덕천']",
            "3km이내백화점수":0,
            "5km이내아울렛몰수":0,
            "1km이내대형먀트수":1,
            "500m이내은행수":3,
            "500m이내병원수":0,
            "5km이내대형병원수":2,
            "500m이내공원수":3,
            "3km이내혐오시설수":0,
            "초등학교학업성취도":89.96,
            "중학교학업성취도":63.1,
            "용적률":0,
            "건폐율":0,
            "Y":35.213089,
            "X":129.010932,
            "rank":107.0,
            "area_info":"17평(57.78), 17평(58.04), 21평(70.48)",
            "last_sales":"2021-11-15,21500.0,17평(57.78)",
            "rank_history":[
                [
                    "202203",
                    107
                ],
                [
                    "202202",
                    86
                ],
                [
                    "202201",
                    80
                ]
            ],
            "rank_gap":-21
        },
        {
            "index":106,
            "아파트명":"삼경장미",
            "투자타입":"일반",
            "전용면적(m2)":"87.15",
            "전용면적(평)":"26평",
            "법정동주소":"부산시 북구 구포동 49",
            "도로명주소":"부산시 북구 시랑로21번길 50",
            "세대수":0,
            "입주년차":0,
            "용적률점수":"--",
            "건폐율점수":"--",
            "세대당주차수":0,
            "난방방식":30,
            "공급면적":"--",
            "전용률":"--",
            "욕실수":50,
            "현관타입":10,
            "주거총점":9.0,
            "지역구공급총점":100.0,
            "역세권":50,
            "30분내 이동가능 거점":40,
            "1시간내 이동가능 거점":100,
            "교통총점":57.0,
            "백화점":0,
            "아울렛몰":0,
            "대형마트":80,
            "은행":0,
            "병원":0,
            "종합병원":100,
            "공원":100,
            "혐오시설":0,
            "인프라총점":35.0,
            "초등학군":90.06,
            "중학군":48.48,
            "학군총점":56.796,
            "인구수":30.79,
            "인구증감":0.87,
            "인구총점":21.814,
            "일자리":8.32,
            "소득수준":51.28,
            "일자리총점":21.208,
            "가치 총점":38.3388,
            "매매실거래년":20210929.0,
            "매매실거래가":11300.0,
            "전세실거래년":20191025.0,
            "전세실거래가":7500.0,
            "전세가율":66.37,
            "장기전세가율평균":74.67,
            "전세가율거품지수":8.3,
            "검색코드":5336,
            "세대수":181.0,
            "준공년월":"1995-02-24",
            "준공년차":28.0,
            "가까운역이름":"구명",
            "가까운역거리":674.9,
            "역세권여부":"준역세권",
            "30분이내주요거점역":2,
            "30분거점역이름":"['부산', '덕천']",
            "1시간이내주요거점역":13,
            "1시간거점역이름":"['남포', '부산', '범일', '서면', '부전', '온천장', '부산대', '장산', '센텀시티', '수영', '경성대·부경대', '사상', '덕천']",
            "3km이내백화점수":0,
            "5km이내아울렛몰수":0,
            "1km이내대형먀트수":1,
            "500m이내은행수":0,
            "500m이내병원수":0,
            "5km이내대형병원수":2,
            "500m이내공원수":2,
            "3km이내혐오시설수":0,
            "초등학교학업성취도":90.06,
            "중학교학업성취도":80.2,
            "용적률":275,
            "건폐율":19,
            "Y":35.20347,
            "X":129.00694,
            "rank":108.0,
            "area_info":"26평(87.15), 32평(107.6)",
            "last_sales":"2021-09-29,11300.0,26평(87.15)",
            "rank_history":[
                [
                    "202203",
                    108
                ],
                [
                    "202202",
                    94
                ],
                [
                    "202201",
                    112
                ]
            ],
            "rank_gap":-14
        },
        {
            "index":319,
            "아파트명":"정남",
            "투자타입":"재건축",
            "전용면적(m2)":"50.08",
            "전용면적(평)":"15평",
            "법정동주소":"부산시 북구 덕천동 365-6",
            "도로명주소":"부산시 북구 만덕대로155번길 40-11",
            "세대수":0,
            "입주년차":"--",
            "용적률점수":0,
            "건폐율점수":0,
            "세대당주차수":"--",
            "난방방식":"--",
            "공급면적":50,
            "전용률":80,
            "욕실수":"--",
            "현관타입":"--",
            "주거총점":6.5,
            "지역구공급총점":100.0,
            "역세권":80,
            "30분내 이동가능 거점":40,
            "1시간내 이동가능 거점":100,
            "교통총점":72.0,
            "백화점":0,
            "아울렛몰":0,
            "대형마트":80,
            "은행":0,
            "병원":0,
            "종합병원":100,
            "공원":100,
            "혐오시설":0,
            "인프라총점":35.0,
            "초등학군":90.0,
            "중학군":38.58,
            "학군총점":48.864,
            "인구수":30.79,
            "인구증감":0.87,
            "인구총점":21.814,
            "일자리":8.32,
            "소득수준":51.28,
            "일자리총점":21.208,
            "가치 총점":37.5842,
            "매매실거래년":20210728.0,
            "매매실거래가":21300.0,
            "전세실거래년":20210521.0,
            "전세실거래가":5500.0,
            "전세가율":69.62,
            "장기전세가율평균":74.67,
            "전세가율거품지수":5.05,
            "검색코드":102068,
            "세대수":100.0,
            "준공년월":"1982-04-19",
            "준공년차":41.0,
            "가까운역이름":"남산정",
            "가까운역거리":249.21,
            "역세권여부":"역세권",
            "30분이내주요거점역":2,
            "30분거점역이름":"['수영', '덕천']",
            "1시간이내주요거점역":14,
            "1시간거점역이름":"['자갈치', '남포', '부산', '범일', '서면', '부전', '온천장', '부산대', '장산', '센텀시티', '수영', '경성대·부경대', '사상', '덕천']",
            "3km이내백화점수":0,
            "5km이내아울렛몰수":0,
            "1km이내대형먀트수":1,
            "500m이내은행수":0,
            "500m이내병원수":0,
            "5km이내대형병원수":4,
            "500m이내공원수":2,
            "3km이내혐오시설수":0,
            "초등학교학업성취도":90.0,
            "중학교학업성취도":63.7,
            "용적률":0,
            "건폐율":0,
            "Y":35.2153,
            "X":129.022459,
            "rank":109.0,
            "area_info":"15평(50.08), 15평(51.94), 15평(52.53), 17평(56.57), 17평(56.55)",
            "last_sales":"2021-07-28,21300.0,17평(56.57)",
            "rank_history":[
                [
                    "202203",
                    109
                ],
                [
                    "202202",
                    98
                ],
                [
                    "202201",
                    101
                ]
            ],
            "rank_gap":-11
        },
        {
            "index":170,
            "아파트명":"금곡주공8,9단지",
            "투자타입":"일반",
            "전용면적(m2)":"54.15",
            "전용면적(평)":"16평",
            "법정동주소":"부산시 북구 금곡동 810",
            "도로명주소":"부산시 북구 효열로 134",
            "세대수":90,
            "입주년차":0,
            "용적률점수":"--",
            "건폐율점수":"--",
            "세대당주차수":0,
            "난방방식":30,
            "공급면적":"--",
            "전용률":"--",
            "욕실수":50,
            "현관타입":10,
            "주거총점":40.5,
            "지역구공급총점":100.0,
            "역세권":80,
            "30분내 이동가능 거점":20,
            "1시간내 이동가능 거점":100,
            "교통총점":66.0,
            "백화점":0,
            "아울렛몰":0,
            "대형마트":0,
            "은행":0,
            "병원":0,
            "종합병원":0,
            "공원":100,
            "혐오시설":0,
            "인프라총점":3.0,
            "초등학군":89.97,
            "중학군":46.68,
            "학군총점":55.338,
            "인구수":30.79,
            "인구증감":0.87,
            "인구총점":21.814,
            "일자리":8.32,
            "소득수준":51.28,
            "일자리총점":21.208,
            "가치 총점":37.5264,
            "매매실거래년":20220218.0,
            "매매실거래가":7900.0,
            "전세실거래년":20220116.0,
            "전세실거래가":7500.0,
            "전세가율":87.21,
            "장기전세가율평균":74.67,
            "전세가율거품지수":-12.54,
            "검색코드":5372,
            "세대수":1366.0,
            "준공년월":"1996-05-06",
            "준공년차":27.0,
            "가까운역이름":"동원",
            "가까운역거리":284.02,
            "역세권여부":"역세권",
            "30분이내주요거점역":1,
            "30분거점역이름":"['덕천']",
            "1시간이내주요거점역":10,
            "1시간거점역이름":"['부산', '범일', '서면', '부전', '온천장', '부산대', '수영', '경성대·부경대', '사상', '덕천']",
            "3km이내백화점수":0,
            "5km이내아울렛몰수":0,
            "1km이내대형먀트수":0,
            "500m이내은행수":0,
            "500m이내병원수":0,
            "5km이내대형병원수":0,
            "500m이내공원수":5,
            "3km이내혐오시설수":0,
            "초등학교학업성취도":89.97,
            "중학교학업성취도":75.0,
            "용적률":165,
            "건폐율":13,
            "Y":35.256981,
            "X":129.014784,
            "rank":110.0,
            "area_info":"16평(54.15), 17평(57.63), 17평(58.9), 20평(68.03)",
            "last_sales":"2022-02-18,7900.0,17평(57.63)",
            "rank_history":[
                [
                    "202203",
                    110
                ],
                [
                    "202202",
                    93
                ],
                [
                    "202201",
                    104
                ]
            ],
            "rank_gap":-17
        },
        {
            "index":309,
            "아파트명":"은마",
            "투자타입":"재건축",
            "전용면적(m2)":"72.12",
            "전용면적(평)":"21평",
            "법정동주소":"부산시 북구 덕천동 777",
            "도로명주소":"부산시 북구 만덕대로128번길 39",
            "세대수":0,
            "입주년차":"--",
            "용적률점수":0,
            "건폐율점수":0,
            "세대당주차수":"--",
            "난방방식":"--",
            "공급면적":50,
            "전용률":100,
            "욕실수":"--",
            "현관타입":"--",
            "주거총점":7.5,
            "지역구공급총점":100.0,
            "역세권":80,
            "30분내 이동가능 거점":20,
            "1시간내 이동가능 거점":100,
            "교통총점":66.0,
            "백화점":0,
            "아울렛몰":0,
            "대형마트":80,
            "은행":0,
            "병원":0,
            "종합병원":100,
            "공원":100,
            "혐오시설":0,
            "인프라총점":35.0,
            "초등학군":89.99,
            "중학군":37.86,
            "학군총점":48.286,
            "인구수":30.79,
            "인구증감":0.87,
            "인구총점":21.814,
            "일자리":8.32,
            "소득수준":51.28,
            "일자리총점":21.208,
            "가치 총점":36.7608,
            "매매실거래년":"18000101",
            "매매실거래가":null,
            "전세실거래년":null,
            "전세실거래가":null,
            "전세가율":null,
            "장기전세가율평균":74.67,
            "전세가율거품지수":null,
            "검색코드":14307,
            "세대수":162.0,
            "준공년월":"1981-08-29",
            "준공년차":42.0,
            "가까운역이름":"남산정",
            "가까운역거리":476.6,
            "역세권여부":"역세권",
            "30분이내주요거점역":1,
            "30분거점역이름":"['덕천']",
            "1시간이내주요거점역":14,
            "1시간거점역이름":"['자갈치', '남포', '부산', '범일', '서면', '부전', '온천장', '부산대', '장산', '센텀시티', '수영', '경성대·부경대', '사상', '덕천']",
            "3km이내백화점수":0,
            "5km이내아울렛몰수":0,
            "1km이내대형먀트수":1,
            "500m이내은행수":1,
            "500m이내병원수":0,
            "5km이내대형병원수":4,
            "500m이내공원수":3,
            "3km이내혐오시설수":0,
            "초등학교학업성취도":89.99,
            "중학교학업성취도":63.1,
            "용적률":0,
            "건폐율":0,
            "Y":35.211216,
            "X":129.019185,
            "rank":111.0,
            "area_info":"21평(72.12)",
            "last_sales":"1800-01-01,nan,21평(72.12)",
            "rank_history":[
                [
                    "202203",
                    111
                ],
                [
                    "202202",
                    95
                ],
                [
                    "202201",
                    99
                ]
            ],
            "rank_gap":-16
        },
        {
            "index":87,
            "아파트명":"벽산그린필드1차",
            "투자타입":"재건축",
            "전용면적(m2)":"93.66",
            "전용면적(평)":"28평",
            "법정동주소":"부산시 북구 구포동 857-3",
            "도로명주소":"부산시 북구 모분재로105번길 53",
            "세대수":0,
            "입주년차":"--",
            "용적률점수":20,
            "건폐율점수":100,
            "세대당주차수":"--",
            "난방방식":"--",
            "공급면적":70,
            "전용률":80,
            "욕실수":"--",
            "현관타입":"--",
            "주거총점":35.5,
            "지역구공급총점":100.0,
            "역세권":0,
            "30분내 이동가능 거점":20,
            "1시간내 이동가능 거점":100,
            "교통총점":26.0,
            "백화점":0,
            "아울렛몰":0,
            "대형마트":0,
            "은행":0,
            "병원":0,
            "종합병원":100,
            "공원":100,
            "혐오시설":0,
            "인프라총점":23.0,
            "초등학군":89.97,
            "중학군":48.48,
            "학군총점":56.778,
            "인구수":30.79,
            "인구증감":0.87,
            "인구총점":21.814,
            "일자리":8.32,
            "소득수준":51.28,
            "일자리총점":21.208,
            "가치 총점":36.7084,
            "매매실거래년":20220215.0,
            "매매실거래가":16500.0,
            "전세실거래년":20190917.0,
            "전세실거래가":9000.0,
            "전세가율":80.36,
            "장기전세가율평균":74.67,
            "전세가율거품지수":-5.69,
            "검색코드":10082,
            "세대수":238.0,
            "준공년월":"1992-07-27",
            "준공년차":31.0,
            "가까운역이름":"구명",
            "가까운역거리":1206.98,
            "역세권여부":"비역세권",
            "30분이내주요거점역":1,
            "30분거점역이름":"['덕천']",
            "1시간이내주요거점역":12,
            "1시간거점역이름":"['자갈치', '남포', '부산', '범일', '서면', '부전', '온천장', '부산대', '센텀시티', '수영', '사상', '덕천']",
            "3km이내백화점수":0,
            "5km이내아울렛몰수":0,
            "1km이내대형먀트수":0,
            "500m이내은행수":1,
            "500m이내병원수":0,
            "5km이내대형병원수":4,
            "500m이내공원수":4,
            "3km이내혐오시설수":0,
            "초등학교학업성취도":89.97,
            "중학교학업성취도":80.2,
            "용적률":216,
            "건폐율":16,
            "Y":35.198121,
            "X":129.011537,
            "rank":112.0,
            "area_info":"28평(93.66), 31평(102.95), 44평(146.35)",
            "last_sales":"2022-02-15,16500.0,44평(146.35)",
            "rank_history":[
                [
                    "202203",
                    112
                ],
                [
                    "202202",
                    96
                ],
                [
                    "202201",
                    66
                ]
            ],
            "rank_gap":-16
        },
        {
            "index":604,
            "아파트명":"화명장원맨션",
            "투자타입":"재건축",
            "전용면적(m2)":"88.98",
            "전용면적(평)":"26평",
            "법정동주소":"부산시 북구 화명동 495-2",
            "도로명주소":"부산시 북구 산성로 66",
            "세대수":0,
            "입주년차":"--",
            "용적률점수":0,
            "건폐율점수":0,
            "세대당주차수":"--",
            "난방방식":"--",
            "공급면적":70,
            "전용률":60,
            "욕실수":"--",
            "현관타입":"--",
            "주거총점":6.5,
            "지역구공급총점":100.0,
            "역세권":50,
            "30분내 이동가능 거점":20,
            "1시간내 이동가능 거점":100,
            "교통총점":51.0,
            "백화점":0,
            "아울렛몰":0,
            "대형마트":80,
            "은행":0,
            "병원":0,
            "종합병원":100,
            "공원":100,
            "혐오시설":0,
            "인프라총점":35.0,
            "초등학군":90.09,
            "중학군":47.74,
            "학군총점":56.21,
            "인구수":30.79,
            "인구증감":0.87,
            "인구총점":21.814,
            "일자리":8.32,
            "소득수준":51.28,
            "일자리총점":21.208,
            "가치 총점":36.638,
            "매매실거래년":20211015.0,
            "매매실거래가":14800.0,
            "전세실거래년":20171013.0,
            "전세실거래가":9000.0,
            "전세가율":64.29,
            "장기전세가율평균":74.67,
            "전세가율거품지수":10.38,
            "검색코드":12797,
            "세대수":52.0,
            "준공년월":"1992-04-20",
            "준공년차":31.0,
            "가까운역이름":"화명",
            "가까운역거리":840.19,
            "역세권여부":"준역세권",
            "30분이내주요거점역":1,
            "30분거점역이름":"['덕천']",
            "1시간이내주요거점역":13,
            "1시간거점역이름":"['자갈치', '남포', '부산', '범일', '서면', '부전', '온천장', '부산대', '센텀시티', '수영', '경성대·부경대', '사상', '덕천']",
            "3km이내백화점수":0,
            "5km이내아울렛몰수":0,
            "1km이내대형먀트수":1,
            "500m이내은행수":0,
            "500m이내병원수":0,
            "5km이내대형병원수":2,
            "500m이내공원수":2,
            "3km이내혐오시설수":0,
            "초등학교학업성취도":90.09,
            "중학교학업성취도":78.3,
            "용적률":0,
            "건폐율":0,
            "Y":35.24138,
            "X":129.02009,
            "rank":113.0,
            "area_info":"26평(88.98), 27평(90.73), 34평(112.5), 34평(112.5), 34평(112.5), 34평(112.5), 34평(112.5), 34평(113.63)",
            "last_sales":"2021-10-15,14800.0,34평(112.5)",
            "rank_history":[
                [
                    "202203",
                    113
                ],
                [
                    "202202",
                    9999
                ]
            ],
            "rank_gap":9999
        },
        {
            "index":225,
            "아파트명":"경인",
            "투자타입":"재건축",
            "전용면적(m2)":"61.85",
            "전용면적(평)":"18평",
            "법정동주소":"부산시 북구 덕천동 347-3",
            "도로명주소":"부산시 북구 만덕대로27번길 31",
            "세대수":0,
            "입주년차":"--",
            "용적률점수":0,
            "건폐율점수":0,
            "세대당주차수":"--",
            "난방방식":"--",
            "공급면적":50,
            "전용률":100,
            "욕실수":"--",
            "현관타입":"--",
            "주거총점":7.5,
            "지역구공급총점":100.0,
            "역세권":50,
            "30분내 이동가능 거점":40,
            "1시간내 이동가능 거점":100,
            "교통총점":57.0,
            "백화점":0,
            "아울렛몰":0,
            "대형마트":80,
            "은행":70,
            "병원":0,
            "종합병원":100,
            "공원":0,
            "혐오시설":0,
            "인프라총점":39.0,
            "초등학군":89.96,
            "중학군":37.86,
            "학군총점":48.28,
            "인구수":30.79,
            "인구증감":0.87,
            "인구총점":21.814,
            "일자리":8.32,
            "소득수준":51.28,
            "일자리총점":21.208,
            "가치 총점":36.609,
            "매매실거래년":20210310.0,
            "매매실거래가":17000.0,
            "전세실거래년":20210113.0,
            "전세실거래가":13700.0,
            "전세가율":80.59,
            "장기전세가율평균":74.67,
            "전세가율거품지수":-5.92,
            "검색코드":5397,
            "세대수":60.0,
            "준공년월":"1982-01-25",
            "준공년차":41.0,
            "가까운역이름":"숙등",
            "가까운역거리":548.82,
            "역세권여부":"준역세권",
            "30분이내주요거점역":2,
            "30분거점역이름":"['사상', '덕천']",
            "1시간이내주요거점역":15,
            "1시간거점역이름":"['하단', '자갈치', '남포', '부산', '범일', '서면', '부전', '온천장', '부산대', '장산', '센텀시티', '수영', '경성대·부경대', '사상', '덕천']",
            "3km이내백화점수":0,
            "5km이내아울렛몰수":0,
            "1km이내대형먀트수":1,
            "500m이내은행수":4,
            "500m이내병원수":0,
            "5km이내대형병원수":2,
            "500m이내공원수":0,
            "3km이내혐오시설수":0,
            "초등학교학업성취도":89.96,
            "중학교학업성취도":63.1,
            "용적률":0,
            "건폐율":0,
            "Y":35.21221,
            "X":129.007154,
            "rank":114.0,
            "area_info":"18평(61.85), 18평(61.92)",
            "last_sales":"2021-03-10,17000.0,18평(61.85)",
            "rank_history":[
                [
                    "202203",
                    114
                ],
                [
                    "202202",
                    9999
                ]
            ],
            "rank_gap":9999
        },
        {
            "index":310,
            "아파트명":"일동파크맨션",
            "투자타입":"재건축",
            "전용면적(m2)":"59.5",
            "전용면적(평)":"17평",
            "법정동주소":"부산시 북구 덕천동 365-11",
            "도로명주소":"부산시 북구 만덕대로155번길 42",
            "세대수":0,
            "입주년차":"--",
            "용적률점수":0,
            "건폐율점수":0,
            "세대당주차수":"--",
            "난방방식":"--",
            "공급면적":50,
            "전용률":80,
            "욕실수":"--",
            "현관타입":"--",
            "주거총점":6.5,
            "지역구공급총점":100.0,
            "역세권":80,
            "30분내 이동가능 거점":20,
            "1시간내 이동가능 거점":100,
            "교통총점":66.0,
            "백화점":0,
            "아울렛몰":0,
            "대형마트":80,
            "은행":0,
            "병원":0,
            "종합병원":100,
            "공원":100,
            "혐오시설":0,
            "인프라총점":35.0,
            "초등학군":90.01,
            "중학군":37.86,
            "학군총점":48.29,
            "인구수":30.79,
            "인구증감":0.87,
            "인구총점":21.814,
            "일자리":8.32,
            "소득수준":51.28,
            "일자리총점":21.208,
            "가치 총점":36.512,
            "매매실거래년":20210528.0,
            "매매실거래가":23000.0,
            "전세실거래년":20210611.0,
            "전세실거래가":10500.0,
            "전세가율":77.78,
            "장기전세가율평균":74.67,
            "전세가율거품지수":-3.11,
            "검색코드":14873,
            "세대수":158.0,
            "준공년월":"1985-07-16",
            "준공년차":38.0,
            "가까운역이름":"남산정",
            "가까운역거리":339.09,
            "역세권여부":"역세권",
            "30분이내주요거점역":1,
            "30분거점역이름":"['덕천']",
            "1시간이내주요거점역":14,
            "1시간거점역이름":"['자갈치', '남포', '부산', '범일', '서면', '부전', '온천장', '부산대', '장산', '센텀시티', '수영', '경성대·부경대', '사상', '덕천']",
            "3km이내백화점수":0,
            "5km이내아울렛몰수":0,
            "1km이내대형먀트수":1,
            "500m이내은행수":0,
            "500m이내병원수":0,
            "5km이내대형병원수":4,
            "500m이내공원수":2,
            "3km이내혐오시설수":0,
            "초등학교학업성취도":90.01,
            "중학교학업성취도":63.1,
            "용적률":0,
            "건폐율":0,
            "Y":35.21566,
            "X":129.021354,
            "rank":115.0,
            "area_info":"17평(59.5), 18평(61.09), 19평(64.5), 19평(65.77), 20평(66.18), 20평(67.0), 22평(75.56), 23평(77.27), 25평(83.55)",
            "last_sales":"2021-05-28,23000.0,22평(75.56)",
            "rank_history":[
                [
                    "202203",
                    115
                ],
                [
                    "202202",
                    99
                ],
                [
                    "202201",
                    106
                ]
            ],
            "rank_gap":-16
        },
        {
            "index":285,
            "아파트명":"삼진",
            "투자타입":"재건축",
            "전용면적(m2)":"61.49",
            "전용면적(평)":"18평",
            "법정동주소":"부산시 북구 덕천동 362",
            "도로명주소":"부산시 북구 만덕대로127번길 14-7",
            "세대수":0,
            "입주년차":"--",
            "용적률점수":0,
            "건폐율점수":0,
            "세대당주차수":"--",
            "난방방식":"--",
            "공급면적":50,
            "전용률":80,
            "욕실수":"--",
            "현관타입":"--",
            "주거총점":6.5,
            "지역구공급총점":100.0,
            "역세권":80,
            "30분내 이동가능 거점":20,
            "1시간내 이동가능 거점":100,
            "교통총점":66.0,
            "백화점":0,
            "아울렛몰":0,
            "대형마트":80,
            "은행":0,
            "병원":0,
            "종합병원":100,
            "공원":100,
            "혐오시설":0,
            "인프라총점":35.0,
            "초등학군":89.99,
            "중학군":37.86,
            "학군총점":48.286,
            "인구수":30.79,
            "인구증감":0.87,
            "인구총점":21.814,
            "일자리":8.32,
            "소득수준":51.28,
            "일자리총점":21.208,
            "가치 총점":36.5108,
            "매매실거래년":20210826.0,
            "매매실거래가":38000.0,
            "전세실거래년":20210115.0,
            "전세실거래가":8500.0,
            "전세가율":23.94,
            "장기전세가율평균":74.67,
            "전세가율거품지수":50.73,
            "검색코드":14871,
            "세대수":160.0,
            "준공년월":"1980-12-26",
            "준공년차":43.0,
            "가까운역이름":"남산정",
            "가까운역거리":373.66,
            "역세권여부":"역세권",
            "30분이내주요거점역":1,
            "30분거점역이름":"['덕천']",
            "1시간이내주요거점역":14,
            "1시간거점역이름":"['자갈치', '남포', '부산', '범일', '서면', '부전', '온천장', '부산대', '장산', '센텀시티', '수영', '경성대·부경대', '사상', '덕천']",
            "3km이내백화점수":0,
            "5km이내아울렛몰수":0,
            "1km이내대형먀트수":1,
            "500m이내은행수":1,
            "500m이내병원수":0,
            "5km이내대형병원수":4,
            "500m이내공원수":4,
            "3km이내혐오시설수":0,
            "초등학교학업성취도":89.99,
            "중학교학업성취도":63.1,
            "용적률":0,
            "건폐율":0,
            "Y":35.213809,
            "X":129.019683,
            "rank":116.0,
            "area_info":"18평(61.49), 21평(69.69)",
            "last_sales":"2021-08-26,38000.0,21평(69.69)",
            "rank_history":[
                [
                    "202203",
                    116
                ],
                [
                    "202202",
                    100
                ],
                [
                    "202201",
                    102
                ]
            ],
            "rank_gap":-16
        },
        {
            "index":480,
            "아파트명":"도시화명그린(313)",
            "투자타입":"일반",
            "전용면적(m2)":"81.76",
            "전용면적(평)":"24평",
            "법정동주소":"부산시 북구 화명동 313",
            "도로명주소":"부산시 북구 양달로 80-18",
            "세대수":30,
            "입주년차":0,
            "용적률점수":"--",
            "건폐율점수":"--",
            "세대당주차수":0,
            "난방방식":30,
            "공급면적":"--",
            "전용률":"--",
            "욕실수":50,
            "현관타입":10,
            "주거총점":19.5,
            "지역구공급총점":100.0,
            "역세권":50,
            "30분내 이동가능 거점":20,
            "1시간내 이동가능 거점":100,
            "교통총점":51.0,
            "백화점":0,
            "아울렛몰":0,
            "대형마트":0,
            "은행":0,
            "병원":0,
            "종합병원":100,
            "공원":100,
            "혐오시설":0,
            "인프라총점":23.0,
            "초등학군":90.02,
            "중학군":47.74,
            "학군총점":56.196,
            "인구수":30.79,
            "인구증감":0.87,
            "인구총점":21.814,
            "일자리":8.32,
            "소득수준":51.28,
            "일자리총점":21.208,
            "가치 총점":36.2838,
            "매매실거래년":20220210.0,
            "매매실거래가":13500.0,
            "전세실거래년":20220208.0,
            "전세실거래가":11000.0,
            "전세가율":81.48,
            "장기전세가율평균":74.67,
            "전세가율거품지수":-6.81,
            "검색코드":101072,
            "세대수":390.0,
            "준공년월":"1996-04-27",
            "준공년차":27.0,
            "가까운역이름":"율리",
            "가까운역거리":840.57,
            "역세권여부":"준역세권",
            "30분이내주요거점역":1,
            "30분거점역이름":"['덕천']",
            "1시간이내주요거점역":11,
            "1시간거점역이름":"['남포', '부산', '범일', '서면', '부전', '온천장', '부산대', '수영', '경성대·부경대', '사상', '덕천']",
            "3km이내백화점수":0,
            "5km이내아울렛몰수":0,
            "1km이내대형먀트수":0,
            "500m이내은행수":0,
            "500m이내병원수":0,
            "5km이내대형병원수":2,
            "500m이내공원수":3,
            "3km이내혐오시설수":0,
            "초등학교학업성취도":90.02,
            "중학교학업성취도":78.3,
            "용적률":256,
            "건폐율":19,
            "Y":35.243467,
            "X":129.021472,
            "rank":117.0,
            "area_info":"24평(81.76)",
            "last_sales":"2022-02-10,13500.0,24평(81.76)",
            "rank_history":[
                [
                    "202203",
                    117
                ],
                [
                    "202202",
                    101
                ],
                [
                    "202201",
                    98
                ]
            ],
            "rank_gap":-16
        },
        {
            "index":158,
            "아파트명":"금곡주공3단지",
            "투자타입":"일반",
            "전용면적(m2)":"57.11",
            "전용면적(평)":"17평",
            "법정동주소":"부산시 북구 금곡동 57-1",
            "도로명주소":"부산시 북구 효열로220번길 23",
            "세대수":90,
            "입주년차":0,
            "용적률점수":"--",
            "건폐율점수":"--",
            "세대당주차수":0,
            "난방방식":30,
            "공급면적":"--",
            "전용률":"--",
            "욕실수":50,
            "현관타입":10,
            "주거총점":40.5,
            "지역구공급총점":100.0,
            "역세권":50,
            "30분내 이동가능 거점":20,
            "1시간내 이동가능 거점":90,
            "교통총점":49.0,
            "백화점":0,
            "아울렛몰":0,
            "대형마트":0,
            "은행":0,
            "병원":0,
            "종합병원":0,
            "공원":100,
            "혐오시설":0,
            "인프라총점":3.0,
            "초등학군":90.0,
            "중학군":46.68,
            "학군총점":55.344,
            "인구수":30.79,
            "인구증감":0.87,
            "인구총점":21.814,
            "일자리":8.32,
            "소득수준":51.28,
            "일자리총점":21.208,
            "가치 총점":34.9782,
            "매매실거래년":20220219.0,
            "매매실거래가":9500.0,
            "전세실거래년":20220219.0,
            "전세실거래가":7500.0,
            "전세가율":78.95,
            "장기전세가율평균":74.67,
            "전세가율거품지수":-4.28,
            "검색코드":5363,
            "세대수":1484.0,
            "준공년월":"1994-08-29",
            "준공년차":29.0,
            "가까운역이름":"금곡",
            "가까운역거리":560.07,
            "역세권여부":"준역세권",
            "30분이내주요거점역":1,
            "30분거점역이름":"['덕천']",
            "1시간이내주요거점역":9,
            "1시간거점역이름":"['범일', '서면', '부전', '온천장', '부산대', '수영', '경성대·부경대', '사상', '덕천']",
            "3km이내백화점수":0,
            "5km이내아울렛몰수":0,
            "1km이내대형먀트수":0,
            "500m이내은행수":0,
            "500m이내병원수":0,
            "5km이내대형병원수":0,
            "500m이내공원수":4,
            "3km이내혐오시설수":0,
            "초등학교학업성취도":90.0,
            "중학교학업성취도":75.0,
            "용적률":0,
            "건폐율":0,
            "Y":35.264438,
            "X":129.021933,
            "rank":118.0,
            "area_info":"17평(57.11), 17평(58.91), 20평(67.92), 24평(80.74), 24평(82.56)",
            "last_sales":"2022-02-19,9500.0,17평(57.11)",
            "rank_history":[
                [
                    "202203",
                    118
                ],
                [
                    "202202",
                    102
                ],
                [
                    "202201",
                    96
                ]
            ],
            "rank_gap":-16
        },
        {
            "index":197,
            "아파트명":"유림2차(유림)",
            "투자타입":"일반",
            "전용면적(m2)":"109.08",
            "전용면적(평)":"32평",
            "법정동주소":"부산시 북구 금곡동 94-1",
            "도로명주소":"부산시 북구 금곡대로616번길 57",
            "세대수":0,
            "입주년차":0,
            "용적률점수":"--",
            "건폐율점수":"--",
            "세대당주차수":30,
            "난방방식":30,
            "공급면적":"--",
            "전용률":"--",
            "욕실수":100,
            "현관타입":100,
            "주거총점":27.5,
            "지역구공급총점":100.0,
            "역세권":80,
            "30분내 이동가능 거점":20,
            "1시간내 이동가능 거점":90,
            "교통총점":64.0,
            "백화점":0,
            "아울렛몰":0,
            "대형마트":0,
            "은행":20,
            "병원":0,
            "종합병원":0,
            "공원":100,
            "혐오시설":0,
            "인프라총점":5.0,
            "초등학군":89.97,
            "중학군":46.68,
            "학군총점":55.338,
            "인구수":30.79,
            "인구증감":0.87,
            "인구총점":21.814,
            "일자리":8.32,
            "소득수준":51.28,
            "일자리총점":21.208,
            "가치 총점":34.5764,
            "매매실거래년":20211005.0,
            "매매실거래가":24700.0,
            "전세실거래년":20211204.0,
            "전세실거래가":18000.0,
            "전세가율":100.0,
            "장기전세가율평균":74.67,
            "전세가율거품지수":-25.33,
            "검색코드":5359,
            "세대수":240.0,
            "준공년월":"1994-12-06",
            "준공년차":29.0,
            "가까운역이름":"금곡",
            "가까운역거리":454.2,
            "역세권여부":"역세권",
            "30분이내주요거점역":1,
            "30분거점역이름":"['덕천']",
            "1시간이내주요거점역":9,
            "1시간거점역이름":"['범일', '서면', '부전', '온천장', '부산대', '수영', '경성대·부경대', '사상', '덕천']",
            "3km이내백화점수":0,
            "5km이내아울렛몰수":0,
            "1km이내대형먀트수":0,
            "500m이내은행수":2,
            "500m이내병원수":0,
            "5km이내대형병원수":0,
            "500m이내공원수":4,
            "3km이내혐오시설수":0,
            "초등학교학업성취도":89.97,
            "중학교학업성취도":75.0,
            "용적률":233,
            "건폐율":23,
            "Y":35.263246,
            "X":129.015763,
            "rank":119.0,
            "area_info":"32평(109.08), 37평(123.43), 43평(142.3), 54평(179.61)",
            "last_sales":"2021-10-05,24700.0,43평(142.3)",
            "rank_history":[
                [
                    "202203",
                    119
                ],
                [
                    "202202",
                    103
                ],
                [
                    "202201",
                    114
                ]
            ],
            "rank_gap":-16
        },
        {
            "index":212,
            "아파트명":"협진태양,조성",
            "투자타입":"일반",
            "전용면적(m2)":"86.63",
            "전용면적(평)":"26평",
            "법정동주소":"부산시 북구 금곡동 97-11",
            "도로명주소":"부산시 북구 효열로162번길 41",
            "세대수":50,
            "입주년차":0,
            "용적률점수":"--",
            "건폐율점수":"--",
            "세대당주차수":0,
            "난방방식":30,
            "공급면적":"--",
            "전용률":"--",
            "욕실수":50,
            "현관타입":100,
            "주거총점":35.5,
            "지역구공급총점":100.0,
            "역세권":50,
            "30분내 이동가능 거점":20,
            "1시간내 이동가능 거점":90,
            "교통총점":49.0,
            "백화점":0,
            "아울렛몰":0,
            "대형마트":0,
            "은행":20,
            "병원":0,
            "종합병원":0,
            "공원":100,
            "혐오시설":0,
            "인프라총점":5.0,
            "초등학군":89.97,
            "중학군":46.68,
            "학군총점":55.338,
            "인구수":30.79,
            "인구증감":0.87,
            "인구총점":21.814,
            "일자리":8.32,
            "소득수준":51.28,
            "일자리총점":21.208,
            "가치 총점":34.3264,
            "매매실거래년":20220208.0,
            "매매실거래가":16000.0,
            "전세실거래년":20211215.0,
            "전세실거래가":12000.0,
            "전세가율":75.0,
            "장기전세가율평균":74.67,
            "전세가율거품지수":-0.33,
            "검색코드":5361,
            "세대수":576.0,
            "준공년월":"1994-10-17",
            "준공년차":29.0,
            "가까운역이름":"금곡",
            "가까운역거리":656.76,
            "역세권여부":"준역세권",
            "30분이내주요거점역":1,
            "30분거점역이름":"['덕천']",
            "1시간이내주요거점역":9,
            "1시간거점역이름":"['범일', '서면', '부전', '온천장', '부산대', '수영', '경성대·부경대', '사상', '덕천']",
            "3km이내백화점수":0,
            "5km이내아울렛몰수":0,
            "1km이내대형먀트수":0,
            "500m이내은행수":2,
            "500m이내병원수":0,
            "5km이내대형병원수":0,
            "500m이내공원수":6,
            "3km이내혐오시설수":0,
            "초등학교학업성취도":89.97,
            "중학교학업성취도":75.0,
            "용적률":199,
            "건폐율":16,
            "Y":35.261614,
            "X":129.019007,
            "rank":120.0,
            "area_info":"26평(86.63)",
            "last_sales":"2022-02-08,16000.0,26평(86.63)",
            "rank_history":[
                [
                    "202203",
                    120
                ],
                [
                    "202202",
                    105
                ],
                [
                    "202201",
                    100
                ]
            ],
            "rank_gap":-15
        },
        {
            "index":191,
            "아파트명":"유림1차",
            "투자타입":"일반",
            "전용면적(m2)":"78.11",
            "전용면적(평)":"23평",
            "법정동주소":"부산시 북구 금곡동 1425",
            "도로명주소":"부산시 북구 금곡대로470번길 33",
            "세대수":0,
            "입주년차":0,
            "용적률점수":"--",
            "건폐율점수":"--",
            "세대당주차수":0,
            "난방방식":30,
            "공급면적":"--",
            "전용률":"--",
            "욕실수":50,
            "현관타입":10,
            "주거총점":9.0,
            "지역구공급총점":100.0,
            "역세권":50,
            "30분내 이동가능 거점":20,
            "1시간내 이동가능 거점":90,
            "교통총점":49.0,
            "백화점":0,
            "아울렛몰":0,
            "대형마트":0,
            "은행":0,
            "병원":0,
            "종합병원":100,
            "공원":100,
            "혐오시설":0,
            "인프라총점":23.0,
            "초등학군":89.96,
            "중학군":51.72,
            "학군총점":59.368,
            "인구수":30.79,
            "인구증감":0.87,
            "인구총점":21.814,
            "일자리":8.32,
            "소득수준":51.28,
            "일자리총점":21.208,
            "가치 총점":34.3104,
            "매매실거래년":20220125.0,
            "매매실거래가":18300.0,
            "전세실거래년":20210811.0,
            "전세실거래가":11000.0,
            "전세가율":78.57,
            "장기전세가율평균":74.67,
            "전세가율거품지수":-3.9,
            "검색코드":5352,
            "세대수":256.0,
            "준공년월":"1994-10-06",
            "준공년차":29.0,
            "가까운역이름":"율리",
            "가까운역거리":631.04,
            "역세권여부":"준역세권",
            "30분이내주요거점역":1,
            "30분거점역이름":"['덕천']",
            "1시간이내주요거점역":9,
            "1시간거점역이름":"['부산', '범일', '서면', '온천장', '부산대', '수영', '경성대·부경대', '사상', '덕천']",
            "3km이내백화점수":0,
            "5km이내아울렛몰수":0,
            "1km이내대형먀트수":0,
            "500m이내은행수":1,
            "500m이내병원수":0,
            "5km이내대형병원수":2,
            "500m이내공원수":4,
            "3km이내혐오시설수":0,
            "초등학교학업성취도":89.96,
            "중학교학업성취도":83.4,
            "용적률":367,
            "건폐율":23,
            "Y":35.25191,
            "X":129.01343,
            "rank":121.0,
            "area_info":"23평(78.11), 33평(110.2)",
            "last_sales":"2022-01-25,18300.0,33평(110.2)",
            "rank_history":[
                [
                    "202203",
                    121
                ],
                [
                    "202202",
                    104
                ],
                [
                    "202201",
                    111
                ]
            ],
            "rank_gap":-17
        },
        {
            "index":15,
            "아파트명":"구포동성가든타워",
            "투자타입":"일반",
            "전용면적(m2)":"90.73",
            "전용면적(평)":"27평",
            "법정동주소":"부산시 북구 구포동 1224",
            "도로명주소":"부산시 북구 시랑로79번길 30-8",
            "세대수":0,
            "입주년차":0,
            "용적률점수":"--",
            "건폐율점수":"--",
            "세대당주차수":0,
            "난방방식":30,
            "공급면적":"--",
            "전용률":"--",
            "욕실수":50,
            "현관타입":10,
            "주거총점":9.0,
            "지역구공급총점":100.0,
            "역세권":50,
            "30분내 이동가능 거점":20,
            "1시간내 이동가능 거점":100,
            "교통총점":51.0,
            "백화점":0,
            "아울렛몰":0,
            "대형마트":0,
            "은행":0,
            "병원":0,
            "종합병원":100,
            "공원":100,
            "혐오시설":0,
            "인프라총점":23.0,
            "초등학군":89.97,
            "중학군":48.48,
            "학군총점":56.778,
            "인구수":30.79,
            "인구증감":0.87,
            "인구총점":21.814,
            "일자리":8.32,
            "소득수준":51.28,
            "일자리총점":21.208,
            "가치 총점":33.8334,
            "매매실거래년":20211223.0,
            "매매실거래가":11200.0,
            "전세실거래년":20200626.0,
            "전세실거래가":9500.0,
            "전세가율":84.82,
            "장기전세가율평균":74.67,
            "전세가율거품지수":-10.15,
            "검색코드":10078,
            "세대수":101.0,
            "준공년월":"1995-07-29",
            "준공년차":28.0,
            "가까운역이름":"구명",
            "가까운역거리":855.29,
            "역세권여부":"준역세권",
            "30분이내주요거점역":1,
            "30분거점역이름":"['덕천']",
            "1시간이내주요거점역":12,
            "1시간거점역이름":"['자갈치', '부산', '범일', '서면', '부전', '온천장', '부산대', '센텀시티', '수영', '경성대·부경대', '사상', '덕천']",
            "3km이내백화점수":0,
            "5km이내아울렛몰수":0,
            "1km이내대형먀트수":0,
            "500m이내은행수":1,
            "500m이내병원수":0,
            "5km이내대형병원수":4,
            "500m이내공원수":4,
            "3km이내혐오시설수":0,
            "초등학교학업성취도":89.97,
            "중학교학업성취도":80.2,
            "용적률":387,
            "건폐율":58,
            "Y":35.19831,
            "X":129.007191,
            "rank":122.0,
            "area_info":"27평(90.73)",
            "last_sales":"2021-12-23,11200.0,27평(90.73)",
            "rank_history":[
                [
                    "202203",
                    122
                ],
                [
                    "202202",
                    106
                ],
                [
                    "202201",
                    109
                ]
            ],
            "rank_gap":-16
        },
        {
            "index":9,
            "아파트명":"구포대우",
            "투자타입":"재건축",
            "전용면적(m2)":"84.58",
            "전용면적(평)":"25평",
            "법정동주소":"부산시 북구 구포동 849-1",
            "도로명주소":"부산시 북구 모분재로105번길 43-7",
            "세대수":0,
            "입주년차":"--",
            "용적률점수":0,
            "건폐율점수":80,
            "세대당주차수":"--",
            "난방방식":"--",
            "공급면적":70,
            "전용률":80,
            "욕실수":"--",
            "현관타입":"--",
            "주거총점":23.5,
            "지역구공급총점":100.0,
            "역세권":0,
            "30분내 이동가능 거점":20,
            "1시간내 이동가능 거점":100,
            "교통총점":26.0,
            "백화점":0,
            "아울렛몰":0,
            "대형마트":0,
            "은행":0,
            "병원":0,
            "종합병원":100,
            "공원":100,
            "혐오시설":0,
            "인프라총점":23.0,
            "초등학군":89.97,
            "중학군":48.48,
            "학군총점":56.778,
            "인구수":30.79,
            "인구증감":0.87,
            "인구총점":21.814,
            "일자리":8.32,
            "소득수준":51.28,
            "일자리총점":21.208,
            "가치 총점":33.7084,
            "매매실거래년":20220114.0,
            "매매실거래가":13000.0,
            "전세실거래년":20180714.0,
            "전세실거래가":10000.0,
            "전세가율":111.11,
            "장기전세가율평균":74.67,
            "전세가율거품지수":-36.44,
            "검색코드":5291,
            "세대수":225.0,
            "준공년월":"1992-10-01",
            "준공년차":31.0,
            "가까운역이름":"구명",
            "가까운역거리":1090.51,
            "역세권여부":"비역세권",
            "30분이내주요거점역":1,
            "30분거점역이름":"['덕천']",
            "1시간이내주요거점역":13,
            "1시간거점역이름":"['자갈치', '남포', '부산', '범일', '서면', '부전', '온천장', '부산대', '센텀시티', '수영', '경성대·부경대', '사상', '덕천']",
            "3km이내백화점수":0,
            "5km이내아울렛몰수":0,
            "1km이내대형먀트수":0,
            "500m이내은행수":1,
            "500m이내병원수":0,
            "5km이내대형병원수":3,
            "500m이내공원수":3,
            "3km이내혐오시설수":0,
            "초등학교학업성취도":89.97,
            "중학교학업성취도":80.2,
            "용적률":270,
            "건폐율":22,
            "Y":35.198608,
            "X":129.010401,
            "rank":123.0,
            "area_info":"25평(84.58), 27평(90.26), 30평(101.08)",
            "last_sales":"2022-01-14,13000.0,30평(101.08)",
            "rank_history":[
                [
                    "202203",
                    123
                ],
                [
                    "202202",
                    107
                ],
                [
                    "202201",
                    81
                ]
            ],
            "rank_gap":-16
        },
        {
            "index":5,
            "아파트명":"곡산",
            "투자타입":"재건축",
            "전용면적(m2)":"102.63",
            "전용면적(평)":"31평",
            "법정동주소":"부산시 북구 구포동 857-5",
            "도로명주소":"부산시 북구 모분재로149번길 39",
            "세대수":0,
            "입주년차":"--",
            "용적률점수":0,
            "건폐율점수":80,
            "세대당주차수":"--",
            "난방방식":"--",
            "공급면적":90,
            "전용률":80,
            "욕실수":"--",
            "현관타입":"--",
            "주거총점":24.5,
            "지역구공급총점":100.0,
            "역세권":0,
            "30분내 이동가능 거점":20,
            "1시간내 이동가능 거점":90,
            "교통총점":24.0,
            "백화점":0,
            "아울렛몰":0,
            "대형마트":0,
            "은행":0,
            "병원":0,
            "종합병원":100,
            "공원":100,
            "혐오시설":0,
            "인프라총점":23.0,
            "초등학군":89.97,
            "중학군":48.48,
            "학군총점":56.778,
            "인구수":30.79,
            "인구증감":0.87,
            "인구총점":21.814,
            "일자리":8.32,
            "소득수준":51.28,
            "일자리총점":21.208,
            "가치 총점":33.6584,
            "매매실거래년":20211204.0,
            "매매실거래가":10600.0,
            "전세실거래년":20181123.0,
            "전세실거래가":11000.0,
            "전세가율":103.77,
            "장기전세가율평균":74.67,
            "전세가율거품지수":-29.1,
            "검색코드":10080,
            "세대수":86.0,
            "준공년월":"1992-12-04",
            "준공년차":31.0,
            "가까운역이름":"구명",
            "가까운역거리":1379.77,
            "역세권여부":"비역세권",
            "30분이내주요거점역":1,
            "30분거점역이름":"['덕천']",
            "1시간이내주요거점역":9,
            "1시간거점역이름":"['부산', '범일', '서면', '부전', '온천장', '부산대', '수영', '사상', '덕천']",
            "3km이내백화점수":0,
            "5km이내아울렛몰수":0,
            "1km이내대형먀트수":0,
            "500m이내은행수":0,
            "500m이내병원수":0,
            "5km이내대형병원수":3,
            "500m이내공원수":3,
            "3km이내혐오시설수":0,
            "초등학교학업성취도":89.97,
            "중학교학업성취도":80.2,
            "용적률":246,
            "건폐율":23,
            "Y":35.19821,
            "X":129.01366,
            "rank":124.0,
            "area_info":"31평(102.63)",
            "last_sales":"2021-12-04,10600.0,31평(102.63)",
            "rank_history":[
                [
                    "202203",
                    124
                ],
                [
                    "202202",
                    9999
                ]
            ],
            "rank_gap":9999
        },
        {
            "index":142,
            "아파트명":"태평양",
            "투자타입":"재건축",
            "전용면적(m2)":"88.26",
            "전용면적(평)":"26평",
            "법정동주소":"부산시 북구 구포동 1247-10",
            "도로명주소":"부산시 북구 시랑로 176",
            "세대수":0,
            "입주년차":"--",
            "용적률점수":0,
            "건폐율점수":80,
            "세대당주차수":"--",
            "난방방식":"--",
            "공급면적":70,
            "전용률":60,
            "욕실수":"--",
            "현관타입":"--",
            "주거총점":22.5,
            "지역구공급총점":100.0,
            "역세권":0,
            "30분내 이동가능 거점":20,
            "1시간내 이동가능 거점":100,
            "교통총점":26.0,
            "백화점":0,
            "아울렛몰":0,
            "대형마트":0,
            "은행":0,
            "병원":0,
            "종합병원":100,
            "공원":100,
            "혐오시설":0,
            "인프라총점":23.0,
            "초등학군":89.97,
            "중학군":48.48,
            "학군총점":56.778,
            "인구수":30.79,
            "인구증감":0.87,
            "인구총점":21.814,
            "일자리":8.32,
            "소득수준":51.28,
            "일자리총점":21.208,
            "가치 총점":33.4584,
            "매매실거래년":20220208.0,
            "매매실거래가":10450.0,
            "전세실거래년":20180210.0,
            "전세실거래가":2000.0,
            "전세가율":19.14,
            "장기전세가율평균":74.67,
            "전세가율거품지수":55.53,
            "검색코드":5318,
            "세대수":232.0,
            "준공년월":"1992-09-09",
            "준공년차":31.0,
            "가까운역이름":"구명",
            "가까운역거리":1537.03,
            "역세권여부":"비역세권",
            "30분이내주요거점역":1,
            "30분거점역이름":"['덕천']",
            "1시간이내주요거점역":10,
            "1시간거점역이름":"['부산', '범일', '서면', '부전', '온천장', '부산대', '수영', '경성대·부경대', '사상', '덕천']",
            "3km이내백화점수":0,
            "5km이내아울렛몰수":0,
            "1km이내대형먀트수":0,
            "500m이내은행수":0,
            "500m이내병원수":0,
            "5km이내대형병원수":4,
            "500m이내공원수":3,
            "3km이내혐오시설수":0,
            "초등학교학업성취도":89.97,
            "중학교학업성취도":80.2,
            "용적률":281,
            "건폐율":20,
            "Y":35.19543,
            "X":129.01386,
            "rank":125.0,
            "area_info":"26평(88.26), 28평(95.42), 29평(96.91)",
            "last_sales":"2022-02-08,10450.0,26평(88.26)",
            "rank_history":[
                [
                    "202203",
                    125
                ],
                [
                    "202202",
                    108
                ],
                [
                    "202201",
                    88
                ]
            ],
            "rank_gap":-17
        },
        {
            "index":140,
            "아파트명":"태경",
            "투자타입":"재건축",
            "전용면적(m2)":"101.54",
            "전용면적(평)":"30평",
            "법정동주소":"부산시 북구 구포동 1251-2",
            "도로명주소":"부산시 북구 시랑로138번길 8",
            "세대수":0,
            "입주년차":"--",
            "용적률점수":0,
            "건폐율점수":80,
            "세대당주차수":"--",
            "난방방식":"--",
            "공급면적":90,
            "전용률":80,
            "욕실수":"--",
            "현관타입":"--",
            "주거총점":24.5,
            "지역구공급총점":100.0,
            "역세권":0,
            "30분내 이동가능 거점":20,
            "1시간내 이동가능 거점":100,
            "교통총점":26.0,
            "백화점":0,
            "아울렛몰":0,
            "대형마트":0,
            "은행":0,
            "병원":0,
            "종합병원":100,
            "공원":100,
            "혐오시설":0,
            "인프라총점":23.0,
            "초등학군":89.97,
            "중학군":46.32,
            "학군총점":55.05,
            "인구수":30.79,
            "인구증감":0.87,
            "인구총점":21.814,
            "일자리":8.32,
            "소득수준":51.28,
            "일자리총점":21.208,
            "가치 총점":33.44,
            "매매실거래년":20220211.0,
            "매매실거래가":16200.0,
            "전세실거래년":20200621.0,
            "전세실거래가":10000.0,
            "전세가율":61.73,
            "장기전세가율평균":74.67,
            "전세가율거품지수":12.94,
            "검색코드":5313,
            "세대수":211.0,
            "준공년월":"1992-09-08",
            "준공년차":31.0,
            "가까운역이름":"구명",
            "가까운역거리":1314.57,
            "역세권여부":"비역세권",
            "30분이내주요거점역":1,
            "30분거점역이름":"['덕천']",
            "1시간이내주요거점역":10,
            "1시간거점역이름":"['부산', '범일', '서면', '부전', '온천장', '부산대', '수영', '경성대·부경대', '사상', '덕천']",
            "3km이내백화점수":0,
            "5km이내아울렛몰수":0,
            "1km이내대형먀트수":0,
            "500m이내은행수":1,
            "500m이내병원수":0,
            "5km이내대형병원수":5,
            "500m이내공원수":4,
            "3km이내혐오시설수":0,
            "초등학교학업성취도":89.97,
            "중학교학업성취도":75.2,
            "용적률":303,
            "건폐율":22,
            "Y":35.1946,
            "X":129.009967,
            "rank":126.0,
            "area_info":"30평(101.54)",
            "last_sales":"2022-02-11,16200.0,30평(101.54)",
            "rank_history":[
                [
                    "202203",
                    126
                ],
                [
                    "202202",
                    109
                ],
                [
                    "202201",
                    84
                ]
            ],
            "rank_gap":-17
        },
        {
            "index":439,
            "아파트명":"일동",
            "투자타입":"재건축",
            "전용면적(m2)":"47.72",
            "전용면적(평)":"14평",
            "법정동주소":"부산시 북구 만덕동 861-9",
            "도로명주소":"부산시 북구 은행나무로36번길 104",
            "세대수":0,
            "입주년차":"--",
            "용적률점수":0,
            "건폐율점수":0,
            "세대당주차수":"--",
            "난방방식":"--",
            "공급면적":50,
            "전용률":100,
            "욕실수":"--",
            "현관타입":"--",
            "주거총점":7.5,
            "지역구공급총점":100.0,
            "역세권":50,
            "30분내 이동가능 거점":20,
            "1시간내 이동가능 거점":100,
            "교통총점":51.0,
            "백화점":0,
            "아울렛몰":0,
            "대형마트":0,
            "은행":0,
            "병원":0,
            "종합병원":100,
            "공원":100,
            "혐오시설":0,
            "인프라총점":23.0,
            "초등학군":89.98,
            "중학군":48.36,
            "학군총점":56.684,
            "인구수":30.79,
            "인구증감":0.87,
            "인구총점":21.814,
            "일자리":8.32,
            "소득수준":51.28,
            "일자리총점":21.208,
            "가치 총점":33.4302,
            "매매실거래년":"18000101",
            "매매실거래가":null,
            "전세실거래년":null,
            "전세실거래가":null,
            "전세가율":null,
            "장기전세가율평균":74.67,
            "전세가율거품지수":null,
            "검색코드":5486,
            "세대수":228.0,
            "준공년월":"1989-01-25",
            "준공년차":34.0,
            "가까운역이름":"만덕",
            "가까운역거리":971.51,
            "역세권여부":"준역세권",
            "30분이내주요거점역":1,
            "30분거점역이름":"['덕천']",
            "1시간이내주요거점역":14,
            "1시간거점역이름":"['자갈치', '남포', '부산', '범일', '서면', '부전', '온천장', '부산대', '장산', '센텀시티', '수영', '경성대·부경대', '사상', '덕천']",
            "3km이내백화점수":0,
            "5km이내아울렛몰수":0,
            "1km이내대형먀트수":0,
            "500m이내은행수":0,
            "500m이내병원수":0,
            "5km이내대형병원수":5,
            "500m이내공원수":5,
            "3km이내혐오시설수":0,
            "초등학교학업성취도":89.98,
            "중학교학업성취도":78.4,
            "용적률":0,
            "건폐율":0,
            "Y":35.205093,
            "X":129.040814,
            "rank":127.0,
            "area_info":"14평(47.72), 16평(53.51), 17평(59.2), 19평(64.07)",
            "last_sales":"1800-01-01,nan,14평(47.72)",
            "rank_history":[
                [
                    "202203",
                    127
                ],
                [
                    "202202",
                    111
                ],
                [
                    "202201",
                    116
                ]
            ],
            "rank_gap":-16
        },
        {
            "index":75,
            "아파트명":"백양",
            "투자타입":"재건축",
            "전용면적(m2)":"72.65",
            "전용면적(평)":"21평",
            "법정동주소":"부산시 북구 구포동 1243-9",
            "도로명주소":"부산시 북구 시랑로 183",
            "세대수":0,
            "입주년차":"--",
            "용적률점수":0,
            "건폐율점수":80,
            "세대당주차수":"--",
            "난방방식":"--",
            "공급면적":50,
            "전용률":80,
            "욕실수":"--",
            "현관타입":"--",
            "주거총점":22.5,
            "지역구공급총점":100.0,
            "역세권":0,
            "30분내 이동가능 거점":20,
            "1시간내 이동가능 거점":90,
            "교통총점":24.0,
            "백화점":0,
            "아울렛몰":0,
            "대형마트":0,
            "은행":0,
            "병원":0,
            "종합병원":100,
            "공원":100,
            "혐오시설":0,
            "인프라총점":23.0,
            "초등학군":89.97,
            "중학군":48.48,
            "학군총점":56.778,
            "인구수":30.79,
            "인구증감":0.87,
            "인구총점":21.814,
            "일자리":8.32,
            "소득수준":51.28,
            "일자리총점":21.208,
            "가치 총점":33.1584,
            "매매실거래년":20211101.0,
            "매매실거래가":12650.0,
            "전세실거래년":20131216.0,
            "전세실거래가":8300.0,
            "전세가율":86.46,
            "장기전세가율평균":74.67,
            "전세가율거품지수":-11.79,
            "검색코드":10077,
            "세대수":137.0,
            "준공년월":"1992-07-30",
            "준공년차":31.0,
            "가까운역이름":"구명",
            "가까운역거리":1628.54,
            "역세권여부":"비역세권",
            "30분이내주요거점역":1,
            "30분거점역이름":"['덕천']",
            "1시간이내주요거점역":9,
            "1시간거점역이름":"['부산', '범일', '서면', '부전', '온천장', '수영', '경성대·부경대', '사상', '덕천']",
            "3km이내백화점수":0,
            "5km이내아울렛몰수":0,
            "1km이내대형먀트수":0,
            "500m이내은행수":0,
            "500m이내병원수":0,
            "5km이내대형병원수":4,
            "500m이내공원수":2,
            "3km이내혐오시설수":0,
            "초등학교학업성취도":89.97,
            "중학교학업성취도":80.2,
            "용적률":294,
            "건폐율":27,
            "Y":35.195495,
            "X":129.015084,
            "rank":128.0,
            "area_info":"21평(72.65), 25평(83.21), 25평(84.02), 27평(90.98), 29평(96.91)",
            "last_sales":"2021-11-01,12650.0,29평(96.91)",
            "rank_history":[
                [
                    "202203",
                    128
                ],
                [
                    "202202",
                    108
                ],
                [
                    "202201",
                    88
                ]
            ],
            "rank_gap":-20
        },
        {
            "index":174,
            "아파트명":"금곡화목타운",
            "투자타입":"일반",
            "전용면적(m2)":"81.84",
            "전용면적(평)":"24평",
            "법정동주소":"부산시 북구 금곡동 97-10",
            "도로명주소":"부산시 북구 효열로220번길 22",
            "세대수":50,
            "입주년차":0,
            "용적률점수":"--",
            "건폐율점수":"--",
            "세대당주차수":0,
            "난방방식":30,
            "공급면적":"--",
            "전용률":"--",
            "욕실수":50,
            "현관타입":50,
            "주거총점":30.5,
            "지역구공급총점":100.0,
            "역세권":50,
            "30분내 이동가능 거점":20,
            "1시간내 이동가능 거점":80,
            "교통총점":47.0,
            "백화점":0,
            "아울렛몰":0,
            "대형마트":0,
            "은행":20,
            "병원":0,
            "종합병원":0,
            "공원":100,
            "혐오시설":0,
            "인프라총점":5.0,
            "초등학군":89.97,
            "중학군":46.68,
            "학군총점":55.338,
            "인구수":30.79,
            "인구증감":0.87,
            "인구총점":21.814,
            "일자리":8.32,
            "소득수준":51.28,
            "일자리총점":21.208,
            "가치 총점":32.7764,
            "매매실거래년":20220209.0,
            "매매실거래가":12800.0,
            "전세실거래년":null,
            "전세실거래가":null,
            "전세가율":null,
            "장기전세가율평균":74.67,
            "전세가율거품지수":null,
            "검색코드":5380,
            "세대수":576.0,
            "준공년월":"1994-11-11",
            "준공년차":29.0,
            "가까운역이름":"금곡",
            "가까운역거리":596.95,
            "역세권여부":"준역세권",
            "30분이내주요거점역":1,
            "30분거점역이름":"['덕천']",
            "1시간이내주요거점역":8,
            "1시간거점역이름":"['범일', '서면', '부전', '온천장', '부산대', '수영', '사상', '덕천']",
            "3km이내백화점수":0,
            "5km이내아울렛몰수":0,
            "1km이내대형먀트수":0,
            "500m이내은행수":2,
            "500m이내병원수":0,
            "5km이내대형병원수":0,
            "500m이내공원수":5,
            "3km이내혐오시설수":0,
            "초등학교학업성취도":89.97,
            "중학교학업성취도":75.0,
            "용적률":205,
            "건폐율":18,
            "Y":35.262437,
            "X":129.019743,
            "rank":129.0,
            "area_info":"24평(81.84), 26평(86.84)",
            "last_sales":"2022-02-09,12800.0,26평(86.84)",
            "rank_history":[
                [
                    "202203",
                    129
                ],
                [
                    "202202",
                    110
                ],
                [
                    "202201",
                    110
                ]
            ],
            "rank_gap":-19
        },
        {
            "index":193,
            "아파트명":"유림2차(대건)",
            "투자타입":"일반",
            "전용면적(m2)":"109.8",
            "전용면적(평)":"33평",
            "법정동주소":"부산시 북구 금곡동 96-1",
            "도로명주소":"부산시 북구 효열로 193",
            "세대수":0,
            "입주년차":0,
            "용적률점수":"--",
            "건폐율점수":"--",
            "세대당주차수":30,
            "난방방식":30,
            "공급면적":"--",
            "전용률":"--",
            "욕실수":100,
            "현관타입":100,
            "주거총점":27.5,
            "지역구공급총점":100.0,
            "역세권":50,
            "30분내 이동가능 거점":20,
            "1시간내 이동가능 거점":100,
            "교통총점":51.0,
            "백화점":0,
            "아울렛몰":0,
            "대형마트":0,
            "은행":20,
            "병원":0,
            "종합병원":0,
            "공원":100,
            "혐오시설":0,
            "인프라총점":5.0,
            "초등학군":89.97,
            "중학군":46.68,
            "학군총점":55.338,
            "인구수":30.79,
            "인구증감":0.87,
            "인구총점":21.814,
            "일자리":8.32,
            "소득수준":51.28,
            "일자리총점":21.208,
            "가치 총점":32.6264,
            "매매실거래년":20220103.0,
            "매매실거래가":19500.0,
            "전세실거래년":20211213.0,
            "전세실거래가":17325.0,
            "전세가율":88.85,
            "장기전세가율평균":74.67,
            "전세가율거품지수":-14.18,
            "검색코드":101484,
            "세대수":240.0,
            "준공년월":"1994-11-30",
            "준공년차":29.0,
            "가까운역이름":"금곡",
            "가까운역거리":519.2,
            "역세권여부":"준역세권",
            "30분이내주요거점역":1,
            "30분거점역이름":"['덕천']",
            "1시간이내주요거점역":10,
            "1시간거점역이름":"['부산', '범일', '서면', '부전', '온천장', '부산대', '수영', '경성대·부경대', '사상', '덕천']",
            "3km이내백화점수":0,
            "5km이내아울렛몰수":0,
            "1km이내대형먀트수":0,
            "500m이내은행수":2,
            "500m이내병원수":0,
            "5km이내대형병원수":0,
            "500m이내공원수":6,
            "3km이내혐오시설수":0,
            "초등학교학업성취도":89.97,
            "중학교학업성취도":75.0,
            "용적률":230,
            "건폐율":23,
            "Y":35.262577,
            "X":129.017085,
            "rank":130.0,
            "area_info":"33평(109.8), 37평(124.18), 43평(143.08), 48평(159.73)",
            "last_sales":"2022-01-03,19500.0,33평(109.8)",
            "rank_history":[
                [
                    "202203",
                    130
                ],
                [
                    "202202",
                    112
                ],
                [
                    "202201",
                    114
                ]
            ],
            "rank_gap":-18
        },
        {
            "index":80,
            "아파트명":"백조그린타운",
            "투자타입":"일반",
            "전용면적(m2)":"69.7",
            "전용면적(평)":"21평",
            "법정동주소":"부산시 북구 구포동 1248-7",
            "도로명주소":"부산시 북구 시랑로 158",
            "세대수":0,
            "입주년차":0,
            "용적률점수":"--",
            "건폐율점수":"--",
            "세대당주차수":0,
            "난방방식":30,
            "공급면적":"--",
            "전용률":"--",
            "욕실수":50,
            "현관타입":100,
            "주거총점":18.0,
            "지역구공급총점":100.0,
            "역세권":0,
            "30분내 이동가능 거점":20,
            "1시간내 이동가능 거점":100,
            "교통총점":26.0,
            "백화점":0,
            "아울렛몰":0,
            "대형마트":0,
            "은행":0,
            "병원":0,
            "종합병원":100,
            "공원":100,
            "혐오시설":0,
            "인프라총점":23.0,
            "초등학군":89.97,
            "중학군":48.48,
            "학군총점":56.778,
            "인구수":30.79,
            "인구증감":0.87,
            "인구총점":21.814,
            "일자리":8.32,
            "소득수준":51.28,
            "일자리총점":21.208,
            "가치 총점":32.3334,
            "매매실거래년":20220129.0,
            "매매실거래가":11600.0,
            "전세실거래년":20210609.0,
            "전세실거래가":8500.0,
            "전세가율":97.7,
            "장기전세가율평균":74.67,
            "전세가율거품지수":-23.03,
            "검색코드":10081,
            "세대수":110.0,
            "준공년월":"1993-06-04",
            "준공년차":30.0,
            "가까운역이름":"구명",
            "가까운역거리":1398.02,
            "역세권여부":"비역세권",
            "30분이내주요거점역":1,
            "30분거점역이름":"['덕천']",
            "1시간이내주요거점역":11,
            "1시간거점역이름":"['부산', '범일', '서면', '부전', '온천장', '부산대', '센텀시티', '수영', '경성대·부경대', '사상', '덕천']",
            "3km이내백화점수":0,
            "5km이내아울렛몰수":0,
            "1km이내대형먀트수":0,
            "500m이내은행수":0,
            "500m이내병원수":0,
            "5km이내대형병원수":4,
            "500m이내공원수":3,
            "3km이내혐오시설수":0,
            "초등학교학업성취도":89.97,
            "중학교학업성취도":80.2,
            "용적률":342,
            "건폐율":31,
            "Y":35.195762,
            "X":129.012298,
            "rank":131.0,
            "area_info":"21평(69.7), 27평(92.5), 28평(95.47)",
            "last_sales":"2022-01-29,11600.0,27평(92.5)",
            "rank_history":[
                [
                    "202203",
                    131
                ],
                [
                    "202202",
                    113
                ],
                [
                    "202201",
                    91
                ]
            ],
            "rank_gap":-18
        },
        {
            "index":145,
            "아파트명":"태평양그린2차",
            "투자타입":"일반",
            "전용면적(m2)":"76.38",
            "전용면적(평)":"23평",
            "법정동주소":"부산시 북구 구포동 851",
            "도로명주소":"부산시 북구 모분재로149번길 53",
            "세대수":0,
            "입주년차":0,
            "용적률점수":"--",
            "건폐율점수":"--",
            "세대당주차수":0,
            "난방방식":30,
            "공급면적":"--",
            "전용률":"--",
            "욕실수":50,
            "현관타입":100,
            "주거총점":18.0,
            "지역구공급총점":100.0,
            "역세권":0,
            "30분내 이동가능 거점":20,
            "1시간내 이동가능 거점":100,
            "교통총점":26.0,
            "백화점":0,
            "아울렛몰":0,
            "대형마트":0,
            "은행":0,
            "병원":0,
            "종합병원":100,
            "공원":100,
            "혐오시설":0,
            "인프라총점":23.0,
            "초등학군":89.97,
            "중학군":48.48,
            "학군총점":56.778,
            "인구수":30.79,
            "인구증감":0.87,
            "인구총점":21.814,
            "일자리":8.32,
            "소득수준":51.28,
            "일자리총점":21.208,
            "가치 총점":32.3334,
            "매매실거래년":20211230.0,
            "매매실거래가":12000.0,
            "전세실거래년":20200715.0,
            "전세실거래가":7850.0,
            "전세가율":98.12,
            "장기전세가율평균":74.67,
            "전세가율거품지수":-23.45,
            "검색코드":5338,
            "세대수":299.0,
            "준공년월":"1994-09-09",
            "준공년차":29.0,
            "가까운역이름":"구명",
            "가까운역거리":1251.9,
            "역세권여부":"비역세권",
            "30분이내주요거점역":1,
            "30분거점역이름":"['덕천']",
            "1시간이내주요거점역":11,
            "1시간거점역이름":"['자갈치', '남포', '부산', '범일', '서면', '부전', '온천장', '부산대', '수영', '사상', '덕천']",
            "3km이내백화점수":0,
            "5km이내아울렛몰수":0,
            "1km이내대형먀트수":0,
            "500m이내은행수":1,
            "500m이내병원수":0,
            "5km이내대형병원수":3,
            "500m이내공원수":3,
            "3km이내혐오시설수":0,
            "초등학교학업성취도":89.97,
            "중학교학업성취도":80.2,
            "용적률":248,
            "건폐율":14,
            "Y":35.198484,
            "X":129.012277,
            "rank":131.0,
            "area_info":"23평(76.38), 27평(91.21), 31평(102.78)",
            "last_sales":"2021-12-30,12000.0,31평(102.78)",
            "rank_history":[
                [
                    "202203",
                    131
                ],
                [
                    "202202",
                    113
                ],
                [
                    "202201",
                    93
                ]
            ],
            "rank_gap":-18
        },
        {
            "index":67,
            "아파트명":"동부",
            "투자타입":"일반",
            "전용면적(m2)":"71.83",
            "전용면적(평)":"21평",
            "법정동주소":"부산시 북구 구포동 1246-5",
            "도로명주소":"부산시 북구 시랑로 184",
            "세대수":0,
            "입주년차":0,
            "용적률점수":"--",
            "건폐율점수":"--",
            "세대당주차수":0,
            "난방방식":30,
            "공급면적":"--",
            "전용률":"--",
            "욕실수":50,
            "현관타입":100,
            "주거총점":18.0,
            "지역구공급총점":100.0,
            "역세권":0,
            "30분내 이동가능 거점":20,
            "1시간내 이동가능 거점":80,
            "교통총점":22.0,
            "백화점":0,
            "아울렛몰":0,
            "대형마트":0,
            "은행":0,
            "병원":0,
            "종합병원":100,
            "공원":100,
            "혐오시설":0,
            "인프라총점":23.0,
            "초등학군":89.97,
            "중학군":48.48,
            "학군총점":56.778,
            "인구수":30.79,
            "인구증감":0.87,
            "인구총점":21.814,
            "일자리":8.32,
            "소득수준":51.28,
            "일자리총점":21.208,
            "가치 총점":31.7334,
            "매매실거래년":20220205.0,
            "매매실거래가":7800.0,
            "전세실거래년":null,
            "전세실거래가":null,
            "전세가율":null,
            "장기전세가율평균":74.67,
            "전세가율거품지수":null,
            "검색코드":24972,
            "세대수":60.0,
            "준공년월":"1993-05-21",
            "준공년차":30.0,
            "가까운역이름":"구명",
            "가까운역거리":1602.38,
            "역세권여부":"비역세권",
            "30분이내주요거점역":1,
            "30분거점역이름":"['덕천']",
            "1시간이내주요거점역":8,
            "1시간거점역이름":"['부산', '범일', '서면', '부전', '수영', '경성대·부경대', '사상', '덕천']",
            "3km이내백화점수":0,
            "5km이내아울렛몰수":0,
            "1km이내대형먀트수":0,
            "500m이내은행수":0,
            "500m이내병원수":0,
            "5km이내대형병원수":5,
            "500m이내공원수":3,
            "3km이내혐오시설수":0,
            "초등학교학업성취도":89.97,
            "중학교학업성취도":80.2,
            "용적률":0,
            "건폐율":0,
            "Y":35.19508,
            "X":129.01444,
            "rank":132.0,
            "area_info":"21평(71.83)",
            "last_sales":"2022-02-05,7800.0,21평(71.83)",
            "rank_history":[
                [
                    "202203",
                    132
                ],
                [
                    "202202",
                    9999
                ]
            ],
            "rank_gap":9999
        },
        {
            "index":83,
            "아파트명":"벽산그린타운3차",
            "투자타입":"일반",
            "전용면적(m2)":"79.1",
            "전용면적(평)":"23평",
            "법정동주소":"부산시 북구 구포동 1246-4",
            "도로명주소":"부산시 북구 시랑로182번길 19",
            "세대수":0,
            "입주년차":0,
            "용적률점수":"--",
            "건폐율점수":"--",
            "세대당주차수":0,
            "난방방식":30,
            "공급면적":"--",
            "전용률":"--",
            "욕실수":50,
            "현관타입":100,
            "주거총점":18.0,
            "지역구공급총점":100.0,
            "역세권":0,
            "30분내 이동가능 거점":20,
            "1시간내 이동가능 거점":80,
            "교통총점":22.0,
            "백화점":0,
            "아울렛몰":0,
            "대형마트":0,
            "은행":0,
            "병원":0,
            "종합병원":100,
            "공원":100,
            "혐오시설":0,
            "인프라총점":23.0,
            "초등학군":89.97,
            "중학군":48.48,
            "학군총점":56.778,
            "인구수":30.79,
            "인구증감":0.87,
            "인구총점":21.814,
            "일자리":8.32,
            "소득수준":51.28,
            "일자리총점":21.208,
            "가치 총점":31.7334,
            "매매실거래년":20211105.0,
            "매매실거래가":9300.0,
            "전세실거래년":20200120.0,
            "전세실거래가":7000.0,
            "전세가율":75.27,
            "장기전세가율평균":74.67,
            "전세가율거품지수":-0.6,
            "검색코드":10084,
            "세대수":174.0,
            "준공년월":"1993-09-27",
            "준공년차":30.0,
            "가까운역이름":"구명",
            "가까운역거리":1579.74,
            "역세권여부":"비역세권",
            "30분이내주요거점역":1,
            "30분거점역이름":"['덕천']",
            "1시간이내주요거점역":8,
            "1시간거점역이름":"['부산', '범일', '서면', '부전', '수영', '경성대·부경대', '사상', '덕천']",
            "3km이내백화점수":0,
            "5km이내아울렛몰수":0,
            "1km이내대형먀트수":0,
            "500m이내은행수":0,
            "500m이내병원수":0,
            "5km이내대형병원수":5,
            "500m이내공원수":3,
            "3km이내혐오시설수":0,
            "초등학교학업성취도":89.97,
            "중학교학업성취도":80.2,
            "용적률":327,
            "건폐율":29,
            "Y":35.19471,
            "X":129.01384,
            "rank":132.0,
            "area_info":"23평(79.1), 24평(80.61), 27평(89.7), 33평(111.67)",
            "last_sales":"2021-11-05,9300.0,23평(79.1)",
            "rank_history":[
                [
                    "202203",
                    132
                ],
                [
                    "202202",
                    113
                ],
                [
                    "202201",
                    97
                ]
            ],
            "rank_gap":-19
        },
        {
            "index":121,
            "아파트명":"신진2차",
            "투자타입":"재건축",
            "전용면적(m2)":"67.71",
            "전용면적(평)":"20평",
            "법정동주소":"부산시 북구 구포동 1250-2",
            "도로명주소":"부산시 북구 시랑로170번길 51",
            "세대수":0,
            "입주년차":"--",
            "용적률점수":0,
            "건폐율점수":60,
            "세대당주차수":"--",
            "난방방식":"--",
            "공급면적":50,
            "전용률":40,
            "욕실수":"--",
            "현관타입":"--",
            "주거총점":16.5,
            "지역구공급총점":100.0,
            "역세권":0,
            "30분내 이동가능 거점":20,
            "1시간내 이동가능 거점":90,
            "교통총점":24.0,
            "백화점":0,
            "아울렛몰":0,
            "대형마트":0,
            "은행":0,
            "병원":0,
            "종합병원":100,
            "공원":100,
            "혐오시설":0,
            "인프라총점":23.0,
            "초등학군":89.97,
            "중학군":48.48,
            "학군총점":56.778,
            "인구수":30.79,
            "인구증감":0.87,
            "인구총점":21.814,
            "일자리":8.32,
            "소득수준":51.28,
            "일자리총점":21.208,
            "가치 총점":31.6584,
            "매매실거래년":20210702.0,
            "매매실거래가":7500.0,
            "전세실거래년":null,
            "전세실거래가":null,
            "전세가율":null,
            "장기전세가율평균":74.67,
            "전세가율거품지수":null,
            "검색코드":24068,
            "세대수":60.0,
            "준공년월":"1992-10-06",
            "준공년차":31.0,
            "가까운역이름":"구명",
            "가까운역거리":1414.22,
            "역세권여부":"비역세권",
            "30분이내주요거점역":1,
            "30분거점역이름":"['덕천']",
            "1시간이내주요거점역":9,
            "1시간거점역이름":"['부산', '범일', '서면', '부전', '온천장', '수영', '경성대·부경대', '사상', '덕천']",
            "3km이내백화점수":0,
            "5km이내아울렛몰수":0,
            "1km이내대형먀트수":0,
            "500m이내은행수":0,
            "500m이내병원수":0,
            "5km이내대형병원수":5,
            "500m이내공원수":4,
            "3km이내혐오시설수":0,
            "초등학교학업성취도":89.97,
            "중학교학업성취도":80.2,
            "용적률":296,
            "건폐율":32,
            "Y":35.19451,
            "X":129.01135,
            "rank":133.0,
            "area_info":"20평(67.71), 21평(70.67), 22평(73.42), 23평(76.18), 23평(79.02), 23평(79.22), 24평(81.65), 26평(86.37)",
            "last_sales":"2021-07-02,7500.0,26평(86.37)",
            "rank_history":[
                [
                    "202203",
                    133
                ],
                [
                    "202202",
                    9999
                ]
            ],
            "rank_gap":9999
        },
        {
            "index":12,
            "아파트명":"구포도시",
            "투자타입":"일반",
            "전용면적(m2)":"44.89",
            "전용면적(평)":"13평",
            "법정동주소":"부산시 북구 구포동 1259-26",
            "도로명주소":"부산시 북구 시랑로114번길 12",
            "세대수":0,
            "입주년차":20,
            "용적률점수":"--",
            "건폐율점수":"--",
            "세대당주차수":0,
            "난방방식":30,
            "공급면적":"--",
            "전용률":"--",
            "욕실수":50,
            "현관타입":10,
            "주거총점":13.0,
            "지역구공급총점":100.0,
            "역세권":0,
            "30분내 이동가능 거점":20,
            "1시간내 이동가능 거점":100,
            "교통총점":26.0,
            "백화점":0,
            "아울렛몰":0,
            "대형마트":0,
            "은행":0,
            "병원":0,
            "종합병원":100,
            "공원":100,
            "혐오시설":0,
            "인프라총점":23.0,
            "초등학군":89.97,
            "중학군":46.32,
            "학군총점":55.05,
            "인구수":30.79,
            "인구증감":0.87,
            "인구총점":21.814,
            "일자리":8.32,
            "소득수준":51.28,
            "일자리총점":21.208,
            "가치 총점":30.565,
            "매매실거래년":"18000101",
            "매매실거래가":null,
            "전세실거래년":null,
            "전세실거래가":null,
            "전세가율":null,
            "장기전세가율평균":74.67,
            "전세가율거품지수":null,
            "검색코드":15973,
            "세대수":103.0,
            "준공년월":"1999-08-27",
            "준공년차":24.0,
            "가까운역이름":"구명",
            "가까운역거리":1093.43,
            "역세권여부":"비역세권",
            "30분이내주요거점역":1,
            "30분거점역이름":"['덕천']",
            "1시간이내주요거점역":10,
            "1시간거점역이름":"['부산', '범일', '서면', '부전', '온천장', '부산대', '수영', '경성대·부경대', '사상', '덕천']",
            "3km이내백화점수":0,
            "5km이내아울렛몰수":0,
            "1km이내대형먀트수":0,
            "500m이내은행수":1,
            "500m이내병원수":0,
            "5km이내대형병원수":5,
            "500m이내공원수":3,
            "3km이내혐오시설수":0,
            "초등학교학업성취도":89.97,
            "중학교학업성취도":75.2,
            "용적률":215,
            "건폐율":31,
            "Y":35.195272,
            "X":129.007285,
            "rank":134.0,
            "area_info":"13평(44.89), 17평(56.61), 20평(68.93)",
            "last_sales":"1800-01-01,nan,13평(44.89)",
            "rank_history":[
                [
                    "202203",
                    134
                ],
                [
                    "202202",
                    114
                ],
                [
                    "202201",
                    105
                ]
            ],
            "rank_gap":-20
        },
        {
            "index":90,
            "아파트명":"벽산그린필드2차",
            "투자타입":"일반",
            "전용면적(m2)":"79.56",
            "전용면적(평)":"24평",
            "법정동주소":"부산시 북구 구포동 1256-5",
            "도로명주소":"부산시 북구 시랑로94번길 97",
            "세대수":0,
            "입주년차":0,
            "용적률점수":"--",
            "건폐율점수":"--",
            "세대당주차수":0,
            "난방방식":30,
            "공급면적":"--",
            "전용률":"--",
            "욕실수":50,
            "현관타입":100,
            "주거총점":18.0,
            "지역구공급총점":100.0,
            "역세권":0,
            "30분내 이동가능 거점":20,
            "1시간내 이동가능 거점":80,
            "교통총점":22.0,
            "백화점":0,
            "아울렛몰":0,
            "대형마트":0,
            "은행":0,
            "병원":0,
            "종합병원":100,
            "공원":100,
            "혐오시설":0,
            "인프라총점":23.0,
            "초등학군":89.97,
            "중학군":42.34,
            "학군총점":51.866,
            "인구수":30.79,
            "인구증감":0.87,
            "인구총점":21.814,
            "일자리":8.32,
            "소득수준":51.28,
            "일자리총점":21.208,
            "가치 총점":30.2598,
            "매매실거래년":20211009.0,
            "매매실거래가":12500.0,
            "전세실거래년":20200406.0,
            "전세실거래가":7000.0,
            "전세가율":69.31,
            "장기전세가율평균":74.67,
            "전세가율거품지수":5.36,
            "검색코드":10083,
            "세대수":98.0,
            "준공년월":"1993-02-04",
            "준공년차":30.0,
            "가까운역이름":"구남",
            "가까운역거리":1304.7,
            "역세권여부":"비역세권",
            "30분이내주요거점역":1,
            "30분거점역이름":"['덕천']",
            "1시간이내주요거점역":8,
            "1시간거점역이름":"['부산', '범일', '서면', '부전', '수영', '경성대·부경대', '사상', '덕천']",
            "3km이내백화점수":0,
            "5km이내아울렛몰수":0,
            "1km이내대형먀트수":0,
            "500m이내은행수":0,
            "500m이내병원수":0,
            "5km이내대형병원수":5,
            "500m이내공원수":3,
            "3km이내혐오시설수":0,
            "초등학교학업성취도":89.97,
            "중학교학업성취도":69.9,
            "용적률":226,
            "건폐율":27,
            "Y":35.19336,
            "X":129.00862,
            "rank":135.0,
            "area_info":"24평(79.56), 31평(103.45), 34평(112.4)",
            "last_sales":"2021-10-09,12500.0,31평(103.45)",
            "rank_history":[
                [
                    "202203",
                    135
                ],
                [
                    "202202",
                    9999
                ]
            ],
            "rank_gap":9999
        },
        {
            "index":0,
            "아파트명":"경원골든",
            "투자타입":"일반",
            "전용면적(m2)":"87.51",
            "전용면적(평)":"26평",
            "법정동주소":"부산시 북구 구포동 857-10",
            "도로명주소":"부산시 북구 모분재로149번길 27",
            "세대수":0,
            "입주년차":0,
            "용적률점수":"--",
            "건폐율점수":"--",
            "세대당주차수":0,
            "난방방식":30,
            "공급면적":"--",
            "전용률":"--",
            "욕실수":50,
            "현관타입":10,
            "주거총점":9.0,
            "지역구공급총점":100.0,
            "역세권":0,
            "30분내 이동가능 거점":20,
            "1시간내 이동가능 거점":100,
            "교통총점":26.0,
            "백화점":0,
            "아울렛몰":0,
            "대형마트":0,
            "은행":0,
            "병원":0,
            "종합병원":100,
            "공원":100,
            "혐오시설":0,
            "인프라총점":23.0,
            "초등학군":89.97,
            "중학군":48.48,
            "학군총점":56.778,
            "인구수":30.79,
            "인구증감":0.87,
            "인구총점":21.814,
            "일자리":8.32,
            "소득수준":51.28,
            "일자리총점":21.208,
            "가치 총점":30.0834,
            "매매실거래년":20220210.0,
            "매매실거래가":11800.0,
            "전세실거래년":20160727.0,
            "전세실거래가":6000.0,
            "전세가율":74.07,
            "장기전세가율평균":74.67,
            "전세가율거품지수":0.6,
            "검색코드":10341,
            "세대수":129.0,
            "준공년월":"1993-09-18",
            "준공년차":30.0,
            "가까운역이름":"구명",
            "가까운역거리":1316.68,
            "역세권여부":"비역세권",
            "30분이내주요거점역":1,
            "30분거점역이름":"['덕천']",
            "1시간이내주요거점역":12,
            "1시간거점역이름":"['자갈치', '남포', '부산', '범일', '서면', '부전', '온천장', '부산대', '센텀시티', '수영', '사상', '덕천']",
            "3km이내백화점수":0,
            "5km이내아울렛몰수":0,
            "1km이내대형먀트수":0,
            "500m이내은행수":0,
            "500m이내병원수":0,
            "5km이내대형병원수":4,
            "500m이내공원수":3,
            "3km이내혐오시설수":0,
            "초등학교학업성취도":89.97,
            "중학교학업성취도":80.2,
            "용적률":171,
            "건폐율":28,
            "Y":35.19802,
            "X":129.012809,
            "rank":136.0,
            "area_info":"26평(87.51), 27평(90.64), 31평(104.63)",
            "last_sales":"2022-02-10,11800.0,31평(104.63)",
            "rank_history":[
                [
                    "202203",
                    136
                ],
                [
                    "202202",
                    115
                ],
                [
                    "202201",
                    107
                ]
            ],
            "rank_gap":-21
        }
    ]
}