{
    "schema":{
        "fields":[
            {
                "name":"index",
                "type":"integer"
            },
            {
                "name":"아파트명",
                "type":"string"
            },
            {
                "name":"투자타입",
                "type":"string"
            },
            {
                "name":"전용면적(m2)",
                "type":"string"
            },
            {
                "name":"전용면적(평)",
                "type":"string"
            },
            {
                "name":"법정동주소",
                "type":"string"
            },
            {
                "name":"도로명주소",
                "type":"string"
            },
            {
                "name":"세대수",
                "type":"integer"
            },
            {
                "name":"입주년차",
                "type":"string"
            },
            {
                "name":"용적률점수",
                "type":"string"
            },
            {
                "name":"건폐율점수",
                "type":"string"
            },
            {
                "name":"세대당주차수",
                "type":"string"
            },
            {
                "name":"난방방식",
                "type":"string"
            },
            {
                "name":"공급면적",
                "type":"string"
            },
            {
                "name":"전용률",
                "type":"string"
            },
            {
                "name":"욕실수",
                "type":"string"
            },
            {
                "name":"현관타입",
                "type":"string"
            },
            {
                "name":"주거총점",
                "type":"number"
            },
            {
                "name":"지역구공급총점",
                "type":"number"
            },
            {
                "name":"역세권",
                "type":"integer"
            },
            {
                "name":"30분내 이동가능 거점",
                "type":"integer"
            },
            {
                "name":"1시간내 이동가능 거점",
                "type":"integer"
            },
            {
                "name":"교통총점",
                "type":"number"
            },
            {
                "name":"백화점",
                "type":"integer"
            },
            {
                "name":"아울렛몰",
                "type":"integer"
            },
            {
                "name":"대형마트",
                "type":"integer"
            },
            {
                "name":"은행",
                "type":"integer"
            },
            {
                "name":"병원",
                "type":"integer"
            },
            {
                "name":"종합병원",
                "type":"integer"
            },
            {
                "name":"공원",
                "type":"integer"
            },
            {
                "name":"혐오시설",
                "type":"integer"
            },
            {
                "name":"인프라총점",
                "type":"number"
            },
            {
                "name":"초등학군",
                "type":"number"
            },
            {
                "name":"중학군",
                "type":"number"
            },
            {
                "name":"학군총점",
                "type":"number"
            },
            {
                "name":"인구수",
                "type":"number"
            },
            {
                "name":"인구증감",
                "type":"number"
            },
            {
                "name":"인구총점",
                "type":"number"
            },
            {
                "name":"일자리",
                "type":"number"
            },
            {
                "name":"소득수준",
                "type":"number"
            },
            {
                "name":"일자리총점",
                "type":"number"
            },
            {
                "name":"가치 총점",
                "type":"number"
            },
            {
                "name":"매매실거래년",
                "type":"string"
            },
            {
                "name":"매매실거래가",
                "type":"number"
            },
            {
                "name":"전세실거래년",
                "type":"number"
            },
            {
                "name":"전세실거래가",
                "type":"number"
            },
            {
                "name":"전세가율",
                "type":"number"
            },
            {
                "name":"장기전세가율평균",
                "type":"number"
            },
            {
                "name":"전세가율거품지수",
                "type":"number"
            },
            {
                "name":"검색코드",
                "type":"integer"
            },
            {
                "name":"세대수",
                "type":"number"
            },
            {
                "name":"준공년월",
                "type":"string"
            },
            {
                "name":"준공년차",
                "type":"number"
            },
            {
                "name":"가까운역이름",
                "type":"string"
            },
            {
                "name":"가까운역거리",
                "type":"number"
            },
            {
                "name":"역세권여부",
                "type":"string"
            },
            {
                "name":"30분이내주요거점역",
                "type":"integer"
            },
            {
                "name":"30분거점역이름",
                "type":"string"
            },
            {
                "name":"1시간이내주요거점역",
                "type":"integer"
            },
            {
                "name":"1시간거점역이름",
                "type":"string"
            },
            {
                "name":"3km이내백화점수",
                "type":"integer"
            },
            {
                "name":"5km이내아울렛몰수",
                "type":"integer"
            },
            {
                "name":"1km이내대형먀트수",
                "type":"integer"
            },
            {
                "name":"500m이내은행수",
                "type":"integer"
            },
            {
                "name":"500m이내병원수",
                "type":"integer"
            },
            {
                "name":"5km이내대형병원수",
                "type":"integer"
            },
            {
                "name":"500m이내공원수",
                "type":"integer"
            },
            {
                "name":"3km이내혐오시설수",
                "type":"integer"
            },
            {
                "name":"초등학교학업성취도",
                "type":"number"
            },
            {
                "name":"중학교학업성취도",
                "type":"number"
            },
            {
                "name":"용적률",
                "type":"integer"
            },
            {
                "name":"건폐율",
                "type":"integer"
            },
            {
                "name":"Y",
                "type":"number"
            },
            {
                "name":"X",
                "type":"number"
            },
            {
                "name":"rank",
                "type":"number"
            },
            {
                "name":"area_info",
                "type":"string"
            },
            {
                "name":"last_sales",
                "type":"string"
            },
            {
                "name":"rank_history",
                "type":"string"
            },
            {
                "name":"rank_gap",
                "type":"integer"
            }
        ],
        "primaryKey":[
            "index"
        ],
        "pandas_version":"1.4.0"
    },
    "data":[
        {
            "index":427,
            "아파트명":"창신맨션",
            "투자타입":"재건축",
            "전용면적(m2)":"92.17",
            "전용면적(평)":"27평",
            "법정동주소":"대구시 달성군 화원읍 천내리 118",
            "도로명주소":"대구시 달성군 화원로 36",
            "세대수":30,
            "입주년차":"--",
            "용적률점수":100,
            "건폐율점수":80,
            "세대당주차수":"--",
            "난방방식":"--",
            "공급면적":70,
            "전용률":80,
            "욕실수":"--",
            "현관타입":"--",
            "주거총점":72.5,
            "지역구공급총점":0.0,
            "역세권":80,
            "30분내 이동가능 거점":20,
            "1시간내 이동가능 거점":40,
            "교통총점":54.0,
            "백화점":0,
            "아울렛몰":0,
            "대형마트":80,
            "은행":20,
            "병원":0,
            "종합병원":100,
            "공원":100,
            "혐오시설":0,
            "인프라총점":37.0,
            "초등학군":90.02,
            "중학군":45.3,
            "학군총점":54.244,
            "인구수":28.12,
            "인구증감":6.56,
            "인구총점":21.652,
            "일자리":15.1,
            "소득수준":62.39,
            "일자리총점":29.287,
            "가치 총점":53.5982,
            "매매실거래년":20210427.0,
            "매매실거래가":37500.0,
            "전세실거래년":20211024.0,
            "전세실거래가":10500.0,
            "전세가율":29.58,
            "장기전세가율평균":74.27,
            "전세가율거품지수":44.69,
            "검색코드":6656,
            "세대수":302.0,
            "준공년월":"1990-12-22",
            "준공년차":33.0,
            "가까운역이름":"화원",
            "가까운역거리":466.8,
            "역세권여부":"역세권",
            "30분이내주요거점역":1,
            "30분거점역이름":"['상인']",
            "1시간이내주요거점역":4,
            "1시간거점역이름":"['동대구', '반월당', '상인', '수성구청']",
            "3km이내백화점수":0,
            "5km이내아울렛몰수":0,
            "1km이내대형먀트수":1,
            "500m이내은행수":2,
            "500m이내병원수":0,
            "5km이내대형병원수":2,
            "500m이내공원수":2,
            "3km이내혐오시설수":0,
            "초등학교학업성취도":90.02,
            "중학교학업성취도":75.5,
            "용적률":114,
            "건폐율":29,
            "Y":35.80854,
            "X":128.49945,
            "rank":1.0,
            "area_info":"27평(92.17), 28평(94.18), 29평(97.12)",
            "last_sales":"2021-04-27,37500.0,29평(97.12)",
            "rank_history":[
                [
                    "202203",
                    1
                ],
                [
                    "202202",
                    1
                ],
                [
                    "202201",
                    3
                ]
            ],
            "rank_gap":0
        },
        {
            "index":391,
            "아파트명":"대곡역신동아파밀리에",
            "투자타입":"일반",
            "전용면적(m2)":"110.84",
            "전용면적(평)":"33평",
            "법정동주소":"대구시 달성군 화원읍 구라리 1722",
            "도로명주소":"대구시 달성군 비슬로539길 38",
            "세대수":50,
            "입주년차":40,
            "용적률점수":"--",
            "건폐율점수":"--",
            "세대당주차수":30,
            "난방방식":30,
            "공급면적":"--",
            "전용률":"--",
            "욕실수":100,
            "현관타입":100,
            "주거총점":53.0,
            "지역구공급총점":0.0,
            "역세권":80,
            "30분내 이동가능 거점":40,
            "1시간내 이동가능 거점":40,
            "교통총점":60.0,
            "백화점":100,
            "아울렛몰":0,
            "대형마트":0,
            "은행":0,
            "병원":0,
            "종합병원":100,
            "공원":0,
            "혐오시설":0,
            "인프라총점":50.0,
            "초등학군":89.99,
            "중학군":45.3,
            "학군총점":54.238,
            "인구수":28.12,
            "인구증감":6.56,
            "인구총점":21.652,
            "일자리":15.1,
            "소득수준":62.39,
            "일자리총점":29.287,
            "가치 총점":53.5214,
            "매매실거래년":20220118.0,
            "매매실거래가":36500.0,
            "전세실거래년":20210807.0,
            "전세실거래가":32000.0,
            "전세가율":87.67,
            "장기전세가율평균":74.27,
            "전세가율거품지수":-13.4,
            "검색코드":24268,
            "세대수":425.0,
            "준공년월":"2007-10-12",
            "준공년차":16.0,
            "가까운역이름":"대곡",
            "가까운역거리":365.49,
            "역세권여부":"역세권",
            "30분이내주요거점역":2,
            "30분거점역이름":"['반월당', '상인']",
            "1시간이내주요거점역":4,
            "1시간거점역이름":"['동대구', '반월당', '상인', '수성구청']",
            "3km이내백화점수":1,
            "5km이내아울렛몰수":0,
            "1km이내대형먀트수":0,
            "500m이내은행수":1,
            "500m이내병원수":0,
            "5km이내대형병원수":3,
            "500m이내공원수":0,
            "3km이내혐오시설수":0,
            "초등학교학업성취도":89.99,
            "중학교학업성취도":75.5,
            "용적률":278,
            "건폐율":30,
            "Y":35.811118,
            "X":128.509189,
            "rank":2.0,
            "area_info":"33평(110.84), 33평(110.63), 33평(111.05), 33평(111.13), 33평(112.03), 43평(142.32)",
            "last_sales":"2022-01-18,36500.0,33평(110.84)",
            "rank_history":[
                [
                    "202203",
                    2
                ],
                [
                    "202202",
                    3
                ],
                [
                    "202201",
                    7
                ]
            ],
            "rank_gap":1
        },
        {
            "index":448,
            "아파트명":"한우",
            "투자타입":"재건축",
            "전용면적(m2)":"41.12",
            "전용면적(평)":"12평",
            "법정동주소":"대구시 달성군 화원읍 구라리 1734-2",
            "도로명주소":"대구시 달성군 비슬로 2679",
            "세대수":30,
            "입주년차":"--",
            "용적률점수":100,
            "건폐율점수":0,
            "세대당주차수":"--",
            "난방방식":"--",
            "공급면적":50,
            "전용률":80,
            "욕실수":"--",
            "현관타입":"--",
            "주거총점":55.5,
            "지역구공급총점":0.0,
            "역세권":80,
            "30분내 이동가능 거점":20,
            "1시간내 이동가능 거점":40,
            "교통총점":54.0,
            "백화점":100,
            "아울렛몰":0,
            "대형마트":0,
            "은행":0,
            "병원":0,
            "종합병원":100,
            "공원":0,
            "혐오시설":0,
            "인프라총점":50.0,
            "초등학군":89.99,
            "중학군":45.3,
            "학군총점":54.238,
            "인구수":28.12,
            "인구증감":6.56,
            "인구총점":21.652,
            "일자리":15.1,
            "소득수준":62.39,
            "일자리총점":29.287,
            "가치 총점":53.2464,
            "매매실거래년":20220129.0,
            "매매실거래가":14800.0,
            "전세실거래년":20220107.0,
            "전세실거래가":4000.0,
            "전세가율":27.03,
            "장기전세가율평균":74.27,
            "전세가율거품지수":47.24,
            "검색코드":6654,
            "세대수":360.0,
            "준공년월":"1984-06-08",
            "준공년차":39.0,
            "가까운역이름":"대곡",
            "가까운역거리":410.99,
            "역세권여부":"역세권",
            "30분이내주요거점역":1,
            "30분거점역이름":"['상인']",
            "1시간이내주요거점역":4,
            "1시간거점역이름":"['동대구', '반월당', '상인', '수성구청']",
            "3km이내백화점수":1,
            "5km이내아울렛몰수":0,
            "1km이내대형먀트수":0,
            "500m이내은행수":1,
            "500m이내병원수":0,
            "5km이내대형병원수":3,
            "500m이내공원수":0,
            "3km이내혐오시설수":0,
            "초등학교학업성취도":89.99,
            "중학교학업성취도":75.5,
            "용적률":144,
            "건폐율":0,
            "Y":35.80841,
            "X":128.50844,
            "rank":3.0,
            "area_info":"12평(41.12), 14평(46.77)",
            "last_sales":"2022-01-29,14800.0,12평(41.12)",
            "rank_history":[
                [
                    "202203",
                    3
                ],
                [
                    "202202",
                    2
                ],
                [
                    "202201",
                    4
                ]
            ],
            "rank_gap":-1
        },
        {
            "index":158,
            "아파트명":"대실역태왕아너스",
            "투자타입":"일반",
            "전용면적(m2)":"69.48",
            "전용면적(평)":"21평",
            "법정동주소":"대구시 달성군 다사읍 죽곡리 814",
            "도로명주소":"대구시 달성군 대실역남로 11",
            "세대수":80,
            "입주년차":80,
            "용적률점수":"--",
            "건폐율점수":"--",
            "세대당주차수":30,
            "난방방식":100,
            "공급면적":"--",
            "전용률":"--",
            "욕실수":50,
            "현관타입":100,
            "주거총점":73.5,
            "지역구공급총점":0.0,
            "역세권":80,
            "30분내 이동가능 거점":20,
            "1시간내 이동가능 거점":40,
            "교통총점":54.0,
            "백화점":0,
            "아울렛몰":0,
            "대형마트":0,
            "은행":70,
            "병원":0,
            "종합병원":80,
            "공원":100,
            "혐오시설":0,
            "인프라총점":26.0,
            "초등학군":90.01,
            "중학군":53.9,
            "학군총점":61.122,
            "인구수":28.12,
            "인구증감":6.56,
            "인구총점":21.652,
            "일자리":15.1,
            "소득수준":62.39,
            "일자리총점":29.287,
            "가치 총점":52.6116,
            "매매실거래년":20220114.0,
            "매매실거래가":38000.0,
            "전세실거래년":20211211.0,
            "전세실거래가":24150.0,
            "전세가율":75.47,
            "장기전세가율평균":74.27,
            "전세가율거품지수":-1.2,
            "검색코드":110494,
            "세대수":742.0,
            "준공년월":"2017-09-27",
            "준공년차":6.0,
            "가까운역이름":"대실",
            "가까운역거리":209.23,
            "역세권여부":"역세권",
            "30분이내주요거점역":1,
            "30분거점역이름":"['반월당']",
            "1시간이내주요거점역":4,
            "1시간거점역이름":"['동대구', '반월당', '상인', '수성구청']",
            "3km이내백화점수":0,
            "5km이내아울렛몰수":0,
            "1km이내대형먀트수":0,
            "500m이내은행수":3,
            "500m이내병원수":0,
            "5km이내대형병원수":1,
            "500m이내공원수":4,
            "3km이내혐오시설수":0,
            "초등학교학업성취도":90.01,
            "중학교학업성취도":89.1,
            "용적률":196,
            "건폐율":20,
            "Y":35.855729,
            "X":128.465416,
            "rank":4.0,
            "area_info":"21평(69.48), 21평(69.47), 22평(74.94), 25평(83.42), 25평(83.22), 25평(83.28)",
            "last_sales":"2022-01-14,38000.0,25평(83.22)",
            "rank_history":[
                [
                    "202203",
                    4
                ],
                [
                    "202202",
                    5
                ],
                [
                    "202201",
                    8
                ]
            ],
            "rank_gap":1
        },
        {
            "index":424,
            "아파트명":"영남",
            "투자타입":"재건축",
            "전용면적(m2)":"61.5",
            "전용면적(평)":"18평",
            "법정동주소":"대구시 달성군 화원읍 천내리 42",
            "도로명주소":"대구시 달성군 화원로 10",
            "세대수":0,
            "입주년차":"--",
            "용적률점수":100,
            "건폐율점수":60,
            "세대당주차수":"--",
            "난방방식":"--",
            "공급면적":50,
            "전용률":80,
            "욕실수":"--",
            "현관타입":"--",
            "주거총점":58.5,
            "지역구공급총점":0.0,
            "역세권":80,
            "30분내 이동가능 거점":40,
            "1시간내 이동가능 거점":40,
            "교통총점":60.0,
            "백화점":0,
            "아울렛몰":0,
            "대형마트":80,
            "은행":70,
            "병원":0,
            "종합병원":100,
            "공원":100,
            "혐오시설":0,
            "인프라총점":42.0,
            "초등학군":90.0,
            "중학군":45.3,
            "학군총점":54.24,
            "인구수":28.12,
            "인구증감":6.56,
            "인구총점":21.652,
            "일자리":15.1,
            "소득수준":62.39,
            "일자리총점":29.287,
            "가치 총점":52.497,
            "매매실거래년":20201125.0,
            "매매실거래가":29500.0,
            "전세실거래년":20190603.0,
            "전세실거래가":8000.0,
            "전세가율":42.55,
            "장기전세가율평균":74.27,
            "전세가율거품지수":31.72,
            "검색코드":13225,
            "세대수":170.0,
            "준공년월":"1989-12-21",
            "준공년차":34.0,
            "가까운역이름":"화원",
            "가까운역거리":168.09,
            "역세권여부":"역세권",
            "30분이내주요거점역":2,
            "30분거점역이름":"['반월당', '상인']",
            "1시간이내주요거점역":4,
            "1시간거점역이름":"['동대구', '반월당', '상인', '수성구청']",
            "3km이내백화점수":0,
            "5km이내아울렛몰수":0,
            "1km이내대형먀트수":1,
            "500m이내은행수":3,
            "500m이내병원수":0,
            "5km이내대형병원수":2,
            "500m이내공원수":2,
            "3km이내혐오시설수":0,
            "초등학교학업성취도":90.0,
            "중학교학업성취도":75.5,
            "용적률":149,
            "건폐율":34,
            "Y":35.805981,
            "X":128.500625,
            "rank":5.0,
            "area_info":"18평(61.5), 24평(82.38), 28평(93.81)",
            "last_sales":"2020-11-25,29500.0,28평(93.81)",
            "rank_history":[
                [
                    "202203",
                    5
                ],
                [
                    "202202",
                    10
                ],
                [
                    "202201",
                    6
                ]
            ],
            "rank_gap":5
        },
        {
            "index":460,
            "아파트명":"화원이진캐스빌",
            "투자타입":"일반",
            "전용면적(m2)":"94.62",
            "전용면적(평)":"28평",
            "법정동주소":"대구시 달성군 화원읍 천내리 918",
            "도로명주소":"대구시 달성군 비슬로 2545",
            "세대수":80,
            "입주년차":80,
            "용적률점수":"--",
            "건폐율점수":"--",
            "세대당주차수":60,
            "난방방식":30,
            "공급면적":"--",
            "전용률":"--",
            "욕실수":100,
            "현관타입":100,
            "주거총점":76.0,
            "지역구공급총점":0.0,
            "역세권":50,
            "30분내 이동가능 거점":20,
            "1시간내 이동가능 거점":40,
            "교통총점":39.0,
            "백화점":0,
            "아울렛몰":0,
            "대형마트":100,
            "은행":0,
            "병원":0,
            "종합병원":80,
            "공원":100,
            "혐오시설":0,
            "인프라총점":34.0,
            "초등학군":90.0,
            "중학군":49.48,
            "학군총점":57.584,
            "인구수":28.12,
            "인구증감":6.56,
            "인구총점":21.652,
            "일자리":15.1,
            "소득수준":62.39,
            "일자리총점":29.287,
            "가치 총점":52.3252,
            "매매실거래년":20211220.0,
            "매매실거래가":50000.0,
            "전세실거래년":20201204.0,
            "전세실거래가":33000.0,
            "전세가율":89.67,
            "장기전세가율평균":74.27,
            "전세가율거품지수":-15.4,
            "검색코드":108269,
            "세대수":830.0,
            "준공년월":"2017-09-20",
            "준공년차":6.0,
            "가까운역이름":"화원",
            "가까운역거리":551.51,
            "역세권여부":"준역세권",
            "30분이내주요거점역":1,
            "30분거점역이름":"['상인']",
            "1시간이내주요거점역":4,
            "1시간거점역이름":"['동대구', '반월당', '상인', '수성구청']",
            "3km이내백화점수":0,
            "5km이내아울렛몰수":0,
            "1km이내대형먀트수":2,
            "500m이내은행수":1,
            "500m이내병원수":0,
            "5km이내대형병원수":1,
            "500m이내공원수":2,
            "3km이내혐오시설수":0,
            "초등학교학업성취도":90.0,
            "중학교학업성취도":82.2,
            "용적률":440,
            "건폐율":61,
            "Y":35.803264,
            "X":128.494795,
            "rank":6.0,
            "area_info":"28평(94.62), 28평(95.51), 34평(113.52), 34평(114.68), 41평(136.19)",
            "last_sales":"2021-12-20,50000.0,34평(114.68)",
            "rank_history":[
                [
                    "202203",
                    6
                ],
                [
                    "202202",
                    7
                ],
                [
                    "202201",
                    1
                ]
            ],
            "rank_gap":1
        },
        {
            "index":399,
            "아파트명":"명곡미래빌1단지",
            "투자타입":"일반",
            "전용면적(m2)":"107.95",
            "전용면적(평)":"32평",
            "법정동주소":"대구시 달성군 화원읍 명곡리 112",
            "도로명주소":"대구시 달성군 명곡로 11",
            "세대수":90,
            "입주년차":20,
            "용적률점수":"--",
            "건폐율점수":"--",
            "세대당주차수":30,
            "난방방식":100,
            "공급면적":"--",
            "전용률":"--",
            "욕실수":100,
            "현관타입":100,
            "주거총점":70.0,
            "지역구공급총점":0.0,
            "역세권":50,
            "30분내 이동가능 거점":20,
            "1시간내 이동가능 거점":40,
            "교통총점":39.0,
            "백화점":0,
            "아울렛몰":0,
            "대형마트":100,
            "은행":0,
            "병원":0,
            "종합병원":100,
            "공원":100,
            "혐오시설":0,
            "인프라총점":38.0,
            "초등학군":89.98,
            "중학군":49.48,
            "학군총점":57.58,
            "인구수":28.12,
            "인구증감":6.56,
            "인구총점":21.652,
            "일자리":15.1,
            "소득수준":62.39,
            "일자리총점":29.287,
            "가치 총점":52.024,
            "매매실거래년":20211224.0,
            "매매실거래가":26900.0,
            "전세실거래년":20220210.0,
            "전세실거래가":20000.0,
            "전세가율":74.35,
            "장기전세가율평균":74.27,
            "전세가율거품지수":-0.08,
            "검색코드":8137,
            "세대수":976.0,
            "준공년월":"2000-03-28",
            "준공년차":23.0,
            "가까운역이름":"화원",
            "가까운역거리":641.75,
            "역세권여부":"준역세권",
            "30분이내주요거점역":1,
            "30분거점역이름":"['상인']",
            "1시간이내주요거점역":4,
            "1시간거점역이름":"['동대구', '반월당', '상인', '수성구청']",
            "3km이내백화점수":0,
            "5km이내아울렛몰수":0,
            "1km이내대형먀트수":2,
            "500m이내은행수":1,
            "500m이내병원수":0,
            "5km이내대형병원수":2,
            "500m이내공원수":4,
            "3km이내혐오시설수":0,
            "초등학교학업성취도":89.98,
            "중학교학업성취도":82.2,
            "용적률":233,
            "건폐율":19,
            "Y":35.799132,
            "X":128.498026,
            "rank":7.0,
            "area_info":"32평(107.95)",
            "last_sales":"2021-12-24,26900.0,32평(107.95)",
            "rank_history":[
                [
                    "202203",
                    7
                ],
                [
                    "202202",
                    8
                ],
                [
                    "202201",
                    2
                ]
            ],
            "rank_gap":1
        },
        {
            "index":151,
            "아파트명":"대실역청아람2단지",
            "투자타입":"일반",
            "전용면적(m2)":"80.81",
            "전용면적(평)":"24평",
            "법정동주소":"대구시 달성군 다사읍 매곡리 1538",
            "도로명주소":"대구시 달성군 대실역북로 26",
            "세대수":90,
            "입주년차":40,
            "용적률점수":"--",
            "건폐율점수":"--",
            "세대당주차수":30,
            "난방방식":100,
            "공급면적":"--",
            "전용률":"--",
            "욕실수":100,
            "현관타입":100,
            "주거총점":74.0,
            "지역구공급총점":0.0,
            "역세권":80,
            "30분내 이동가능 거점":0,
            "1시간내 이동가능 거점":40,
            "교통총점":48.0,
            "백화점":0,
            "아울렛몰":0,
            "대형마트":0,
            "은행":70,
            "병원":0,
            "종합병원":80,
            "공원":100,
            "혐오시설":0,
            "인프라총점":26.0,
            "초등학군":90.0,
            "중학군":53.9,
            "학군총점":61.12,
            "인구수":28.12,
            "인구증감":6.56,
            "인구총점":21.652,
            "일자리":15.1,
            "소득수준":62.39,
            "일자리총점":29.287,
            "가치 총점":51.836,
            "매매실거래년":20220116.0,
            "매매실거래가":32000.0,
            "전세실거래년":20220207.0,
            "전세실거래가":24000.0,
            "전세가율":75.0,
            "장기전세가율평균":74.27,
            "전세가율거품지수":-0.73,
            "검색코드":25005,
            "세대수":1316.0,
            "준공년월":"2008-09-30",
            "준공년차":15.0,
            "가까운역이름":"대실",
            "가까운역거리":361.8,
            "역세권여부":"역세권",
            "30분이내주요거점역":0,
            "30분거점역이름":"[]",
            "1시간이내주요거점역":4,
            "1시간거점역이름":"['동대구', '반월당', '상인', '수성구청']",
            "3km이내백화점수":0,
            "5km이내아울렛몰수":0,
            "1km이내대형먀트수":0,
            "500m이내은행수":3,
            "500m이내병원수":0,
            "5km이내대형병원수":1,
            "500m이내공원수":4,
            "3km이내혐오시설수":0,
            "초등학교학업성취도":90.0,
            "중학교학업성취도":89.1,
            "용적률":209,
            "건폐율":17,
            "Y":35.859172,
            "X":128.468769,
            "rank":8.0,
            "area_info":"24평(80.81), 33평(109.93), 33평(110.81), 33평(111.53), 34평(115.25), 41평(137.78), 42평(142.11)",
            "last_sales":"2022-01-16,32000.0,24평(80.81)",
            "rank_history":[
                [
                    "202203",
                    8
                ],
                [
                    "202202",
                    4
                ],
                [
                    "202201",
                    5
                ]
            ],
            "rank_gap":-4
        },
        {
            "index":214,
            "아파트명":"죽곡삼정그린코아더베스트",
            "투자타입":"일반",
            "전용면적(m2)":"91.48",
            "전용면적(평)":"27평",
            "법정동주소":"대구시 달성군 다사읍 매곡리 1568",
            "도로명주소":"대구시 달성군 다사로 50",
            "세대수":90,
            "입주년차":80,
            "용적률점수":"--",
            "건폐율점수":"--",
            "세대당주차수":30,
            "난방방식":100,
            "공급면적":"--",
            "전용률":"--",
            "욕실수":100,
            "현관타입":100,
            "주거총점":82.0,
            "지역구공급총점":0.0,
            "역세권":80,
            "30분내 이동가능 거점":0,
            "1시간내 이동가능 거점":40,
            "교통총점":48.0,
            "백화점":0,
            "아울렛몰":0,
            "대형마트":0,
            "은행":0,
            "병원":0,
            "종합병원":80,
            "공원":100,
            "혐오시설":0,
            "인프라총점":19.0,
            "초등학군":89.99,
            "중학군":52.76,
            "학군총점":60.206,
            "인구수":28.12,
            "인구증감":6.56,
            "인구총점":21.652,
            "일자리":15.1,
            "소득수준":62.39,
            "일자리총점":29.287,
            "가치 총점":51.4618,
            "매매실거래년":20220121.0,
            "매매실거래가":39000.0,
            "전세실거래년":20210721.0,
            "전세실거래가":35000.0,
            "전세가율":89.74,
            "장기전세가율평균":74.27,
            "전세가율거품지수":-15.47,
            "검색코드":111586,
            "세대수":929.0,
            "준공년월":"2018-12-26",
            "준공년차":5.0,
            "가까운역이름":"다사",
            "가까운역거리":270.15,
            "역세권여부":"역세권",
            "30분이내주요거점역":0,
            "30분거점역이름":"[]",
            "1시간이내주요거점역":4,
            "1시간거점역이름":"['동대구', '반월당', '상인', '수성구청']",
            "3km이내백화점수":0,
            "5km이내아울렛몰수":0,
            "1km이내대형먀트수":0,
            "500m이내은행수":0,
            "500m이내병원수":0,
            "5km이내대형병원수":1,
            "500m이내공원수":2,
            "3km이내혐오시설수":0,
            "초등학교학업성취도":89.99,
            "중학교학업성취도":87.6,
            "용적률":380,
            "건폐율":21,
            "Y":35.864203,
            "X":128.461288,
            "rank":9.0,
            "area_info":"27평(91.48), 28평(92.78), 30평(100.95), 30평(101.26), 34평(112.73), 39평(131.71)",
            "last_sales":"2022-01-21,39000.0,27평(91.48)",
            "rank_history":[
                [
                    "202203",
                    9
                ],
                [
                    "202202",
                    6
                ],
                [
                    "202201",
                    9
                ]
            ],
            "rank_gap":-3
        },
        {
            "index":147,
            "아파트명":"대실역청아람1단지",
            "투자타입":"일반",
            "전용면적(m2)":"81.24",
            "전용면적(평)":"24평",
            "법정동주소":"대구시 달성군 다사읍 매곡리 1537",
            "도로명주소":"대구시 달성군 대실역북로 38",
            "세대수":80,
            "입주년차":40,
            "용적률점수":"--",
            "건폐율점수":"--",
            "세대당주차수":30,
            "난방방식":100,
            "공급면적":"--",
            "전용률":"--",
            "욕실수":100,
            "현관타입":100,
            "주거총점":70.5,
            "지역구공급총점":0.0,
            "역세권":80,
            "30분내 이동가능 거점":0,
            "1시간내 이동가능 거점":40,
            "교통총점":48.0,
            "백화점":0,
            "아울렛몰":0,
            "대형마트":0,
            "은행":70,
            "병원":0,
            "종합병원":80,
            "공원":100,
            "혐오시설":0,
            "인프라총점":26.0,
            "초등학군":90.0,
            "중학군":53.9,
            "학군총점":61.12,
            "인구수":28.12,
            "인구증감":6.56,
            "인구총점":21.652,
            "일자리":15.1,
            "소득수준":62.39,
            "일자리총점":29.287,
            "가치 총점":50.961,
            "매매실거래년":20220110.0,
            "매매실거래가":36500.0,
            "전세실거래년":20220114.0,
            "전세실거래가":23100.0,
            "전세가율":74.52,
            "장기전세가율평균":74.27,
            "전세가율거품지수":-0.25,
            "검색코드":25787,
            "세대수":769.0,
            "준공년월":"2008-09-30",
            "준공년차":15.0,
            "가까운역이름":"대실",
            "가까운역거리":484.85,
            "역세권여부":"역세권",
            "30분이내주요거점역":0,
            "30분거점역이름":"[]",
            "1시간이내주요거점역":4,
            "1시간거점역이름":"['동대구', '반월당', '상인', '수성구청']",
            "3km이내백화점수":0,
            "5km이내아울렛몰수":0,
            "1km이내대형먀트수":0,
            "500m이내은행수":3,
            "500m이내병원수":0,
            "5km이내대형병원수":1,
            "500m이내공원수":5,
            "3km이내혐오시설수":0,
            "초등학교학업성취도":90.0,
            "중학교학업성취도":89.1,
            "용적률":208,
            "건폐율":16,
            "Y":35.860847,
            "X":128.468849,
            "rank":10.0,
            "area_info":"24평(81.24), 25평(83.64), 33평(111.14), 33평(112.01)",
            "last_sales":"2022-01-10,36500.0,33평(111.14)",
            "rank_history":[
                [
                    "202203",
                    10
                ],
                [
                    "202202",
                    9
                ],
                [
                    "202201",
                    10
                ]
            ],
            "rank_gap":-1
        },
        {
            "index":141,
            "아파트명":"대실역리슈빌3단지",
            "투자타입":"일반",
            "전용면적(m2)":"106.08",
            "전용면적(평)":"32평",
            "법정동주소":"대구시 달성군 다사읍 죽곡리 818",
            "도로명주소":"대구시 달성군 대실역남로 33",
            "세대수":50,
            "입주년차":60,
            "용적률점수":"--",
            "건폐율점수":"--",
            "세대당주차수":80,
            "난방방식":100,
            "공급면적":"--",
            "전용률":"--",
            "욕실수":100,
            "현관타입":100,
            "주거총점":71.5,
            "지역구공급총점":0.0,
            "역세권":80,
            "30분내 이동가능 거점":0,
            "1시간내 이동가능 거점":40,
            "교통총점":48.0,
            "백화점":0,
            "아울렛몰":0,
            "대형마트":0,
            "은행":20,
            "병원":0,
            "종합병원":80,
            "공원":100,
            "혐오시설":0,
            "인프라총점":21.0,
            "초등학군":90.0,
            "중학군":53.9,
            "학군총점":61.12,
            "인구수":28.12,
            "인구증감":6.56,
            "인구총점":21.652,
            "일자리":15.1,
            "소득수준":62.39,
            "일자리총점":29.287,
            "가치 총점":49.711,
            "매매실거래년":20211001.0,
            "매매실거래가":51500.0,
            "전세실거래년":20210225.0,
            "전세실거래가":37000.0,
            "전세가율":82.22,
            "장기전세가율평균":74.27,
            "전세가율거품지수":-7.95,
            "검색코드":103561,
            "세대수":597.0,
            "준공년월":"2012-02-17",
            "준공년차":11.0,
            "가까운역이름":"대실",
            "가까운역거리":397.77,
            "역세권여부":"역세권",
            "30분이내주요거점역":0,
            "30분거점역이름":"[]",
            "1시간이내주요거점역":4,
            "1시간거점역이름":"['동대구', '반월당', '상인', '수성구청']",
            "3km이내백화점수":0,
            "5km이내아울렛몰수":0,
            "1km이내대형먀트수":0,
            "500m이내은행수":2,
            "500m이내병원수":0,
            "5km이내대형병원수":1,
            "500m이내공원수":4,
            "3km이내혐오시설수":0,
            "초등학교학업성취도":90.0,
            "중학교학업성취도":89.1,
            "용적률":205,
            "건폐율":18,
            "Y":35.854408,
            "X":128.467228,
            "rank":11.0,
            "area_info":"32평(106.08), 32평(106.1), 32평(106.11), 44평(146.89), 44평(147.67), 45평(149.52)",
            "last_sales":"2021-10-01,51500.0,32평(106.11)",
            "rank_history":[
                [
                    "202203",
                    11
                ],
                [
                    "202202",
                    11
                ],
                [
                    "202201",
                    16
                ]
            ],
            "rank_gap":0
        },
        {
            "index":137,
            "아파트명":"대실역동화아이위시",
            "투자타입":"일반",
            "전용면적(m2)":"107.04",
            "전용면적(평)":"32평",
            "법정동주소":"대구시 달성군 다사읍 매곡리 1540",
            "도로명주소":"대구시 달성군 대실역북로 55",
            "세대수":50,
            "입주년차":40,
            "용적률점수":"--",
            "건폐율점수":"--",
            "세대당주차수":60,
            "난방방식":100,
            "공급면적":"--",
            "전용률":"--",
            "욕실수":100,
            "현관타입":100,
            "주거총점":64.5,
            "지역구공급총점":0.0,
            "역세권":80,
            "30분내 이동가능 거점":0,
            "1시간내 이동가능 거점":40,
            "교통총점":48.0,
            "백화점":0,
            "아울렛몰":0,
            "대형마트":0,
            "은행":70,
            "병원":0,
            "종합병원":80,
            "공원":100,
            "혐오시설":0,
            "인프라총점":26.0,
            "초등학군":90.0,
            "중학군":53.9,
            "학군총점":61.12,
            "인구수":28.12,
            "인구증감":6.56,
            "인구총점":21.652,
            "일자리":15.1,
            "소득수준":62.39,
            "일자리총점":29.287,
            "가치 총점":49.461,
            "매매실거래년":20211020.0,
            "매매실거래가":55000.0,
            "전세실거래년":20210601.0,
            "전세실거래가":24150.0,
            "전세가율":54.27,
            "장기전세가율평균":74.27,
            "전세가율거품지수":20.0,
            "검색코드":26575,
            "세대수":583.0,
            "준공년월":"2008-09-18",
            "준공년차":15.0,
            "가까운역이름":"대실",
            "가까운역거리":466.1,
            "역세권여부":"역세권",
            "30분이내주요거점역":0,
            "30분거점역이름":"[]",
            "1시간이내주요거점역":4,
            "1시간거점역이름":"['동대구', '반월당', '상인', '수성구청']",
            "3km이내백화점수":0,
            "5km이내아울렛몰수":0,
            "1km이내대형먀트수":0,
            "500m이내은행수":3,
            "500m이내병원수":0,
            "5km이내대형병원수":1,
            "500m이내공원수":5,
            "3km이내혐오시설수":0,
            "초등학교학업성취도":90.0,
            "중학교학업성취도":89.1,
            "용적률":209,
            "건폐율":15,
            "Y":35.86161,
            "X":128.46678,
            "rank":12.0,
            "area_info":"32평(107.04), 32평(107.09), 33평(110.29), 43평(144.77)",
            "last_sales":"2021-10-20,55000.0,43평(144.77)",
            "rank_history":[
                [
                    "202203",
                    12
                ],
                [
                    "202202",
                    13
                ],
                [
                    "202201",
                    13
                ]
            ],
            "rank_gap":1
        },
        {
            "index":409,
            "아파트명":"명곡미래빌5단지",
            "투자타입":"일반",
            "전용면적(m2)":"65.4",
            "전용면적(평)":"19평",
            "법정동주소":"대구시 달성군 화원읍 명곡리 220",
            "도로명주소":"대구시 달성군 명천로 243",
            "세대수":80,
            "입주년차":20,
            "용적률점수":"--",
            "건폐율점수":"--",
            "세대당주차수":30,
            "난방방식":30,
            "공급면적":"--",
            "전용률":"--",
            "욕실수":100,
            "현관타입":50,
            "주거총점":54.5,
            "지역구공급총점":0.0,
            "역세권":80,
            "30분내 이동가능 거점":20,
            "1시간내 이동가능 거점":40,
            "교통총점":54.0,
            "백화점":0,
            "아울렛몰":0,
            "대형마트":100,
            "은행":0,
            "병원":0,
            "종합병원":80,
            "공원":100,
            "혐오시설":0,
            "인프라총점":34.0,
            "초등학군":90.0,
            "중학군":49.48,
            "학군총점":57.584,
            "인구수":28.12,
            "인구증감":6.56,
            "인구총점":21.652,
            "일자리":15.1,
            "소득수준":62.39,
            "일자리총점":29.287,
            "가치 총점":49.2002,
            "매매실거래년":20220124.0,
            "매매실거래가":21500.0,
            "전세실거래년":null,
            "전세실거래가":null,
            "전세가율":null,
            "장기전세가율평균":74.27,
            "전세가율거품지수":null,
            "검색코드":24808,
            "세대수":762.0,
            "준공년월":"2001-10-22",
            "준공년차":22.0,
            "가까운역이름":"설화명곡",
            "가까운역거리":327.9,
            "역세권여부":"역세권",
            "30분이내주요거점역":1,
            "30분거점역이름":"['상인']",
            "1시간이내주요거점역":4,
            "1시간거점역이름":"['동대구', '반월당', '상인', '수성구청']",
            "3km이내백화점수":0,
            "5km이내아울렛몰수":0,
            "1km이내대형먀트수":2,
            "500m이내은행수":0,
            "500m이내병원수":0,
            "5km이내대형병원수":1,
            "500m이내공원수":4,
            "3km이내혐오시설수":0,
            "초등학교학업성취도":90.0,
            "중학교학업성취도":82.2,
            "용적률":240,
            "건폐율":20,
            "Y":35.797802,
            "X":128.492818,
            "rank":13.0,
            "area_info":"19평(65.4), 20평(68.99), 22평(72.86), 23평(78.86), 24평(81.73)",
            "last_sales":"2022-01-24,21500.0,24평(81.73)",
            "rank_history":[
                [
                    "202203",
                    13
                ],
                [
                    "202202",
                    14
                ],
                [
                    "202201",
                    20
                ]
            ],
            "rank_gap":1
        },
        {
            "index":232,
            "아파트명":"죽곡한신휴플러스",
            "투자타입":"일반",
            "전용면적(m2)":"79.07",
            "전용면적(평)":"23평",
            "법정동주소":"대구시 달성군 다사읍 죽곡리 870",
            "도로명주소":"대구시 달성군 대실역남로 50",
            "세대수":90,
            "입주년차":80,
            "용적률점수":"--",
            "건폐율점수":"--",
            "세대당주차수":30,
            "난방방식":100,
            "공급면적":"--",
            "전용률":"--",
            "욕실수":100,
            "현관타입":100,
            "주거총점":82.0,
            "지역구공급총점":0.0,
            "역세권":50,
            "30분내 이동가능 거점":0,
            "1시간내 이동가능 거점":30,
            "교통총점":31.0,
            "백화점":0,
            "아울렛몰":0,
            "대형마트":0,
            "은행":0,
            "병원":0,
            "종합병원":80,
            "공원":100,
            "혐오시설":0,
            "인프라총점":19.0,
            "초등학군":90.0,
            "중학군":53.9,
            "학군총점":61.12,
            "인구수":28.12,
            "인구증감":6.56,
            "인구총점":21.652,
            "일자리":15.1,
            "소득수준":62.39,
            "일자리총점":29.287,
            "가치 총점":49.186,
            "매매실거래년":20220128.0,
            "매매실거래가":45000.0,
            "전세실거래년":20210612.0,
            "전세실거래가":23100.0,
            "전세가율":54.35,
            "장기전세가율평균":74.27,
            "전세가율거품지수":19.92,
            "검색코드":107692,
            "세대수":933.0,
            "준공년월":"2016-06-27",
            "준공년차":7.0,
            "가까운역이름":"대실",
            "가까운역거리":554.05,
            "역세권여부":"준역세권",
            "30분이내주요거점역":0,
            "30분거점역이름":"[]",
            "1시간이내주요거점역":3,
            "1시간거점역이름":"['동대구', '반월당', '수성구청']",
            "3km이내백화점수":0,
            "5km이내아울렛몰수":0,
            "1km이내대형먀트수":0,
            "500m이내은행수":0,
            "500m이내병원수":0,
            "5km이내대형병원수":1,
            "500m이내공원수":3,
            "3km이내혐오시설수":0,
            "초등학교학업성취도":90.0,
            "중학교학업성취도":89.1,
            "용적률":322,
            "건폐율":24,
            "Y":35.852844,
            "X":128.46344,
            "rank":14.0,
            "area_info":"23평(79.07), 24평(79.38), 29평(98.09), 29평(98.3), 33평(111.91), 33평(111.65), 33평(111.91), 33평(112.07)",
            "last_sales":"2022-01-28,45000.0,33평(112.07)",
            "rank_history":[
                [
                    "202203",
                    14
                ],
                [
                    "202202",
                    12
                ],
                [
                    "202201",
                    15
                ]
            ],
            "rank_gap":-2
        },
        {
            "index":402,
            "아파트명":"명곡미래빌4단지",
            "투자타입":"일반",
            "전용면적(m2)":"62.63",
            "전용면적(평)":"18평",
            "법정동주소":"대구시 달성군 화원읍 명곡리 139",
            "도로명주소":"대구시 달성군 화암로 120",
            "세대수":80,
            "입주년차":20,
            "용적률점수":"--",
            "건폐율점수":"--",
            "세대당주차수":30,
            "난방방식":100,
            "공급면적":"--",
            "전용률":"--",
            "욕실수":50,
            "현관타입":100,
            "주거총점":61.5,
            "지역구공급총점":0.0,
            "역세권":50,
            "30분내 이동가능 거점":20,
            "1시간내 이동가능 거점":40,
            "교통총점":39.0,
            "백화점":0,
            "아울렛몰":0,
            "대형마트":80,
            "은행":0,
            "병원":0,
            "종합병원":100,
            "공원":100,
            "혐오시설":0,
            "인프라총점":35.0,
            "초등학군":89.98,
            "중학군":49.48,
            "학군총점":57.58,
            "인구수":28.12,
            "인구증감":6.56,
            "인구총점":21.652,
            "일자리":15.1,
            "소득수준":62.39,
            "일자리총점":29.287,
            "가치 총점":48.999,
            "매매실거래년":20210803.0,
            "매매실거래가":18500.0,
            "전세실거래년":null,
            "전세실거래가":null,
            "전세가율":null,
            "장기전세가율평균":74.27,
            "전세가율거품지수":null,
            "검색코드":8037,
            "세대수":800.0,
            "준공년월":"2000-05-25",
            "준공년차":23.0,
            "가까운역이름":"화원",
            "가까운역거리":705.77,
            "역세권여부":"준역세권",
            "30분이내주요거점역":1,
            "30분거점역이름":"['상인']",
            "1시간이내주요거점역":4,
            "1시간거점역이름":"['동대구', '반월당', '상인', '수성구청']",
            "3km이내백화점수":0,
            "5km이내아울렛몰수":0,
            "1km이내대형먀트수":1,
            "500m이내은행수":0,
            "500m이내병원수":0,
            "5km이내대형병원수":2,
            "500m이내공원수":5,
            "3km이내혐오시설수":0,
            "초등학교학업성취도":89.98,
            "중학교학업성취도":82.2,
            "용적률":222,
            "건폐율":22,
            "Y":35.79817,
            "X":128.499791,
            "rank":15.0,
            "area_info":"18평(62.63), 18평(62.43), 20평(68.77), 20평(68.55), 22평(75.4), 23평(77.37), 23평(77.67)",
            "last_sales":"2021-08-03,18500.0,23평(77.67)",
            "rank_history":[
                [
                    "202203",
                    15
                ],
                [
                    "202202",
                    15
                ],
                [
                    "202201",
                    11
                ]
            ],
            "rank_gap":0
        },
        {
            "index":457,
            "아파트명":"화원역태왕리더스",
            "투자타입":"일반",
            "전용면적(m2)":"104.8",
            "전용면적(평)":"31평",
            "법정동주소":"대구시 달성군 화원읍 천내리 138-1",
            "도로명주소":"대구시 달성군 화원로3길 66",
            "세대수":30,
            "입주년차":40,
            "용적률점수":"--",
            "건폐율점수":"--",
            "세대당주차수":60,
            "난방방식":30,
            "공급면적":"--",
            "전용률":"--",
            "욕실수":100,
            "현관타입":50,
            "주거총점":45.5,
            "지역구공급총점":0.0,
            "역세권":80,
            "30분내 이동가능 거점":20,
            "1시간내 이동가능 거점":40,
            "교통총점":54.0,
            "백화점":0,
            "아울렛몰":0,
            "대형마트":80,
            "은행":70,
            "병원":0,
            "종합병원":100,
            "공원":100,
            "혐오시설":0,
            "인프라총점":42.0,
            "초등학군":90.0,
            "중학군":45.3,
            "학군총점":54.24,
            "인구수":28.12,
            "인구증감":6.56,
            "인구총점":21.652,
            "일자리":15.1,
            "소득수준":62.39,
            "일자리총점":29.287,
            "가치 총점":48.347,
            "매매실거래년":20210825.0,
            "매매실거래가":35500.0,
            "전세실거래년":20211208.0,
            "전세실거래가":28000.0,
            "전세가율":73.68,
            "장기전세가율평균":74.27,
            "전세가율거품지수":0.59,
            "검색코드":14326,
            "세대수":321.0,
            "준공년월":"2005-05-26",
            "준공년차":18.0,
            "가까운역이름":"화원",
            "가까운역거리":277.1,
            "역세권여부":"역세권",
            "30분이내주요거점역":1,
            "30분거점역이름":"['상인']",
            "1시간이내주요거점역":4,
            "1시간거점역이름":"['동대구', '반월당', '상인', '수성구청']",
            "3km이내백화점수":0,
            "5km이내아울렛몰수":0,
            "1km이내대형먀트수":1,
            "500m이내은행수":3,
            "500m이내병원수":0,
            "5km이내대형병원수":2,
            "500m이내공원수":2,
            "3km이내혐오시설수":0,
            "초등학교학업성취도":90.0,
            "중학교학업성취도":75.5,
            "용적률":210,
            "건폐율":20,
            "Y":35.805865,
            "X":128.498179,
            "rank":16.0,
            "area_info":"31평(104.8), 34평(112.44), 46평(155.24)",
            "last_sales":"2021-08-25,35500.0,34평(112.44)",
            "rank_history":[
                [
                    "202203",
                    16
                ],
                [
                    "202202",
                    16
                ],
                [
                    "202201",
                    18
                ]
            ],
            "rank_gap":0
        },
        {
            "index":414,
            "아파트명":"삼우청솔타운",
            "투자타입":"일반",
            "전용면적(m2)":"57.57",
            "전용면적(평)":"17평",
            "법정동주소":"대구시 달성군 화원읍 구라리 1687",
            "도로명주소":"대구시 달성군 비슬로539길 17",
            "세대수":50,
            "입주년차":0,
            "용적률점수":"--",
            "건폐율점수":"--",
            "세대당주차수":0,
            "난방방식":30,
            "공급면적":"--",
            "전용률":"--",
            "욕실수":50,
            "현관타입":100,
            "주거총점":35.5,
            "지역구공급총점":0.0,
            "역세권":80,
            "30분내 이동가능 거점":20,
            "1시간내 이동가능 거점":40,
            "교통총점":54.0,
            "백화점":100,
            "아울렛몰":0,
            "대형마트":0,
            "은행":0,
            "병원":0,
            "종합병원":100,
            "공원":0,
            "혐오시설":0,
            "인프라총점":50.0,
            "초등학군":89.99,
            "중학군":45.3,
            "학군총점":54.238,
            "인구수":28.12,
            "인구증감":6.56,
            "인구총점":21.652,
            "일자리":15.1,
            "소득수준":62.39,
            "일자리총점":29.287,
            "가치 총점":48.2464,
            "매매실거래년":20220104.0,
            "매매실거래가":27000.0,
            "전세실거래년":20211028.0,
            "전세실거래가":9500.0,
            "전세가율":59.75,
            "장기전세가율평균":74.27,
            "전세가율거품지수":14.52,
            "검색코드":6648,
            "세대수":498.0,
            "준공년월":"1997-11-10",
            "준공년차":26.0,
            "가까운역이름":"대곡",
            "가까운역거리":440.54,
            "역세권여부":"역세권",
            "30분이내주요거점역":1,
            "30분거점역이름":"['상인']",
            "1시간이내주요거점역":4,
            "1시간거점역이름":"['동대구', '반월당', '상인', '수성구청']",
            "3km이내백화점수":1,
            "5km이내아울렛몰수":0,
            "1km이내대형먀트수":0,
            "500m이내은행수":1,
            "500m이내병원수":0,
            "5km이내대형병원수":3,
            "500m이내공원수":0,
            "3km이내혐오시설수":0,
            "초등학교학업성취도":89.99,
            "중학교학업성취도":75.5,
            "용적률":329,
            "건폐율":23,
            "Y":35.809997,
            "X":128.507909,
            "rank":17.0,
            "area_info":"17평(57.57), 23평(76.33), 24평(80.51), 30평(101.66), 31평(102.49)",
            "last_sales":"2022-01-04,27000.0,31평(102.49)",
            "rank_history":[
                [
                    "202203",
                    17
                ],
                [
                    "202202",
                    17
                ],
                [
                    "202201",
                    25
                ]
            ],
            "rank_gap":0
        },
        {
            "index":376,
            "아파트명":"대곡역그린빌",
            "투자타입":"일반",
            "전용면적(m2)":"76.62",
            "전용면적(평)":"23평",
            "법정동주소":"대구시 달성군 화원읍 본리리 113-1",
            "도로명주소":"대구시 달성군 명천로 57",
            "세대수":90,
            "입주년차":20,
            "용적률점수":"--",
            "건폐율점수":"--",
            "세대당주차수":30,
            "난방방식":100,
            "공급면적":"--",
            "전용률":"--",
            "욕실수":100,
            "현관타입":100,
            "주거총점":70.0,
            "지역구공급총점":0.0,
            "역세권":50,
            "30분내 이동가능 거점":20,
            "1시간내 이동가능 거점":40,
            "교통총점":39.0,
            "백화점":0,
            "아울렛몰":0,
            "대형마트":0,
            "은행":0,
            "병원":0,
            "종합병원":100,
            "공원":100,
            "혐오시설":0,
            "인프라총점":23.0,
            "초등학군":90.01,
            "중학군":51.24,
            "학군총점":58.994,
            "인구수":28.12,
            "인구증감":6.56,
            "인구총점":21.652,
            "일자리":15.1,
            "소득수준":62.39,
            "일자리총점":29.287,
            "가치 총점":47.9482,
            "매매실거래년":20220121.0,
            "매매실거래가":31600.0,
            "전세실거래년":20201128.0,
            "전세실거래가":20000.0,
            "전세가율":78.43,
            "장기전세가율평균":74.27,
            "전세가율거품지수":-4.16,
            "검색코드":25087,
            "세대수":1170.0,
            "준공년월":"2003-08-08",
            "준공년차":20.0,
            "가까운역이름":"대곡",
            "가까운역거리":673.94,
            "역세권여부":"준역세권",
            "30분이내주요거점역":1,
            "30분거점역이름":"['상인']",
            "1시간이내주요거점역":4,
            "1시간거점역이름":"['동대구', '반월당', '상인', '수성구청']",
            "3km이내백화점수":0,
            "5km이내아울렛몰수":0,
            "1km이내대형먀트수":0,
            "500m이내은행수":0,
            "500m이내병원수":0,
            "5km이내대형병원수":2,
            "500m이내공원수":2,
            "3km이내혐오시설수":0,
            "초등학교학업성취도":90.01,
            "중학교학업성취도":84.8,
            "용적률":190,
            "건폐율":15,
            "Y":35.803628,
            "X":128.51131,
            "rank":18.0,
            "area_info":"23평(76.62), 23평(76.49), 23평(76.45), 29평(96.57), 32평(107.79), 32평(108.1)",
            "last_sales":"2022-01-21,31600.0,32평(108.1)",
            "rank_history":[
                [
                    "202203",
                    18
                ],
                [
                    "202202",
                    20
                ],
                [
                    "202201",
                    23
                ]
            ],
            "rank_gap":2
        },
        {
            "index":382,
            "아파트명":"대곡역래미안",
            "투자타입":"일반",
            "전용면적(m2)":"111.97",
            "전용면적(평)":"33평",
            "법정동주소":"대구시 달성군 화원읍 구라리 1650",
            "도로명주소":"대구시 달성군 비슬로539길 35",
            "세대수":90,
            "입주년차":40,
            "용적률점수":"--",
            "건폐율점수":"--",
            "세대당주차수":60,
            "난방방식":100,
            "공급면적":"--",
            "전용률":"--",
            "욕실수":100,
            "현관타입":100,
            "주거총점":78.5,
            "지역구공급총점":0.0,
            "역세권":50,
            "30분내 이동가능 거점":20,
            "1시간내 이동가능 거점":40,
            "교통총점":39.0,
            "백화점":0,
            "아울렛몰":0,
            "대형마트":0,
            "은행":0,
            "병원":0,
            "종합병원":100,
            "공원":0,
            "혐오시설":0,
            "인프라총점":20.0,
            "초등학군":90.02,
            "중학군":45.3,
            "학군총점":54.244,
            "인구수":28.12,
            "인구증감":6.56,
            "인구총점":21.652,
            "일자리":15.1,
            "소득수준":62.39,
            "일자리총점":29.287,
            "가치 총점":47.7482,
            "매매실거래년":20220208.0,
            "매매실거래가":37800.0,
            "전세실거래년":20220107.0,
            "전세실거래가":27300.0,
            "전세가율":72.22,
            "장기전세가율평균":74.27,
            "전세가율거품지수":2.05,
            "검색코드":22542,
            "세대수":1451.0,
            "준공년월":"2007-07-20",
            "준공년차":16.0,
            "가까운역이름":"대곡",
            "가까운역거리":572.97,
            "역세권여부":"준역세권",
            "30분이내주요거점역":1,
            "30분거점역이름":"['상인']",
            "1시간이내주요거점역":4,
            "1시간거점역이름":"['동대구', '반월당', '상인', '수성구청']",
            "3km이내백화점수":0,
            "5km이내아울렛몰수":0,
            "1km이내대형먀트수":0,
            "500m이내은행수":0,
            "500m이내병원수":0,
            "5km이내대형병원수":3,
            "500m이내공원수":0,
            "3km이내혐오시설수":0,
            "초등학교학업성취도":90.02,
            "중학교학업성취도":75.5,
            "용적률":277,
            "건폐율":14,
            "Y":35.811345,
            "X":128.5068,
            "rank":19.0,
            "area_info":"33평(111.97), 33평(111.54), 33평(111.94), 39평(131.61), 39평(131.45), 39평(131.24), 48평(160.28), 48평(161.2), 49평(164.02)",
            "last_sales":"2022-02-08,37800.0,33평(111.97)",
            "rank_history":[
                [
                    "202203",
                    19
                ],
                [
                    "202202",
                    21
                ],
                [
                    "202201",
                    21
                ]
            ],
            "rank_gap":2
        },
        {
            "index":224,
            "아파트명":"죽곡푸르지오1단지",
            "투자타입":"일반",
            "전용면적(m2)":"106.6",
            "전용면적(평)":"32평",
            "법정동주소":"대구시 달성군 다사읍 매곡리 1552",
            "도로명주소":"대구시 달성군 대실역북로 16",
            "세대수":0,
            "입주년차":60,
            "용적률점수":"--",
            "건폐율점수":"--",
            "세대당주차수":80,
            "난방방식":100,
            "공급면적":"--",
            "전용률":"--",
            "욕실수":100,
            "현관타입":100,
            "주거총점":54.0,
            "지역구공급총점":0.0,
            "역세권":80,
            "30분내 이동가능 거점":20,
            "1시간내 이동가능 거점":40,
            "교통총점":54.0,
            "백화점":0,
            "아울렛몰":0,
            "대형마트":0,
            "은행":70,
            "병원":0,
            "종합병원":80,
            "공원":100,
            "혐오시설":0,
            "인프라총점":26.0,
            "초등학군":90.0,
            "중학군":53.9,
            "학군총점":61.12,
            "인구수":28.12,
            "인구증감":6.56,
            "인구총점":21.652,
            "일자리":15.1,
            "소득수준":62.39,
            "일자리총점":29.287,
            "가치 총점":47.736,
            "매매실거래년":20210225.0,
            "매매실거래가":72500.0,
            "전세실거래년":20210606.0,
            "전세실거래가":40000.0,
            "전세가율":88.89,
            "장기전세가율평균":74.27,
            "전세가율거품지수":-14.62,
            "검색코드":103163,
            "세대수":214.0,
            "준공년월":"2011-09-22",
            "준공년차":12.0,
            "가까운역이름":"대실",
            "가까운역거리":291.49,
            "역세권여부":"역세권",
            "30분이내주요거점역":1,
            "30분거점역이름":"['반월당']",
            "1시간이내주요거점역":4,
            "1시간거점역이름":"['동대구', '반월당', '상인', '수성구청']",
            "3km이내백화점수":0,
            "5km이내아울렛몰수":0,
            "1km이내대형먀트수":0,
            "500m이내은행수":3,
            "500m이내병원수":0,
            "5km이내대형병원수":1,
            "500m이내공원수":3,
            "3km이내혐오시설수":0,
            "초등학교학업성취도":90.0,
            "중학교학업성취도":89.1,
            "용적률":209,
            "건폐율":22,
            "Y":35.856622,
            "X":128.468248,
            "rank":20.0,
            "area_info":"32평(106.6), 44평(147.04)",
            "last_sales":"2021-02-25,72500.0,44평(147.04)",
            "rank_history":[
                [
                    "202203",
                    20
                ],
                [
                    "202202",
                    24
                ],
                [
                    "202201",
                    31
                ]
            ],
            "rank_gap":4
        },
        {
            "index":220,
            "아파트명":"죽곡청아람리슈빌4단지",
            "투자타입":"일반",
            "전용면적(m2)":"78.75",
            "전용면적(평)":"23평",
            "법정동주소":"대구시 달성군 다사읍 죽곡리 815",
            "도로명주소":"대구시 달성군 대실역남로 35",
            "세대수":30,
            "입주년차":60,
            "용적률점수":"--",
            "건폐율점수":"--",
            "세대당주차수":60,
            "난방방식":100,
            "공급면적":"--",
            "전용률":"--",
            "욕실수":100,
            "현관타입":100,
            "주거총점":61.5,
            "지역구공급총점":0.0,
            "역세권":80,
            "30분내 이동가능 거점":0,
            "1시간내 이동가능 거점":40,
            "교통총점":48.0,
            "백화점":0,
            "아울렛몰":0,
            "대형마트":0,
            "은행":20,
            "병원":0,
            "종합병원":80,
            "공원":100,
            "혐오시설":0,
            "인프라총점":21.0,
            "초등학군":90.0,
            "중학군":53.9,
            "학군총점":61.12,
            "인구수":28.12,
            "인구증감":6.56,
            "인구총점":21.652,
            "일자리":15.1,
            "소득수준":62.39,
            "일자리총점":29.287,
            "가치 총점":47.211,
            "매매실거래년":20220219.0,
            "매매실거래가":30250.0,
            "전세실거래년":20210123.0,
            "전세실거래가":32000.0,
            "전세가율":105.79,
            "장기전세가율평균":74.27,
            "전세가율거품지수":-31.52,
            "검색코드":122771,
            "세대수":304.0,
            "준공년월":"2011-10-26",
            "준공년차":12.0,
            "가까운역이름":"대실",
            "가까운역거리":381.73,
            "역세권여부":"역세권",
            "30분이내주요거점역":0,
            "30분거점역이름":"[]",
            "1시간이내주요거점역":4,
            "1시간거점역이름":"['동대구', '반월당', '상인', '수성구청']",
            "3km이내백화점수":0,
            "5km이내아울렛몰수":0,
            "1km이내대형먀트수":0,
            "500m이내은행수":2,
            "500m이내병원수":0,
            "5km이내대형병원수":1,
            "500m이내공원수":5,
            "3km이내혐오시설수":0,
            "초등학교학업성취도":90.0,
            "중학교학업성취도":89.1,
            "용적률":198,
            "건폐율":24,
            "Y":35.854173,
            "X":128.465278,
            "rank":21.0,
            "area_info":"23평(78.75), 23평(78.42), 33평(109.86), 33평(109.81)",
            "last_sales":"2022-02-19,30250.0,23평(78.75)",
            "rank_history":[
                [
                    "202203",
                    21
                ],
                [
                    "202202",
                    19
                ],
                [
                    "202201",
                    29
                ]
            ],
            "rank_gap":-2
        },
        {
            "index":109,
            "아파트명":"다사e-편한세상",
            "투자타입":"일반",
            "전용면적(m2)":"114.74",
            "전용면적(평)":"34평",
            "법정동주소":"대구시 달성군 다사읍 매곡리 473",
            "도로명주소":"대구시 달성군 다사역로 60",
            "세대수":80,
            "입주년차":40,
            "용적률점수":"--",
            "건폐율점수":"--",
            "세대당주차수":60,
            "난방방식":30,
            "공급면적":"--",
            "전용률":"--",
            "욕실수":100,
            "현관타입":100,
            "주거총점":68.0,
            "지역구공급총점":0.0,
            "역세권":80,
            "30분내 이동가능 거점":0,
            "1시간내 이동가능 거점":40,
            "교통총점":48.0,
            "백화점":0,
            "아울렛몰":0,
            "대형마트":0,
            "은행":0,
            "병원":0,
            "종합병원":80,
            "공원":0,
            "혐오시설":0,
            "인프라총점":16.0,
            "초등학군":90.01,
            "중학군":52.76,
            "학군총점":60.21,
            "인구수":28.12,
            "인구증감":6.56,
            "인구총점":21.652,
            "일자리":15.1,
            "소득수준":62.39,
            "일자리총점":29.287,
            "가치 총점":47.063,
            "매매실거래년":20211007.0,
            "매매실거래가":64700.0,
            "전세실거래년":20210801.0,
            "전세실거래가":27500.0,
            "전세가율":80.65,
            "장기전세가율평균":74.27,
            "전세가율거품지수":-6.38,
            "검색코드":25146,
            "세대수":785.0,
            "준공년월":"2008-12-31",
            "준공년차":15.0,
            "가까운역이름":"다사",
            "가까운역거리":406.05,
            "역세권여부":"역세권",
            "30분이내주요거점역":0,
            "30분거점역이름":"[]",
            "1시간이내주요거점역":4,
            "1시간거점역이름":"['동대구', '반월당', '상인', '수성구청']",
            "3km이내백화점수":0,
            "5km이내아울렛몰수":0,
            "1km이내대형먀트수":0,
            "500m이내은행수":0,
            "500m이내병원수":0,
            "5km이내대형병원수":1,
            "500m이내공원수":0,
            "3km이내혐오시설수":0,
            "초등학교학업성취도":90.01,
            "중학교학업성취도":87.6,
            "용적률":298,
            "건폐율":34,
            "Y":35.868269,
            "X":128.456887,
            "rank":22.0,
            "area_info":"34평(114.74), 34평(115.66), 35평(116.77), 48평(159.89), 48평(161.88), 49평(162.7), 49평(163.16), 57평(191.39)",
            "last_sales":"2021-10-07,64700.0,57평(191.39)",
            "rank_history":[
                [
                    "202203",
                    22
                ],
                [
                    "202202",
                    18
                ],
                [
                    "202201",
                    33
                ]
            ],
            "rank_gap":-4
        },
        {
            "index":248,
            "아파트명":"협성휴포레죽곡",
            "투자타입":"일반",
            "전용면적(m2)":"85.12",
            "전용면적(평)":"25평",
            "법정동주소":"대구시 달성군 다사읍 죽곡리 876",
            "도로명주소":"대구시 달성군 달구벌대로174길 50",
            "세대수":80,
            "입주년차":80,
            "용적률점수":"--",
            "건폐율점수":"--",
            "세대당주차수":60,
            "난방방식":30,
            "공급면적":"--",
            "전용률":"--",
            "욕실수":100,
            "현관타입":100,
            "주거총점":76.0,
            "지역구공급총점":0.0,
            "역세권":50,
            "30분내 이동가능 거점":0,
            "1시간내 이동가능 거점":40,
            "교통총점":33.0,
            "백화점":0,
            "아울렛몰":0,
            "대형마트":0,
            "은행":0,
            "병원":0,
            "종합병원":80,
            "공원":0,
            "혐오시설":0,
            "인프라총점":16.0,
            "초등학군":90.01,
            "중학군":52.76,
            "학군총점":60.21,
            "인구수":28.12,
            "인구증감":6.56,
            "인구총점":21.652,
            "일자리":15.1,
            "소득수준":62.39,
            "일자리총점":29.287,
            "가치 총점":46.813,
            "매매실거래년":20220105.0,
            "매매실거래가":65000.0,
            "전세실거래년":20220220.0,
            "전세실거래가":25000.0,
            "전세가율":66.31,
            "장기전세가율평균":74.27,
            "전세가율거품지수":7.96,
            "검색코드":111530,
            "세대수":783.0,
            "준공년월":"2018-12-26",
            "준공년차":5.0,
            "가까운역이름":"대실",
            "가까운역거리":534.02,
            "역세권여부":"준역세권",
            "30분이내주요거점역":0,
            "30분거점역이름":"[]",
            "1시간이내주요거점역":4,
            "1시간거점역이름":"['동대구', '반월당', '상인', '수성구청']",
            "3km이내백화점수":0,
            "5km이내아울렛몰수":0,
            "1km이내대형먀트수":0,
            "500m이내은행수":1,
            "500m이내병원수":0,
            "5km이내대형병원수":1,
            "500m이내공원수":0,
            "3km이내혐오시설수":0,
            "초등학교학업성취도":90.01,
            "중학교학업성취도":87.6,
            "용적률":249,
            "건폐율":24,
            "Y":35.859269,
            "X":128.459691,
            "rank":23.0,
            "area_info":"25평(85.12), 26평(86.21), 29평(98.22), 33평(111.66), 33평(111.18), 33평(111.02), 33평(111.44), 41평(138.68), 42평(139.52)",
            "last_sales":"2022-01-05,65000.0,42평(139.52)",
            "rank_history":[
                [
                    "202203",
                    23
                ],
                [
                    "202202",
                    22
                ],
                [
                    "202201",
                    14
                ]
            ],
            "rank_gap":-1
        },
        {
            "index":229,
            "아파트명":"죽곡하우젠트아너스빌",
            "투자타입":"일반",
            "전용면적(m2)":"87.19",
            "전용면적(평)":"26평",
            "법정동주소":"대구시 달성군 다사읍 매곡리 1543",
            "도로명주소":"대구시 달성군 왕선로 26",
            "세대수":50,
            "입주년차":40,
            "용적률점수":"--",
            "건폐율점수":"--",
            "세대당주차수":30,
            "난방방식":30,
            "공급면적":"--",
            "전용률":"--",
            "욕실수":100,
            "현관타입":100,
            "주거총점":53.0,
            "지역구공급총점":0.0,
            "역세권":80,
            "30분내 이동가능 거점":0,
            "1시간내 이동가능 거점":40,
            "교통총점":48.0,
            "백화점":0,
            "아울렛몰":0,
            "대형마트":0,
            "은행":70,
            "병원":0,
            "종합병원":80,
            "공원":100,
            "혐오시설":0,
            "인프라총점":26.0,
            "초등학군":89.99,
            "중학군":53.9,
            "학군총점":61.118,
            "인구수":28.12,
            "인구증감":6.56,
            "인구총점":21.652,
            "일자리":15.1,
            "소득수준":62.39,
            "일자리총점":29.287,
            "가치 총점":46.5854,
            "매매실거래년":20210829.0,
            "매매실거래가":60500.0,
            "전세실거래년":20220212.0,
            "전세실거래가":23000.0,
            "전세가율":71.88,
            "장기전세가율평균":74.27,
            "전세가율거품지수":2.39,
            "검색코드":24349,
            "세대수":605.0,
            "준공년월":"2008-01-02",
            "준공년차":15.0,
            "가까운역이름":"대실",
            "가까운역거리":402.21,
            "역세권여부":"역세권",
            "30분이내주요거점역":0,
            "30분거점역이름":"[]",
            "1시간이내주요거점역":4,
            "1시간거점역이름":"['동대구', '반월당', '상인', '수성구청']",
            "3km이내백화점수":0,
            "5km이내아울렛몰수":0,
            "1km이내대형먀트수":0,
            "500m이내은행수":3,
            "500m이내병원수":0,
            "5km이내대형병원수":1,
            "500m이내공원수":4,
            "3km이내혐오시설수":0,
            "초등학교학업성취도":89.99,
            "중학교학업성취도":89.1,
            "용적률":209,
            "건폐율":15,
            "Y":35.861222,
            "X":128.465142,
            "rank":24.0,
            "area_info":"26평(87.19), 33평(110.24), 42평(140.51)",
            "last_sales":"2021-08-29,60500.0,42평(140.51)",
            "rank_history":[
                [
                    "202203",
                    24
                ],
                [
                    "202202",
                    25
                ],
                [
                    "202201",
                    27
                ]
            ],
            "rank_gap":1
        },
        {
            "index":226,
            "아파트명":"죽곡푸르지오2단지",
            "투자타입":"일반",
            "전용면적(m2)":"106.96",
            "전용면적(평)":"32평",
            "법정동주소":"대구시 달성군 다사읍 죽곡리 822",
            "도로명주소":"대구시 달성군 대실역남로 93",
            "세대수":50,
            "입주년차":60,
            "용적률점수":"--",
            "건폐율점수":"--",
            "세대당주차수":80,
            "난방방식":100,
            "공급면적":"--",
            "전용률":"--",
            "욕실수":100,
            "현관타입":100,
            "주거총점":71.5,
            "지역구공급총점":0.0,
            "역세권":50,
            "30분내 이동가능 거점":0,
            "1시간내 이동가능 거점":30,
            "교통총점":31.0,
            "백화점":0,
            "아울렛몰":0,
            "대형마트":0,
            "은행":0,
            "병원":0,
            "종합병원":80,
            "공원":100,
            "혐오시설":0,
            "인프라총점":19.0,
            "초등학군":90.0,
            "중학군":53.9,
            "학군총점":61.12,
            "인구수":28.12,
            "인구증감":6.56,
            "인구총점":21.652,
            "일자리":15.1,
            "소득수준":62.39,
            "일자리총점":29.287,
            "가치 총점":46.561,
            "매매실거래년":20220110.0,
            "매매실거래가":59600.0,
            "전세실거래년":20210930.0,
            "전세실거래가":40000.0,
            "전세가율":74.07,
            "장기전세가율평균":74.27,
            "전세가율거품지수":0.2,
            "검색코드":103640,
            "세대수":544.0,
            "준공년월":"2012-02-22",
            "준공년차":11.0,
            "가까운역이름":"대실",
            "가까운역거리":731.81,
            "역세권여부":"준역세권",
            "30분이내주요거점역":0,
            "30분거점역이름":"[]",
            "1시간이내주요거점역":3,
            "1시간거점역이름":"['동대구', '반월당', '수성구청']",
            "3km이내백화점수":0,
            "5km이내아울렛몰수":0,
            "1km이내대형먀트수":0,
            "500m이내은행수":0,
            "500m이내병원수":0,
            "5km이내대형병원수":1,
            "500m이내공원수":5,
            "3km이내혐오시설수":0,
            "초등학교학업성취도":90.0,
            "중학교학업성취도":89.1,
            "용적률":209,
            "건폐율":19,
            "Y":35.851043,
            "X":128.465857,
            "rank":25.0,
            "area_info":"32평(106.96), 32평(107.66), 45평(149.32)",
            "last_sales":"2022-01-10,59600.0,45평(149.32)",
            "rank_history":[
                [
                    "202203",
                    25
                ],
                [
                    "202202",
                    23
                ],
                [
                    "202201",
                    30
                ]
            ],
            "rank_gap":-2
        },
        {
            "index":400,
            "아파트명":"명곡미래빌3단지",
            "투자타입":"일반",
            "전용면적(m2)":"68.6",
            "전용면적(평)":"20평",
            "법정동주소":"대구시 달성군 화원읍 명곡리 130",
            "도로명주소":"대구시 달성군 명곡로 30",
            "세대수":80,
            "입주년차":20,
            "용적률점수":"--",
            "건폐율점수":"--",
            "세대당주차수":30,
            "난방방식":100,
            "공급면적":"--",
            "전용률":"--",
            "욕실수":50,
            "현관타입":10,
            "주거총점":52.5,
            "지역구공급총점":0.0,
            "역세권":50,
            "30분내 이동가능 거점":20,
            "1시간내 이동가능 거점":40,
            "교통총점":39.0,
            "백화점":0,
            "아울렛몰":0,
            "대형마트":100,
            "은행":0,
            "병원":0,
            "종합병원":80,
            "공원":100,
            "혐오시설":0,
            "인프라총점":34.0,
            "초등학군":90.0,
            "중학군":49.48,
            "학군총점":57.584,
            "인구수":28.12,
            "인구증감":6.56,
            "인구총점":21.652,
            "일자리":15.1,
            "소득수준":62.39,
            "일자리총점":29.287,
            "가치 총점":46.4502,
            "매매실거래년":20220208.0,
            "매매실거래가":18500.0,
            "전세실거래년":20201118.0,
            "전세실거래가":11000.0,
            "전세가율":65.48,
            "장기전세가율평균":74.27,
            "전세가율거품지수":8.79,
            "검색코드":8136,
            "세대수":716.0,
            "준공년월":"2000-03-28",
            "준공년차":23.0,
            "가까운역이름":"설화명곡",
            "가까운역거리":561.71,
            "역세권여부":"준역세권",
            "30분이내주요거점역":1,
            "30분거점역이름":"['상인']",
            "1시간이내주요거점역":4,
            "1시간거점역이름":"['동대구', '반월당', '상인', '수성구청']",
            "3km이내백화점수":0,
            "5km이내아울렛몰수":0,
            "1km이내대형먀트수":2,
            "500m이내은행수":0,
            "500m이내병원수":0,
            "5km이내대형병원수":1,
            "500m이내공원수":5,
            "3km이내혐오시설수":0,
            "초등학교학업성취도":90.0,
            "중학교학업성취도":82.2,
            "용적률":222,
            "건폐율":17,
            "Y":35.796693,
            "X":128.495068,
            "rank":26.0,
            "area_info":"20평(68.6), 24평(80.96)",
            "last_sales":"2022-02-08,18500.0,24평(80.96)",
            "rank_history":[
                [
                    "202203",
                    26
                ],
                [
                    "202202",
                    28
                ],
                [
                    "202201",
                    22
                ]
            ],
            "rank_gap":2
        },
        {
            "index":422,
            "아파트명":"에덴타운",
            "투자타입":"재건축",
            "전용면적(m2)":"72.89",
            "전용면적(평)":"22평",
            "법정동주소":"대구시 달성군 화원읍 천내리 119",
            "도로명주소":"대구시 달성군 비슬로525길 48",
            "세대수":0,
            "입주년차":"--",
            "용적률점수":100,
            "건폐율점수":60,
            "세대당주차수":"--",
            "난방방식":"--",
            "공급면적":50,
            "전용률":80,
            "욕실수":"--",
            "현관타입":"--",
            "주거총점":58.5,
            "지역구공급총점":0.0,
            "역세권":50,
            "30분내 이동가능 거점":20,
            "1시간내 이동가능 거점":40,
            "교통총점":39.0,
            "백화점":0,
            "아울렛몰":0,
            "대형마트":80,
            "은행":0,
            "병원":0,
            "종합병원":100,
            "공원":0,
            "혐오시설":0,
            "인프라총점":32.0,
            "초등학군":90.02,
            "중학군":45.3,
            "학군총점":54.244,
            "인구수":28.12,
            "인구증감":6.56,
            "인구총점":21.652,
            "일자리":15.1,
            "소득수준":62.39,
            "일자리총점":29.287,
            "가치 총점":46.3482,
            "매매실거래년":20211120.0,
            "매매실거래가":25500.0,
            "전세실거래년":20210902.0,
            "전세실거래가":7800.0,
            "전세가율":30.59,
            "장기전세가율평균":74.27,
            "전세가율거품지수":43.68,
            "검색코드":10555,
            "세대수":128.0,
            "준공년월":"1992-05-28",
            "준공년차":31.0,
            "가까운역이름":"화원",
            "가까운역거리":559.83,
            "역세권여부":"준역세권",
            "30분이내주요거점역":1,
            "30분거점역이름":"['상인']",
            "1시간이내주요거점역":4,
            "1시간거점역이름":"['동대구', '반월당', '상인', '수성구청']",
            "3km이내백화점수":0,
            "5km이내아울렛몰수":0,
            "1km이내대형먀트수":1,
            "500m이내은행수":1,
            "500m이내병원수":0,
            "5km이내대형병원수":2,
            "500m이내공원수":0,
            "3km이내혐오시설수":0,
            "초등학교학업성취도":90.02,
            "중학교학업성취도":75.5,
            "용적률":104,
            "건폐율":30,
            "Y":35.809504,
            "X":128.500913,
            "rank":27.0,
            "area_info":"22평(72.89), 30평(100.63)",
            "last_sales":"2021-11-20,25500.0,22평(72.89)",
            "rank_history":[
                [
                    "202203",
                    27
                ],
                [
                    "202202",
                    29
                ],
                [
                    "202201",
                    26
                ]
            ],
            "rank_gap":2
        },
        {
            "index":119,
            "아파트명":"다사역삼정그린코아더베스트",
            "투자타입":"일반",
            "전용면적(m2)":"80.34",
            "전용면적(평)":"24평",
            "법정동주소":"대구시 달성군 다사읍 매곡리 1575",
            "도로명주소":"대구시 달성군 매곡로14길 8",
            "세대수":50,
            "입주년차":100,
            "용적률점수":"--",
            "건폐율점수":"--",
            "세대당주차수":30,
            "난방방식":30,
            "공급면적":"--",
            "전용률":"--",
            "욕실수":100,
            "현관타입":100,
            "주거총점":65.0,
            "지역구공급총점":0.0,
            "역세권":80,
            "30분내 이동가능 거점":0,
            "1시간내 이동가능 거점":40,
            "교통총점":48.0,
            "백화점":0,
            "아울렛몰":0,
            "대형마트":0,
            "은행":0,
            "병원":0,
            "종합병원":80,
            "공원":0,
            "혐오시설":0,
            "인프라총점":16.0,
            "초등학군":90.01,
            "중학군":52.76,
            "학군총점":60.21,
            "인구수":28.12,
            "인구증감":6.56,
            "인구총점":21.652,
            "일자리":15.1,
            "소득수준":62.39,
            "일자리총점":29.287,
            "가치 총점":46.313,
            "매매실거래년":20220212.0,
            "매매실거래가":32500.0,
            "전세실거래년":20220206.0,
            "전세실거래가":27000.0,
            "전세가율":83.08,
            "장기전세가율평균":74.27,
            "전세가율거품지수":-8.81,
            "검색코드":124631,
            "세대수":464.0,
            "준공년월":"2021-08-01",
            "준공년차":2.0,
            "가까운역이름":"다사",
            "가까운역거리":405.6,
            "역세권여부":"역세권",
            "30분이내주요거점역":0,
            "30분거점역이름":"[]",
            "1시간이내주요거점역":4,
            "1시간거점역이름":"['동대구', '반월당', '상인', '수성구청']",
            "3km이내백화점수":0,
            "5km이내아울렛몰수":0,
            "1km이내대형먀트수":0,
            "500m이내은행수":0,
            "500m이내병원수":0,
            "5km이내대형병원수":1,
            "500m이내공원수":0,
            "3km이내혐오시설수":0,
            "초등학교학업성취도":90.01,
            "중학교학업성취도":87.6,
            "용적률":0,
            "건폐율":0,
            "Y":35.865578,
            "X":128.453986,
            "rank":28.0,
            "area_info":"24평(80.34), 34평(113.11)",
            "last_sales":"2022-02-12,32500.0,24평(80.34)",
            "rank_history":[
                [
                    "202203",
                    28
                ],
                [
                    "202202",
                    26
                ],
                [
                    "202201",
                    36
                ]
            ],
            "rank_gap":-2
        },
        {
            "index":130,
            "아파트명":"대실역e-편한세상",
            "투자타입":"일반",
            "전용면적(m2)":"109.96",
            "전용면적(평)":"33평",
            "법정동주소":"대구시 달성군 다사읍 죽곡리 373",
            "도로명주소":"대구시 달성군 죽곡1길 42",
            "세대수":50,
            "입주년차":40,
            "용적률점수":"--",
            "건폐율점수":"--",
            "세대당주차수":60,
            "난방방식":30,
            "공급면적":"--",
            "전용률":"--",
            "욕실수":100,
            "현관타입":100,
            "주거총점":57.5,
            "지역구공급총점":0.0,
            "역세권":80,
            "30분내 이동가능 거점":0,
            "1시간내 이동가능 거점":40,
            "교통총점":48.0,
            "백화점":0,
            "아울렛몰":0,
            "대형마트":0,
            "은행":20,
            "병원":0,
            "종합병원":80,
            "공원":100,
            "혐오시설":0,
            "인프라총점":21.0,
            "초등학군":90.01,
            "중학군":53.9,
            "학군총점":61.122,
            "인구수":28.12,
            "인구증감":6.56,
            "인구총점":21.652,
            "일자리":15.1,
            "소득수준":62.39,
            "일자리총점":29.287,
            "가치 총점":46.2116,
            "매매실거래년":20220215.0,
            "매매실거래가":50000.0,
            "전세실거래년":20211227.0,
            "전세실거래가":30000.0,
            "전세가율":69.77,
            "장기전세가율평균":74.27,
            "전세가율거품지수":4.5,
            "검색코드":25004,
            "세대수":698.0,
            "준공년월":"2008-03-24",
            "준공년차":15.0,
            "가까운역이름":"대실",
            "가까운역거리":407.71,
            "역세권여부":"역세권",
            "30분이내주요거점역":0,
            "30분거점역이름":"[]",
            "1시간이내주요거점역":4,
            "1시간거점역이름":"['동대구', '반월당', '상인', '수성구청']",
            "3km이내백화점수":0,
            "5km이내아울렛몰수":0,
            "1km이내대형먀트수":0,
            "500m이내은행수":2,
            "500m이내병원수":0,
            "5km이내대형병원수":1,
            "500m이내공원수":3,
            "3km이내혐오시설수":0,
            "초등학교학업성취도":90.01,
            "중학교학업성취도":89.1,
            "용적률":264,
            "건폐율":59,
            "Y":35.854334,
            "X":128.463208,
            "rank":29.0,
            "area_info":"33평(109.96), 33평(110.11), 33평(110.03), 33평(112.13), 35평(116.56), 44평(148.15), 53평(177.49)",
            "last_sales":"2022-02-15,50000.0,44평(148.15)",
            "rank_history":[
                [
                    "202203",
                    29
                ],
                [
                    "202202",
                    27
                ],
                [
                    "202201",
                    34
                ]
            ],
            "rank_gap":-2
        },
        {
            "index":465,
            "아파트명":"화원태왕타운",
            "투자타입":"일반",
            "전용면적(m2)":"74.71",
            "전용면적(평)":"22평",
            "법정동주소":"대구시 달성군 화원읍 성산리 501",
            "도로명주소":"대구시 달성군 성화로4길 13",
            "세대수":80,
            "입주년차":0,
            "용적률점수":"--",
            "건폐율점수":"--",
            "세대당주차수":0,
            "난방방식":30,
            "공급면적":"--",
            "전용률":"--",
            "욕실수":50,
            "현관타입":100,
            "주거총점":46.0,
            "지역구공급총점":0.0,
            "역세권":80,
            "30분내 이동가능 거점":20,
            "1시간내 이동가능 거점":40,
            "교통총점":54.0,
            "백화점":0,
            "아울렛몰":0,
            "대형마트":100,
            "은행":0,
            "병원":0,
            "종합병원":80,
            "공원":0,
            "혐오시설":0,
            "인프라총점":31.0,
            "초등학군":89.98,
            "중학군":49.48,
            "학군총점":57.58,
            "인구수":28.12,
            "인구증감":6.56,
            "인구총점":21.652,
            "일자리":15.1,
            "소득수준":62.39,
            "일자리총점":29.287,
            "가치 총점":46.174,
            "매매실거래년":20220105.0,
            "매매실거래가":19100.0,
            "전세실거래년":20210625.0,
            "전세실거래가":12000.0,
            "전세가율":62.83,
            "장기전세가율평균":74.27,
            "전세가율거품지수":11.44,
            "검색코드":6644,
            "세대수":741.0,
            "준공년월":"1995-12-15",
            "준공년차":28.0,
            "가까운역이름":"설화명곡",
            "가까운역거리":495.12,
            "역세권여부":"역세권",
            "30분이내주요거점역":1,
            "30분거점역이름":"['상인']",
            "1시간이내주요거점역":4,
            "1시간거점역이름":"['동대구', '반월당', '상인', '수성구청']",
            "3km이내백화점수":0,
            "5km이내아울렛몰수":0,
            "1km이내대형먀트수":2,
            "500m이내은행수":1,
            "500m이내병원수":0,
            "5km이내대형병원수":1,
            "500m이내공원수":0,
            "3km이내혐오시설수":0,
            "초등학교학업성취도":89.98,
            "중학교학업성취도":82.2,
            "용적률":289,
            "건폐율":23,
            "Y":35.802819,
            "X":128.491499,
            "rank":30.0,
            "area_info":"22평(74.71), 30평(102.27), 46평(152.99)",
            "last_sales":"2022-01-05,19100.0,22평(74.71)",
            "rank_history":[
                [
                    "202203",
                    30
                ],
                [
                    "202202",
                    31
                ],
                [
                    "202201",
                    42
                ]
            ],
            "rank_gap":1
        },
        {
            "index":93,
            "아파트명":"강창태성그린시티",
            "투자타입":"일반",
            "전용면적(m2)":"62.23",
            "전용면적(평)":"18평",
            "법정동주소":"대구시 달성군 다사읍 죽곡리 152",
            "도로명주소":"대구시 달성군 죽곡2길 6",
            "세대수":90,
            "입주년차":0,
            "용적률점수":"--",
            "건폐율점수":"--",
            "세대당주차수":0,
            "난방방식":30,
            "공급면적":"--",
            "전용률":"--",
            "욕실수":50,
            "현관타입":100,
            "주거총점":49.5,
            "지역구공급총점":0.0,
            "역세권":80,
            "30분내 이동가능 거점":0,
            "1시간내 이동가능 거점":40,
            "교통총점":48.0,
            "백화점":0,
            "아울렛몰":0,
            "대형마트":0,
            "은행":70,
            "병원":0,
            "종합병원":80,
            "공원":80,
            "혐오시설":0,
            "인프라총점":25.4,
            "초등학군":90.01,
            "중학군":53.9,
            "학군총점":61.122,
            "인구수":28.12,
            "인구증감":6.56,
            "인구총점":21.652,
            "일자리":15.1,
            "소득수준":62.39,
            "일자리총점":29.287,
            "가치 총점":45.5316,
            "매매실거래년":20220111.0,
            "매매실거래가":13400.0,
            "전세실거래년":20210710.0,
            "전세실거래가":10000.0,
            "전세가율":74.63,
            "장기전세가율평균":74.27,
            "전세가율거품지수":-0.36,
            "검색코드":6601,
            "세대수":932.0,
            "준공년월":"1996-09-23",
            "준공년차":27.0,
            "가까운역이름":"대실",
            "가까운역거리":319.5,
            "역세권여부":"역세권",
            "30분이내주요거점역":0,
            "30분거점역이름":"[]",
            "1시간이내주요거점역":4,
            "1시간거점역이름":"['동대구', '반월당', '상인', '수성구청']",
            "3km이내백화점수":0,
            "5km이내아울렛몰수":0,
            "1km이내대형먀트수":0,
            "500m이내은행수":3,
            "500m이내병원수":0,
            "5km이내대형병원수":1,
            "500m이내공원수":1,
            "3km이내혐오시설수":0,
            "초등학교학업성취도":90.01,
            "중학교학업성취도":89.1,
            "용적률":0,
            "건폐율":0,
            "Y":35.856998,
            "X":128.461785,
            "rank":31.0,
            "area_info":"18평(62.23), 24평(81.78), 27평(90.65), 30평(100.11), 31평(105.45), 43평(144.84)",
            "last_sales":"2022-01-11,13400.0,18평(62.23)",
            "rank_history":[
                [
                    "202203",
                    31
                ],
                [
                    "202202",
                    30
                ],
                [
                    "202201",
                    37
                ]
            ],
            "rank_gap":-1
        },
        {
            "index":433,
            "아파트명":"청구청룡맨션",
            "투자타입":"일반",
            "전용면적(m2)":"75.91",
            "전용면적(평)":"22평",
            "법정동주소":"대구시 달성군 화원읍 구라리 1736-3",
            "도로명주소":"대구시 달성군 비슬로 2715",
            "세대수":0,
            "입주년차":0,
            "용적률점수":"--",
            "건폐율점수":"--",
            "세대당주차수":0,
            "난방방식":30,
            "공급면적":"--",
            "전용률":"--",
            "욕실수":50,
            "현관타입":100,
            "주거총점":18.0,
            "지역구공급총점":0.0,
            "역세권":80,
            "30분내 이동가능 거점":40,
            "1시간내 이동가능 거점":40,
            "교통총점":60.0,
            "백화점":100,
            "아울렛몰":0,
            "대형마트":0,
            "은행":0,
            "병원":0,
            "종합병원":100,
            "공원":0,
            "혐오시설":0,
            "인프라총점":50.0,
            "초등학군":89.99,
            "중학군":45.3,
            "학군총점":54.238,
            "인구수":28.12,
            "인구증감":6.56,
            "인구총점":21.652,
            "일자리":15.1,
            "소득수준":62.39,
            "일자리총점":29.287,
            "가치 총점":44.7714,
            "매매실거래년":20211001.0,
            "매매실거래가":28000.0,
            "전세실거래년":20210714.0,
            "전세실거래가":19000.0,
            "전세가율":102.7,
            "장기전세가율평균":74.27,
            "전세가율거품지수":-28.43,
            "검색코드":6627,
            "세대수":231.0,
            "준공년월":"1995-03-30",
            "준공년차":28.0,
            "가까운역이름":"대곡",
            "가까운역거리":132.7,
            "역세권여부":"역세권",
            "30분이내주요거점역":2,
            "30분거점역이름":"['반월당', '상인']",
            "1시간이내주요거점역":4,
            "1시간거점역이름":"['동대구', '반월당', '상인', '수성구청']",
            "3km이내백화점수":1,
            "5km이내아울렛몰수":0,
            "1km이내대형먀트수":0,
            "500m이내은행수":1,
            "500m이내병원수":0,
            "5km이내대형병원수":3,
            "500m이내공원수":0,
            "3km이내혐오시설수":0,
            "초등학교학업성취도":89.99,
            "중학교학업성취도":75.5,
            "용적률":257,
            "건폐율":16,
            "Y":35.81042,
            "X":128.51173,
            "rank":32.0,
            "area_info":"22평(75.91), 31평(103.39), 46평(153.4)",
            "last_sales":"2021-10-01,28000.0,31평(103.39)",
            "rank_history":[
                [
                    "202203",
                    32
                ],
                [
                    "202202",
                    36
                ],
                [
                    "202201",
                    54
                ]
            ],
            "rank_gap":4
        },
        {
            "index":436,
            "아파트명":"청구청산맨션",
            "투자타입":"일반",
            "전용면적(m2)":"76.46",
            "전용면적(평)":"23평",
            "법정동주소":"대구시 달성군 화원읍 구라리 1734-1",
            "도로명주소":"대구시 달성군 비슬로539길 5",
            "세대수":0,
            "입주년차":0,
            "용적률점수":"--",
            "건폐율점수":"--",
            "세대당주차수":0,
            "난방방식":30,
            "공급면적":"--",
            "전용률":"--",
            "욕실수":50,
            "현관타입":100,
            "주거총점":18.0,
            "지역구공급총점":0.0,
            "역세권":80,
            "30분내 이동가능 거점":40,
            "1시간내 이동가능 거점":40,
            "교통총점":60.0,
            "백화점":100,
            "아울렛몰":0,
            "대형마트":0,
            "은행":0,
            "병원":0,
            "종합병원":100,
            "공원":0,
            "혐오시설":0,
            "인프라총점":50.0,
            "초등학군":89.99,
            "중학군":45.3,
            "학군총점":54.238,
            "인구수":28.12,
            "인구증감":6.56,
            "인구총점":21.652,
            "일자리":15.1,
            "소득수준":62.39,
            "일자리총점":29.287,
            "가치 총점":44.7714,
            "매매실거래년":20210928.0,
            "매매실거래가":19350.0,
            "전세실거래년":20210705.0,
            "전세실거래가":19000.0,
            "전세가율":98.19,
            "장기전세가율평균":74.27,
            "전세가율거품지수":-23.92,
            "검색코드":6632,
            "세대수":217.0,
            "준공년월":"1997-10-30",
            "준공년차":26.0,
            "가까운역이름":"대곡",
            "가까운역거리":310.38,
            "역세권여부":"역세권",
            "30분이내주요거점역":2,
            "30분거점역이름":"['반월당', '상인']",
            "1시간이내주요거점역":4,
            "1시간거점역이름":"['동대구', '반월당', '상인', '수성구청']",
            "3km이내백화점수":1,
            "5km이내아울렛몰수":0,
            "1km이내대형먀트수":0,
            "500m이내은행수":1,
            "500m이내병원수":0,
            "5km이내대형병원수":3,
            "500m이내공원수":0,
            "3km이내혐오시설수":0,
            "초등학교학업성취도":89.99,
            "중학교학업성취도":75.5,
            "용적률":364,
            "건폐율":24,
            "Y":35.80903,
            "X":128.50939,
            "rank":32.0,
            "area_info":"23평(76.46), 31평(104.58)",
            "last_sales":"2021-09-28,19350.0,23평(76.46)",
            "rank_history":[
                [
                    "202203",
                    32
                ],
                [
                    "202202",
                    36
                ],
                [
                    "202201",
                    51
                ]
            ],
            "rank_gap":4
        },
        {
            "index":211,
            "아파트명":"제일풍경채프라임",
            "투자타입":"일반",
            "전용면적(m2)":"85.06",
            "전용면적(평)":"25평",
            "법정동주소":"대구시 달성군 다사읍 세천리 1703-1",
            "도로명주소":"대구시 달성군 세천남로 35",
            "세대수":90,
            "입주년차":80,
            "용적률점수":"--",
            "건폐율점수":"--",
            "세대당주차수":30,
            "난방방식":100,
            "공급면적":"--",
            "전용률":"--",
            "욕실수":100,
            "현관타입":100,
            "주거총점":82.0,
            "지역구공급총점":0.0,
            "역세권":0,
            "30분내 이동가능 거점":0,
            "1시간내 이동가능 거점":10,
            "교통총점":2.0,
            "백화점":0,
            "아울렛몰":0,
            "대형마트":0,
            "은행":0,
            "병원":0,
            "종합병원":80,
            "공원":100,
            "혐오시설":-50,
            "인프라총점":18.0,
            "초등학군":89.98,
            "중학군":53.9,
            "학군총점":61.116,
            "인구수":28.12,
            "인구증감":6.56,
            "인구총점":21.652,
            "일자리":15.1,
            "소득수준":62.39,
            "일자리총점":29.287,
            "가치 총점":44.5348,
            "매매실거래년":20220212.0,
            "매매실거래가":34000.0,
            "전세실거래년":20220224.0,
            "전세실거래가":20000.0,
            "전세가율":78.74,
            "장기전세가율평균":74.27,
            "전세가율거품지수":-4.47,
            "검색코드":109509,
            "세대수":1457.0,
            "준공년월":"2017-07-26",
            "준공년차":6.0,
            "가까운역이름":"대실",
            "가까운역거리":2017.42,
            "역세권여부":"비역세권",
            "30분이내주요거점역":0,
            "30분거점역이름":"[]",
            "1시간이내주요거점역":1,
            "1시간거점역이름":"['반월당']",
            "3km이내백화점수":0,
            "5km이내아울렛몰수":0,
            "1km이내대형먀트수":0,
            "500m이내은행수":1,
            "500m이내병원수":0,
            "5km이내대형병원수":1,
            "500m이내공원수":2,
            "3km이내혐오시설수":1,
            "초등학교학업성취도":89.98,
            "중학교학업성취도":89.1,
            "용적률":206,
            "건폐율":14,
            "Y":35.871838,
            "X":128.479135,
            "rank":33.0,
            "area_info":"25평(85.06), 25평(85.65), 32평(108.98)",
            "last_sales":"2022-02-12,34000.0,32평(108.98)",
            "rank_history":[
                [
                    "202203",
                    33
                ],
                [
                    "202202",
                    32
                ],
                [
                    "202201",
                    12
                ]
            ],
            "rank_gap":-1
        },
        {
            "index":121,
            "아파트명":"다사한일유앤아이",
            "투자타입":"일반",
            "전용면적(m2)":"109.21",
            "전용면적(평)":"33평",
            "법정동주소":"대구시 달성군 다사읍 매곡리 622",
            "도로명주소":"대구시 달성군 매곡로4길 9",
            "세대수":50,
            "입주년차":40,
            "용적률점수":"--",
            "건폐율점수":"--",
            "세대당주차수":60,
            "난방방식":30,
            "공급면적":"--",
            "전용률":"--",
            "욕실수":100,
            "현관타입":100,
            "주거총점":57.5,
            "지역구공급총점":0.0,
            "역세권":80,
            "30분내 이동가능 거점":0,
            "1시간내 이동가능 거점":40,
            "교통총점":48.0,
            "백화점":0,
            "아울렛몰":0,
            "대형마트":0,
            "은행":0,
            "병원":0,
            "종합병원":80,
            "공원":0,
            "혐오시설":0,
            "인프라총점":16.0,
            "초등학군":90.01,
            "중학군":52.76,
            "학군총점":60.21,
            "인구수":28.12,
            "인구증감":6.56,
            "인구총점":21.652,
            "일자리":15.1,
            "소득수준":62.39,
            "일자리총점":29.287,
            "가치 총점":44.438,
            "매매실거래년":20211019.0,
            "매매실거래가":34800.0,
            "전세실거래년":20211113.0,
            "전세실거래가":28000.0,
            "전세가율":80.46,
            "장기전세가율평균":74.27,
            "전세가율거품지수":-6.19,
            "검색코드":26364,
            "세대수":678.0,
            "준공년월":"2008-07-01",
            "준공년차":15.0,
            "가까운역이름":"다사",
            "가까운역거리":409.75,
            "역세권여부":"역세권",
            "30분이내주요거점역":0,
            "30분거점역이름":"[]",
            "1시간이내주요거점역":4,
            "1시간거점역이름":"['동대구', '반월당', '상인', '수성구청']",
            "3km이내백화점수":0,
            "5km이내아울렛몰수":0,
            "1km이내대형먀트수":0,
            "500m이내은행수":0,
            "500m이내병원수":0,
            "5km이내대형병원수":1,
            "500m이내공원수":0,
            "3km이내혐오시설수":0,
            "초등학교학업성취도":90.01,
            "중학교학업성취도":87.6,
            "용적률":259,
            "건폐율":19,
            "Y":35.864203,
            "X":128.453909,
            "rank":34.0,
            "area_info":"33평(109.21), 33평(111.12), 45평(150.68)",
            "last_sales":"2021-10-19,34800.0,33평(109.21)",
            "rank_history":[
                [
                    "202203",
                    34
                ],
                [
                    "202202",
                    33
                ],
                [
                    "202201",
                    55
                ]
            ],
            "rank_gap":-1
        },
        {
            "index":205,
            "아파트명":"에코폴리스동화아이위시3차",
            "투자타입":"일반",
            "전용면적(m2)":"87.99",
            "전용면적(평)":"26평",
            "법정동주소":"대구시 달성군 다사읍 서재리 1131",
            "도로명주소":"대구시 달성군 서재로7길 25",
            "세대수":100,
            "입주년차":80,
            "용적률점수":"--",
            "건폐율점수":"--",
            "세대당주차수":30,
            "난방방식":30,
            "공급면적":"--",
            "전용률":"--",
            "욕실수":100,
            "현관타입":100,
            "주거총점":78.5,
            "지역구공급총점":0.0,
            "역세권":0,
            "30분내 이동가능 거점":0,
            "1시간내 이동가능 거점":30,
            "교통총점":6.0,
            "백화점":0,
            "아울렛몰":0,
            "대형마트":0,
            "은행":0,
            "병원":0,
            "종합병원":100,
            "공원":0,
            "혐오시설":0,
            "인프라총점":20.0,
            "초등학군":90.0,
            "중학군":49.62,
            "학군총점":57.696,
            "인구수":28.12,
            "인구증감":6.56,
            "인구총점":21.652,
            "일자리":15.1,
            "소득수준":62.39,
            "일자리총점":29.287,
            "가치 총점":43.8338,
            "매매실거래년":20220221.0,
            "매매실거래가":26500.0,
            "전세실거래년":20220217.0,
            "전세실거래가":20000.0,
            "전세가율":75.47,
            "장기전세가율평균":74.27,
            "전세가율거품지수":-1.2,
            "검색코드":108458,
            "세대수":1553.0,
            "준공년월":"2017-07-26",
            "준공년차":6.0,
            "가까운역이름":"계명대",
            "가까운역거리":2071.62,
            "역세권여부":"비역세권",
            "30분이내주요거점역":0,
            "30분거점역이름":"[]",
            "1시간이내주요거점역":3,
            "1시간거점역이름":"['반월당', '상인', '수성구청']",
            "3km이내백화점수":0,
            "5km이내아울렛몰수":0,
            "1km이내대형먀트수":0,
            "500m이내은행수":0,
            "500m이내병원수":0,
            "5km이내대형병원수":2,
            "500m이내공원수":0,
            "3km이내혐오시설수":0,
            "초등학교학업성취도":90.0,
            "중학교학업성취도":81.7,
            "용적률":290,
            "건폐율":20,
            "Y":35.870029,
            "X":128.489248,
            "rank":35.0,
            "area_info":"26평(87.99), 30평(100.64), 32평(105.94), 34평(114.22)",
            "last_sales":"2022-02-21,26500.0,26평(87.99)",
            "rank_history":[
                [
                    "202203",
                    35
                ],
                [
                    "202202",
                    34
                ],
                [
                    "202201",
                    17
                ]
            ],
            "rank_gap":-1
        },
        {
            "index":117,
            "아파트명":"다사동의센트럴파크",
            "투자타입":"일반",
            "전용면적(m2)":"104.34",
            "전용면적(평)":"31평",
            "법정동주소":"대구시 달성군 다사읍 매곡리 233-2",
            "도로명주소":"대구시 달성군 다사로4길 8",
            "세대수":0,
            "입주년차":100,
            "용적률점수":"--",
            "건폐율점수":"--",
            "세대당주차수":30,
            "난방방식":30,
            "공급면적":"--",
            "전용률":"--",
            "욕실수":100,
            "현관타입":100,
            "주거총점":47.5,
            "지역구공급총점":0.0,
            "역세권":80,
            "30분내 이동가능 거점":0,
            "1시간내 이동가능 거점":40,
            "교통총점":48.0,
            "백화점":0,
            "아울렛몰":0,
            "대형마트":0,
            "은행":0,
            "병원":0,
            "종합병원":80,
            "공원":100,
            "혐오시설":0,
            "인프라총점":19.0,
            "초등학군":89.99,
            "중학군":53.9,
            "학군총점":61.118,
            "인구수":28.12,
            "인구증감":6.56,
            "인구총점":21.652,
            "일자리":15.1,
            "소득수준":62.39,
            "일자리총점":29.287,
            "가치 총점":43.1104,
            "매매실거래년":20220126.0,
            "매매실거래가":46900.0,
            "전세실거래년":null,
            "전세실거래가":null,
            "전세가율":null,
            "장기전세가율평균":74.27,
            "전세가율거품지수":null,
            "검색코드":140278,
            "세대수":69.0,
            "준공년월":"2021-02-25",
            "준공년차":2.0,
            "가까운역이름":"다사",
            "가까운역거리":426.53,
            "역세권여부":"역세권",
            "30분이내주요거점역":0,
            "30분거점역이름":"[]",
            "1시간이내주요거점역":4,
            "1시간거점역이름":"['동대구', '반월당', '상인', '수성구청']",
            "3km이내백화점수":0,
            "5km이내아울렛몰수":0,
            "1km이내대형먀트수":0,
            "500m이내은행수":1,
            "500m이내병원수":0,
            "5km이내대형병원수":1,
            "500m이내공원수":4,
            "3km이내혐오시설수":0,
            "초등학교학업성취도":89.99,
            "중학교학업성취도":89.1,
            "용적률":296,
            "건폐율":41,
            "Y":35.862869,
            "X":128.462461,
            "rank":36.0,
            "area_info":"31평(104.34), 32평(106.47)",
            "last_sales":"2022-01-26,46900.0,32평(106.47)",
            "rank_history":[
                [
                    "202203",
                    36
                ],
                [
                    "202202",
                    9999
                ]
            ],
            "rank_gap":9999
        },
        {
            "index":164,
            "아파트명":"북죽곡엠코타운더솔레뉴",
            "투자타입":"일반",
            "전용면적(m2)":"90.25",
            "전용면적(평)":"27평",
            "법정동주소":"대구시 달성군 다사읍 세천리 1588",
            "도로명주소":"대구시 달성군 세천로 160",
            "세대수":90,
            "입주년차":80,
            "용적률점수":"--",
            "건폐율점수":"--",
            "세대당주차수":30,
            "난방방식":30,
            "공급면적":"--",
            "전용률":"--",
            "욕실수":100,
            "현관타입":100,
            "주거총점":75.0,
            "지역구공급총점":0.0,
            "역세권":0,
            "30분내 이동가능 거점":0,
            "1시간내 이동가능 거점":20,
            "교통총점":4.0,
            "백화점":0,
            "아울렛몰":0,
            "대형마트":0,
            "은행":0,
            "병원":0,
            "종합병원":80,
            "공원":100,
            "혐오시설":-50,
            "인프라총점":18.0,
            "초등학군":89.98,
            "중학군":53.9,
            "학군총점":61.116,
            "인구수":28.12,
            "인구증감":6.56,
            "인구총점":21.652,
            "일자리":15.1,
            "소득수준":62.39,
            "일자리총점":29.287,
            "가치 총점":43.0848,
            "매매실거래년":20211128.0,
            "매매실거래가":36500.0,
            "전세실거래년":20220224.0,
            "전세실거래가":23000.0,
            "전세가율":77.44,
            "장기전세가율평균":74.27,
            "전세가율거품지수":-3.17,
            "검색코드":108105,
            "세대수":1096.0,
            "준공년월":"2016-06-29",
            "준공년차":7.0,
            "가까운역이름":"다사",
            "가까운역거리":2100.83,
            "역세권여부":"비역세권",
            "30분이내주요거점역":0,
            "30분거점역이름":"[]",
            "1시간이내주요거점역":2,
            "1시간거점역이름":"['반월당', '수성구청']",
            "3km이내백화점수":0,
            "5km이내아울렛몰수":0,
            "1km이내대형먀트수":0,
            "500m이내은행수":1,
            "500m이내병원수":0,
            "5km이내대형병원수":1,
            "500m이내공원수":2,
            "3km이내혐오시설수":1,
            "초등학교학업성취도":89.98,
            "중학교학업성취도":89.1,
            "용적률":245,
            "건폐율":30,
            "Y":35.87392,
            "X":128.478827,
            "rank":37.0,
            "area_info":"27평(90.25), 29평(96.22), 29평(97.43), 32평(108.22)",
            "last_sales":"2021-11-28,36500.0,32평(108.22)",
            "rank_history":[
                [
                    "202203",
                    37
                ],
                [
                    "202202",
                    35
                ],
                [
                    "202201",
                    19
                ]
            ],
            "rank_gap":-2
        },
        {
            "index":99,
            "아파트명":"강창하이츠",
            "투자타입":"일반",
            "전용면적(m2)":"46.5",
            "전용면적(평)":"14평",
            "법정동주소":"대구시 달성군 다사읍 죽곡리 129-1",
            "도로명주소":"대구시 달성군 달구벌대로 812",
            "세대수":90,
            "입주년차":20,
            "용적률점수":"--",
            "건폐율점수":"--",
            "세대당주차수":0,
            "난방방식":30,
            "공급면적":"--",
            "전용률":"--",
            "욕실수":50,
            "현관타입":10,
            "주거총점":44.5,
            "지역구공급총점":0.0,
            "역세권":80,
            "30분내 이동가능 거점":0,
            "1시간내 이동가능 거점":40,
            "교통총점":48.0,
            "백화점":0,
            "아울렛몰":0,
            "대형마트":0,
            "은행":0,
            "병원":0,
            "종합병원":80,
            "공원":100,
            "혐오시설":0,
            "인프라총점":19.0,
            "초등학군":89.99,
            "중학군":52.76,
            "학군총점":60.206,
            "인구수":28.12,
            "인구증감":6.56,
            "인구총점":21.652,
            "일자리":15.1,
            "소득수준":62.39,
            "일자리총점":29.287,
            "가치 총점":42.0868,
            "매매실거래년":20220129.0,
            "매매실거래가":8700.0,
            "전세실거래년":20200823.0,
            "전세실거래가":5000.0,
            "전세가율":57.47,
            "장기전세가율평균":74.27,
            "전세가율거품지수":16.8,
            "검색코드":6595,
            "세대수":998.0,
            "준공년월":"1999-10-06",
            "준공년차":24.0,
            "가까운역이름":"다사",
            "가까운역거리":465.88,
            "역세권여부":"역세권",
            "30분이내주요거점역":0,
            "30분거점역이름":"[]",
            "1시간이내주요거점역":4,
            "1시간거점역이름":"['동대구', '반월당', '상인', '수성구청']",
            "3km이내백화점수":0,
            "5km이내아울렛몰수":0,
            "1km이내대형먀트수":0,
            "500m이내은행수":1,
            "500m이내병원수":0,
            "5km이내대형병원수":1,
            "500m이내공원수":2,
            "3km이내혐오시설수":0,
            "초등학교학업성취도":89.99,
            "중학교학업성취도":87.6,
            "용적률":328,
            "건폐율":22,
            "Y":35.861184,
            "X":128.460945,
            "rank":38.0,
            "area_info":"14평(46.5), 23평(78.47), 31평(102.92), 46평(152.42)",
            "last_sales":"2022-01-29,8700.0,14평(46.5)",
            "rank_history":[
                [
                    "202203",
                    38
                ],
                [
                    "202202",
                    39
                ],
                [
                    "202201",
                    64
                ]
            ],
            "rank_gap":1
        },
        {
            "index":419,
            "아파트명":"설화.명곡역프리미어힐",
            "투자타입":"일반",
            "전용면적(m2)":"99.44",
            "전용면적(평)":"30평",
            "법정동주소":"대구시 달성군 화원읍 명곡리 236-2",
            "도로명주소":"대구시 달성군 비슬로506길 11",
            "세대수":0,
            "입주년차":80,
            "용적률점수":"--",
            "건폐율점수":"--",
            "세대당주차수":30,
            "난방방식":30,
            "공급면적":"--",
            "전용률":"--",
            "욕실수":100,
            "현관타입":10,
            "주거총점":34.5,
            "지역구공급총점":0.0,
            "역세권":50,
            "30분내 이동가능 거점":20,
            "1시간내 이동가능 거점":40,
            "교통총점":39.0,
            "백화점":0,
            "아울렛몰":0,
            "대형마트":100,
            "은행":0,
            "병원":0,
            "종합병원":80,
            "공원":100,
            "혐오시설":0,
            "인프라총점":34.0,
            "초등학군":89.98,
            "중학군":49.48,
            "학군총점":57.58,
            "인구수":28.12,
            "인구증감":6.56,
            "인구총점":21.652,
            "일자리":15.1,
            "소득수준":62.39,
            "일자리총점":29.287,
            "가치 총점":41.949,
            "매매실거래년":20211006.0,
            "매매실거래가":30500.0,
            "전세실거래년":20210925.0,
            "전세실거래가":26000.0,
            "전세가율":85.25,
            "장기전세가율평균":74.27,
            "전세가율거품지수":-10.98,
            "검색코드":119911,
            "세대수":72.0,
            "준공년월":"2018-01-15",
            "준공년차":5.0,
            "가까운역이름":"설화명곡",
            "가까운역거리":558.79,
            "역세권여부":"준역세권",
            "30분이내주요거점역":1,
            "30분거점역이름":"['상인']",
            "1시간이내주요거점역":4,
            "1시간거점역이름":"['동대구', '반월당', '상인', '수성구청']",
            "3km이내백화점수":0,
            "5km이내아울렛몰수":0,
            "1km이내대형먀트수":2,
            "500m이내은행수":1,
            "500m이내병원수":0,
            "5km이내대형병원수":1,
            "500m이내공원수":3,
            "3km이내혐오시설수":0,
            "초등학교학업성취도":89.98,
            "중학교학업성취도":82.2,
            "용적률":399,
            "건폐율":36,
            "Y":35.800645,
            "X":128.495084,
            "rank":39.0,
            "area_info":"30평(99.44)",
            "last_sales":"2021-10-06,30500.0,30평(99.44)",
            "rank_history":[
                [
                    "202203",
                    39
                ],
                [
                    "202202",
                    9999
                ]
            ],
            "rank_gap":9999
        },
        {
            "index":124,
            "아파트명":"대구세천한라비발디",
            "투자타입":"일반",
            "전용면적(m2)":"86.14",
            "전용면적(평)":"26평",
            "법정동주소":"대구시 달성군 다사읍 세천리 1566-1",
            "도로명주소":"대구시 달성군 세천로 187",
            "세대수":90,
            "입주년차":80,
            "용적률점수":"--",
            "건폐율점수":"--",
            "세대당주차수":30,
            "난방방식":30,
            "공급면적":"--",
            "전용률":"--",
            "욕실수":100,
            "현관타입":100,
            "주거총점":75.0,
            "지역구공급총점":0.0,
            "역세권":0,
            "30분내 이동가능 거점":0,
            "1시간내 이동가능 거점":20,
            "교통총점":4.0,
            "백화점":0,
            "아울렛몰":0,
            "대형마트":0,
            "은행":0,
            "병원":0,
            "종합병원":80,
            "공원":80,
            "혐오시설":-50,
            "인프라총점":17.4,
            "초등학군":89.98,
            "중학군":49.62,
            "학군총점":57.692,
            "인구수":28.12,
            "인구증감":6.56,
            "인구총점":21.652,
            "일자리":15.1,
            "소득수준":62.39,
            "일자리총점":29.287,
            "가치 총점":41.8776,
            "매매실거래년":20220207.0,
            "매매실거래가":27000.0,
            "전세실거래년":20220224.0,
            "전세실거래가":18000.0,
            "전세가율":66.67,
            "장기전세가율평균":74.27,
            "전세가율거품지수":7.6,
            "검색코드":106856,
            "세대수":1204.0,
            "준공년월":"2016-01-28",
            "준공년차":7.0,
            "가까운역이름":"다사",
            "가까운역거리":2391.25,
            "역세권여부":"비역세권",
            "30분이내주요거점역":0,
            "30분거점역이름":"[]",
            "1시간이내주요거점역":2,
            "1시간거점역이름":"['반월당', '수성구청']",
            "3km이내백화점수":0,
            "5km이내아울렛몰수":0,
            "1km이내대형먀트수":0,
            "500m이내은행수":0,
            "500m이내병원수":0,
            "5km이내대형병원수":1,
            "500m이내공원수":1,
            "3km이내혐오시설수":1,
            "초등학교학업성취도":89.98,
            "중학교학업성취도":81.7,
            "용적률":246,
            "건폐율":14,
            "Y":35.876568,
            "X":128.480624,
            "rank":40.0,
            "area_info":"26평(86.14), 29평(98.55), 33평(109.82), 33평(110.92), 33평(111.24), 33평(111.5)",
            "last_sales":"2022-02-07,27000.0,26평(86.14)",
            "rank_history":[
                [
                    "202203",
                    40
                ],
                [
                    "202202",
                    37
                ],
                [
                    "202201",
                    24
                ]
            ],
            "rank_gap":-3
        },
        {
            "index":202,
            "아파트명":"에코폴리스동화아이위시2차",
            "투자타입":"일반",
            "전용면적(m2)":"73.1",
            "전용면적(평)":"22평",
            "법정동주소":"대구시 달성군 다사읍 서재리 1125",
            "도로명주소":"대구시 달성군 서재로7길 23",
            "세대수":90,
            "입주년차":80,
            "용적률점수":"--",
            "건폐율점수":"--",
            "세대당주차수":30,
            "난방방식":30,
            "공급면적":"--",
            "전용률":"--",
            "욕실수":50,
            "현관타입":100,
            "주거총점":70.0,
            "지역구공급총점":0.0,
            "역세권":0,
            "30분내 이동가능 거점":0,
            "1시간내 이동가능 거점":30,
            "교통총점":6.0,
            "백화점":0,
            "아울렛몰":0,
            "대형마트":0,
            "은행":0,
            "병원":0,
            "종합병원":100,
            "공원":0,
            "혐오시설":0,
            "인프라총점":20.0,
            "초등학군":90.0,
            "중학군":49.62,
            "학군총점":57.696,
            "인구수":28.12,
            "인구증감":6.56,
            "인구총점":21.652,
            "일자리":15.1,
            "소득수준":62.39,
            "일자리총점":29.287,
            "가치 총점":41.7088,
            "매매실거래년":20220212.0,
            "매매실거래가":26800.0,
            "전세실거래년":20220130.0,
            "전세실거래가":20000.0,
            "전세가율":77.82,
            "장기전세가율평균":74.27,
            "전세가율거품지수":-3.55,
            "검색코드":107669,
            "세대수":933.0,
            "준공년월":"2016-10-28",
            "준공년차":7.0,
            "가까운역이름":"계명대",
            "가까운역거리":1908.11,
            "역세권여부":"비역세권",
            "30분이내주요거점역":0,
            "30분거점역이름":"[]",
            "1시간이내주요거점역":3,
            "1시간거점역이름":"['반월당', '상인', '수성구청']",
            "3km이내백화점수":0,
            "5km이내아울렛몰수":0,
            "1km이내대형먀트수":0,
            "500m이내은행수":0,
            "500m이내병원수":0,
            "5km이내대형병원수":2,
            "500m이내공원수":0,
            "3km이내혐오시설수":0,
            "초등학교학업성취도":90.0,
            "중학교학업성취도":81.7,
            "용적률":286,
            "건폐율":17,
            "Y":35.868642,
            "X":128.490473,
            "rank":41.0,
            "area_info":"22평(73.1), 26평(86.22), 29평(98.19)",
            "last_sales":"2022-02-12,26800.0,26평(86.22)",
            "rank_history":[
                [
                    "202203",
                    41
                ],
                [
                    "202202",
                    40
                ],
                [
                    "202201",
                    28
                ]
            ],
            "rank_gap":-1
        },
        {
            "index":22,
            "아파트명":"대구국가산단디에트르더센트럴",
            "투자타입":"일반",
            "전용면적(m2)":"99.31",
            "전용면적(평)":"30평",
            "법정동주소":"대구시 달성군 구지면 창리 1434",
            "도로명주소":"대구시 달성군 국가산단대로70길 17",
            "세대수":80,
            "입주년차":100,
            "용적률점수":"--",
            "건폐율점수":"--",
            "세대당주차수":60,
            "난방방식":30,
            "공급면적":"--",
            "전용률":"--",
            "욕실수":100,
            "현관타입":100,
            "주거총점":80.0,
            "지역구공급총점":0.0,
            "역세권":0,
            "30분내 이동가능 거점":0,
            "1시간내 이동가능 거점":0,
            "교통총점":0.0,
            "백화점":0,
            "아울렛몰":0,
            "대형마트":80,
            "은행":0,
            "병원":0,
            "종합병원":0,
            "공원":80,
            "혐오시설":0,
            "인프라총점":14.4,
            "초등학군":90.15,
            "중학군":49.76,
            "학군총점":57.838,
            "인구수":28.12,
            "인구증감":6.56,
            "인구총점":21.652,
            "일자리":15.1,
            "소득수준":62.39,
            "일자리총점":29.287,
            "가치 총점":41.6714,
            "매매실거래년":20211211.0,
            "매매실거래가":28000.0,
            "전세실거래년":20220214.0,
            "전세실거래가":20000.0,
            "전세가율":null,
            "장기전세가율평균":74.27,
            "전세가율거품지수":null,
            "검색코드":125335,
            "세대수":881.0,
            "준공년월":"2021-06-30",
            "준공년차":2.0,
            "가까운역이름":"설화명곡",
            "가까운역거리":16445.66,
            "역세권여부":"비역세권",
            "30분이내주요거점역":0,
            "30분거점역이름":"[]",
            "1시간이내주요거점역":0,
            "1시간거점역이름":"[]",
            "3km이내백화점수":0,
            "5km이내아울렛몰수":0,
            "1km이내대형먀트수":1,
            "500m이내은행수":0,
            "500m이내병원수":0,
            "5km이내대형병원수":0,
            "500m이내공원수":1,
            "3km이내혐오시설수":0,
            "초등학교학업성취도":90.15,
            "중학교학업성취도":80.6,
            "용적률":199,
            "건폐율":15,
            "Y":35.662286,
            "X":128.41902,
            "rank":42.0,
            "area_info":"30평(99.31), 30평(99.28), 33평(110.44), 33평(110.81)",
            "last_sales":"2021-12-11,28000.0,30평(99.28)",
            "rank_history":[
                [
                    "202203",
                    42
                ],
                [
                    "202202",
                    38
                ],
                [
                    "202201",
                    40
                ]
            ],
            "rank_gap":-4
        },
        {
            "index":431,
            "아파트명":"천내우방맨션",
            "투자타입":"재건축",
            "전용면적(m2)":"85.4",
            "전용면적(평)":"25평",
            "법정동주소":"대구시 달성군 화원읍 천내리 122",
            "도로명주소":"대구시 달성군 화원로 26",
            "세대수":0,
            "입주년차":"--",
            "용적률점수":0,
            "건폐율점수":80,
            "세대당주차수":"--",
            "난방방식":"--",
            "공급면적":70,
            "전용률":80,
            "욕실수":"--",
            "현관타입":"--",
            "주거총점":23.5,
            "지역구공급총점":0.0,
            "역세권":80,
            "30분내 이동가능 거점":20,
            "1시간내 이동가능 거점":40,
            "교통총점":54.0,
            "백화점":0,
            "아울렛몰":0,
            "대형마트":80,
            "은행":20,
            "병원":0,
            "종합병원":100,
            "공원":100,
            "혐오시설":0,
            "인프라총점":37.0,
            "초등학군":90.02,
            "중학군":45.3,
            "학군총점":54.244,
            "인구수":28.12,
            "인구증감":6.56,
            "인구총점":21.652,
            "일자리":15.1,
            "소득수준":62.39,
            "일자리총점":29.287,
            "가치 총점":41.3482,
            "매매실거래년":20210917.0,
            "매매실거래가":35500.0,
            "전세실거래년":20211020.0,
            "전세실거래가":26000.0,
            "전세가율":73.24,
            "장기전세가율평균":74.27,
            "전세가율거품지수":1.03,
            "검색코드":6623,
            "세대수":220.0,
            "준공년월":"1991-09-11",
            "준공년차":32.0,
            "가까운역이름":"화원",
            "가까운역거리":303.85,
            "역세권여부":"역세권",
            "30분이내주요거점역":1,
            "30분거점역이름":"['상인']",
            "1시간이내주요거점역":4,
            "1시간거점역이름":"['동대구', '반월당', '상인', '수성구청']",
            "3km이내백화점수":0,
            "5km이내아울렛몰수":0,
            "1km이내대형먀트수":1,
            "500m이내은행수":2,
            "500m이내병원수":0,
            "5km이내대형병원수":2,
            "500m이내공원수":2,
            "3km이내혐오시설수":0,
            "초등학교학업성취도":90.02,
            "중학교학업성취도":75.5,
            "용적률":0,
            "건폐율":23,
            "Y":35.807198,
            "X":128.5005,
            "rank":43.0,
            "area_info":"25평(85.4), 30평(101.54)",
            "last_sales":"2021-09-17,35500.0,25평(85.4)",
            "rank_history":[
                [
                    "202203",
                    43
                ],
                [
                    "202202",
                    45
                ],
                [
                    "202201",
                    67
                ]
            ],
            "rank_gap":2
        },
        {
            "index":198,
            "아파트명":"에코폴리스동화아이위시",
            "투자타입":"일반",
            "전용면적(m2)":"71.01",
            "전용면적(평)":"21평",
            "법정동주소":"대구시 달성군 다사읍 서재리 1118",
            "도로명주소":"대구시 달성군 서재로12길 38",
            "세대수":80,
            "입주년차":80,
            "용적률점수":"--",
            "건폐율점수":"--",
            "세대당주차수":30,
            "난방방식":30,
            "공급면적":"--",
            "전용률":"--",
            "욕실수":50,
            "현관타입":100,
            "주거총점":66.5,
            "지역구공급총점":0.0,
            "역세권":0,
            "30분내 이동가능 거점":0,
            "1시간내 이동가능 거점":30,
            "교통총점":6.0,
            "백화점":0,
            "아울렛몰":0,
            "대형마트":0,
            "은행":0,
            "병원":0,
            "종합병원":100,
            "공원":0,
            "혐오시설":0,
            "인프라총점":20.0,
            "초등학군":90.0,
            "중학군":49.62,
            "학군총점":57.696,
            "인구수":28.12,
            "인구증감":6.56,
            "인구총점":21.652,
            "일자리":15.1,
            "소득수준":62.39,
            "일자리총점":29.287,
            "가치 총점":40.8338,
            "매매실거래년":20211208.0,
            "매매실거래가":32500.0,
            "전세실거래년":20220215.0,
            "전세실거래가":16000.0,
            "전세가율":71.43,
            "장기전세가율평균":74.27,
            "전세가율거품지수":2.84,
            "검색코드":106612,
            "세대수":839.0,
            "준공년월":"2015-12-21",
            "준공년차":8.0,
            "가까운역이름":"계명대",
            "가까운역거리":1753.58,
            "역세권여부":"비역세권",
            "30분이내주요거점역":0,
            "30분거점역이름":"[]",
            "1시간이내주요거점역":3,
            "1시간거점역이름":"['반월당', '상인', '수성구청']",
            "3km이내백화점수":0,
            "5km이내아울렛몰수":0,
            "1km이내대형먀트수":0,
            "500m이내은행수":0,
            "500m이내병원수":0,
            "5km이내대형병원수":3,
            "500m이내공원수":0,
            "3km이내혐오시설수":0,
            "초등학교학업성취도":90.0,
            "중학교학업성취도":81.7,
            "용적률":280,
            "건폐율":16,
            "Y":35.867288,
            "X":128.492014,
            "rank":44.0,
            "area_info":"21평(71.01), 21평(71.46), 24평(82.27), 29평(98.22)",
            "last_sales":"2021-12-08,32500.0,29평(98.22)",
            "rank_history":[
                [
                    "202203",
                    44
                ],
                [
                    "202202",
                    43
                ],
                [
                    "202201",
                    32
                ]
            ],
            "rank_gap":-1
        },
        {
            "index":335,
            "아파트명":"국가산단서한이다음",
            "투자타입":"일반",
            "전용면적(m2)":"86.09",
            "전용면적(평)":"26평",
            "법정동주소":"대구시 달성군 현풍읍 1176",
            "도로명주소":"대구시 달성군 국가산단대로70길 41",
            "세대수":90,
            "입주년차":100,
            "용적률점수":"--",
            "건폐율점수":"--",
            "세대당주차수":30,
            "난방방식":30,
            "공급면적":"--",
            "전용률":"--",
            "욕실수":100,
            "현관타입":100,
            "주거총점":79.0,
            "지역구공급총점":0.0,
            "역세권":0,
            "30분내 이동가능 거점":0,
            "1시간내 이동가능 거점":0,
            "교통총점":0.0,
            "백화점":0,
            "아울렛몰":0,
            "대형마트":80,
            "은행":0,
            "병원":0,
            "종합병원":0,
            "공원":0,
            "혐오시설":0,
            "인프라총점":12.0,
            "초등학군":90.15,
            "중학군":49.76,
            "학군총점":57.838,
            "인구수":28.12,
            "인구증감":6.56,
            "인구총점":21.652,
            "일자리":15.1,
            "소득수준":62.39,
            "일자리총점":29.287,
            "가치 총점":40.7014,
            "매매실거래년":"18000101",
            "매매실거래가":null,
            "전세실거래년":null,
            "전세실거래가":null,
            "전세가율":null,
            "장기전세가율평균":74.27,
            "전세가율거품지수":null,
            "검색코드":132428,
            "세대수":1038.0,
            "준공년월":"2019-10-29",
            "준공년차":4.0,
            "가까운역이름":"설화명곡",
            "가까운역거리":16314.39,
            "역세권여부":"비역세권",
            "30분이내주요거점역":0,
            "30분거점역이름":"[]",
            "1시간이내주요거점역":0,
            "1시간거점역이름":"[]",
            "3km이내백화점수":0,
            "5km이내아울렛몰수":0,
            "1km이내대형먀트수":1,
            "500m이내은행수":0,
            "500m이내병원수":0,
            "5km이내대형병원수":0,
            "500m이내공원수":0,
            "3km이내혐오시설수":0,
            "초등학교학업성취도":90.15,
            "중학교학업성취도":80.6,
            "용적률":196,
            "건폐율":15,
            "Y":35.662364,
            "X":128.422635,
            "rank":45.0,
            "area_info":"26평(86.09), 26평(86.73), 28평(95.56), 29평(96.13), 29평(96.26), 29평(96.69), 32평(108.78), 32평(109.09), 33평(109.11)",
            "last_sales":"1800-01-01,nan,26평(86.09)",
            "rank_history":[
                [
                    "202203",
                    45
                ],
                [
                    "202202",
                    41
                ],
                [
                    "202201",
                    49
                ]
            ],
            "rank_gap":-4
        },
        {
            "index":37,
            "아파트명":"대구국가산단영무예다음",
            "투자타입":"일반",
            "전용면적(m2)":"89.5",
            "전용면적(평)":"27평",
            "법정동주소":"대구시 달성군 구지면 창리 1354",
            "도로명주소":"대구시 달성군 국가산단서로84길 118",
            "세대수":90,
            "입주년차":100,
            "용적률점수":"--",
            "건폐율점수":"--",
            "세대당주차수":30,
            "난방방식":30,
            "공급면적":"--",
            "전용률":"--",
            "욕실수":100,
            "현관타입":100,
            "주거총점":79.0,
            "지역구공급총점":0.0,
            "역세권":0,
            "30분내 이동가능 거점":0,
            "1시간내 이동가능 거점":0,
            "교통총점":0.0,
            "백화점":0,
            "아울렛몰":0,
            "대형마트":80,
            "은행":0,
            "병원":0,
            "종합병원":0,
            "공원":0,
            "혐오시설":0,
            "인프라총점":12.0,
            "초등학군":90.01,
            "중학군":49.76,
            "학군총점":57.81,
            "인구수":28.12,
            "인구증감":6.56,
            "인구총점":21.652,
            "일자리":15.1,
            "소득수준":62.39,
            "일자리총점":29.287,
            "가치 총점":40.693,
            "매매실거래년":20220203.0,
            "매매실거래가":25900.0,
            "전세실거래년":20210424.0,
            "전세실거래가":16000.0,
            "전세가율":78.05,
            "장기전세가율평균":74.27,
            "전세가율거품지수":-3.78,
            "검색코드":122606,
            "세대수":934.0,
            "준공년월":"2020-11-01",
            "준공년차":3.0,
            "가까운역이름":"설화명곡",
            "가까운역거리":16931.76,
            "역세권여부":"비역세권",
            "30분이내주요거점역":0,
            "30분거점역이름":"[]",
            "1시간이내주요거점역":0,
            "1시간거점역이름":"[]",
            "3km이내백화점수":0,
            "5km이내아울렛몰수":0,
            "1km이내대형먀트수":1,
            "500m이내은행수":0,
            "500m이내병원수":0,
            "5km이내대형병원수":0,
            "500m이내공원수":0,
            "3km이내혐오시설수":0,
            "초등학교학업성취도":90.01,
            "중학교학업성취도":80.6,
            "용적률":193,
            "건폐율":14,
            "Y":35.6614,
            "X":128.408299,
            "rank":46.0,
            "area_info":"27평(89.5), 27평(90.67), 27평(90.64), 32평(108.71)",
            "last_sales":"2022-02-03,25900.0,32평(108.71)",
            "rank_history":[
                [
                    "202203",
                    46
                ],
                [
                    "202202",
                    42
                ],
                [
                    "202201",
                    49
                ]
            ],
            "rank_gap":-4
        },
        {
            "index":26,
            "아파트명":"대구국가산단모아미래도에듀퍼스트",
            "투자타입":"일반",
            "전용면적(m2)":"101.38",
            "전용면적(평)":"30평",
            "법정동주소":"대구시 달성군 구지면 창리 1447",
            "도로명주소":"대구시 달성군 국가산단대로70길 42",
            "세대수":80,
            "입주년차":100,
            "용적률점수":"--",
            "건폐율점수":"--",
            "세대당주차수":30,
            "난방방식":30,
            "공급면적":"--",
            "전용률":"--",
            "욕실수":100,
            "현관타입":100,
            "주거총점":75.5,
            "지역구공급총점":0.0,
            "역세권":0,
            "30분내 이동가능 거점":0,
            "1시간내 이동가능 거점":0,
            "교통총점":0.0,
            "백화점":0,
            "아울렛몰":0,
            "대형마트":80,
            "은행":0,
            "병원":0,
            "종합병원":0,
            "공원":80,
            "혐오시설":0,
            "인프라총점":14.4,
            "초등학군":90.15,
            "중학군":49.76,
            "학군총점":57.838,
            "인구수":28.12,
            "인구증감":6.56,
            "인구총점":21.652,
            "일자리":15.1,
            "소득수준":62.39,
            "일자리총점":29.287,
            "가치 총점":40.5464,
            "매매실거래년":20220113.0,
            "매매실거래가":24850.0,
            "전세실거래년":null,
            "전세실거래가":null,
            "전세가율":null,
            "장기전세가율평균":74.27,
            "전세가율거품지수":null,
            "검색코드":125099,
            "세대수":704.0,
            "준공년월":"2021-08-01",
            "준공년차":2.0,
            "가까운역이름":"설화명곡",
            "가까운역거리":16551.57,
            "역세권여부":"비역세권",
            "30분이내주요거점역":0,
            "30분거점역이름":"[]",
            "1시간이내주요거점역":0,
            "1시간거점역이름":"[]",
            "3km이내백화점수":0,
            "5km이내아울렛몰수":0,
            "1km이내대형먀트수":1,
            "500m이내은행수":0,
            "500m이내병원수":0,
            "5km이내대형병원수":0,
            "500m이내공원수":1,
            "3km이내혐오시설수":0,
            "초등학교학업성취도":90.15,
            "중학교학업성취도":80.6,
            "용적률":0,
            "건폐율":0,
            "Y":35.660476,
            "X":128.421374,
            "rank":47.0,
            "area_info":"30평(101.38), 30평(101.46)",
            "last_sales":"2022-01-13,24850.0,30평(101.38)",
            "rank_history":[
                [
                    "202203",
                    47
                ],
                [
                    "202202",
                    44
                ],
                [
                    "202201",
                    53
                ]
            ],
            "rank_gap":-3
        },
        {
            "index":103,
            "아파트명":"강창한서꼼빠니아타운",
            "투자타입":"일반",
            "전용면적(m2)":"75.32",
            "전용면적(평)":"22평",
            "법정동주소":"대구시 달성군 다사읍 매곡리 719-3",
            "도로명주소":"대구시 달성군 달구벌대로 802-1",
            "세대수":50,
            "입주년차":0,
            "용적률점수":"--",
            "건폐율점수":"--",
            "세대당주차수":0,
            "난방방식":30,
            "공급면적":"--",
            "전용률":"--",
            "욕실수":100,
            "현관타입":100,
            "주거총점":40.5,
            "지역구공급총점":0.0,
            "역세권":80,
            "30분내 이동가능 거점":0,
            "1시간내 이동가능 거점":40,
            "교통총점":48.0,
            "백화점":0,
            "아울렛몰":0,
            "대형마트":0,
            "은행":0,
            "병원":0,
            "종합병원":80,
            "공원":0,
            "혐오시설":0,
            "인프라총점":16.0,
            "초등학군":90.01,
            "중학군":52.76,
            "학군총점":60.21,
            "인구수":28.12,
            "인구증감":6.56,
            "인구총점":21.652,
            "일자리":15.1,
            "소득수준":62.39,
            "일자리총점":29.287,
            "가치 총점":40.188,
            "매매실거래년":20211203.0,
            "매매실거래가":14800.0,
            "전세실거래년":20211201.0,
            "전세실거래가":14500.0,
            "전세가율":97.97,
            "장기전세가율평균":74.27,
            "전세가율거품지수":-23.7,
            "검색코드":6596,
            "세대수":448.0,
            "준공년월":"1996-11-15",
            "준공년차":27.0,
            "가까운역이름":"다사",
            "가까운역거리":446.55,
            "역세권여부":"역세권",
            "30분이내주요거점역":0,
            "30분거점역이름":"[]",
            "1시간이내주요거점역":4,
            "1시간거점역이름":"['동대구', '반월당', '상인', '수성구청']",
            "3km이내백화점수":0,
            "5km이내아울렛몰수":0,
            "1km이내대형먀트수":0,
            "500m이내은행수":0,
            "500m이내병원수":0,
            "5km이내대형병원수":1,
            "500m이내공원수":0,
            "3km이내혐오시설수":0,
            "초등학교학업성취도":90.01,
            "중학교학업성취도":87.6,
            "용적률":0,
            "건폐율":0,
            "Y":35.860883,
            "X":128.459327,
            "rank":48.0,
            "area_info":"22평(75.32), 30평(100.36), 45평(151.69)",
            "last_sales":"2021-12-03,14800.0,22평(75.32)",
            "rank_history":[
                [
                    "202203",
                    48
                ],
                [
                    "202202",
                    48
                ],
                [
                    "202201",
                    82
                ]
            ],
            "rank_gap":0
        },
        {
            "index":34,
            "아파트명":"대구국가산단반도유보라아이비파크3.0",
            "투자타입":"일반",
            "전용면적(m2)":"98.8",
            "전용면적(평)":"29평",
            "법정동주소":"대구시 달성군 구지면 화산리 1105",
            "도로명주소":"대구시 달성군",
            "세대수":80,
            "입주년차":100,
            "용적률점수":"--",
            "건폐율점수":"--",
            "세대당주차수":30,
            "난방방식":30,
            "공급면적":"--",
            "전용률":"--",
            "욕실수":100,
            "현관타입":100,
            "주거총점":75.5,
            "지역구공급총점":0.0,
            "역세권":0,
            "30분내 이동가능 거점":0,
            "1시간내 이동가능 거점":0,
            "교통총점":0.0,
            "백화점":0,
            "아울렛몰":0,
            "대형마트":80,
            "은행":0,
            "병원":0,
            "종합병원":0,
            "공원":0,
            "혐오시설":0,
            "인프라총점":12.0,
            "초등학군":90.01,
            "중학군":49.76,
            "학군총점":57.81,
            "인구수":28.12,
            "인구증감":6.56,
            "인구총점":21.652,
            "일자리":15.1,
            "소득수준":62.39,
            "일자리총점":29.287,
            "가치 총점":39.818,
            "매매실거래년":20220117.0,
            "매매실거래가":24400.0,
            "전세실거래년":20211110.0,
            "전세실거래가":10000.0,
            "전세가율":40.98,
            "장기전세가율평균":74.27,
            "전세가율거품지수":33.29,
            "검색코드":122048,
            "세대수":775.0,
            "준공년월":"2020-11-01",
            "준공년차":3.0,
            "가까운역이름":"설화명곡",
            "가까운역거리":16823.55,
            "역세권여부":"비역세권",
            "30분이내주요거점역":0,
            "30분거점역이름":"[]",
            "1시간이내주요거점역":0,
            "1시간거점역이름":"[]",
            "3km이내백화점수":0,
            "5km이내아울렛몰수":0,
            "1km이내대형먀트수":1,
            "500m이내은행수":0,
            "500m이내병원수":0,
            "5km이내대형병원수":0,
            "500m이내공원수":0,
            "3km이내혐오시설수":0,
            "초등학교학업성취도":90.01,
            "중학교학업성취도":80.6,
            "용적률":0,
            "건폐율":0,
            "Y":35.662802,
            "X":128.407482,
            "rank":49.0,
            "area_info":"29평(98.8), 29평(98.98), 31평(104.32)",
            "last_sales":"2022-01-17,24400.0,29평(98.8)",
            "rank_history":[
                [
                    "202203",
                    49
                ],
                [
                    "202202",
                    46
                ],
                [
                    "202201",
                    60
                ]
            ],
            "rank_gap":-3
        },
        {
            "index":28,
            "아파트명":"대구국가산단반도유보라아이비파크",
            "투자타입":"일반",
            "전용면적(m2)":"94.55",
            "전용면적(평)":"28평",
            "법정동주소":"대구시 달성군 구지면 응암리 1199",
            "도로명주소":"대구시 달성군 과학마을로3길 14",
            "세대수":80,
            "입주년차":80,
            "용적률점수":"--",
            "건폐율점수":"--",
            "세대당주차수":30,
            "난방방식":30,
            "공급면적":"--",
            "전용률":"--",
            "욕실수":100,
            "현관타입":100,
            "주거총점":71.5,
            "지역구공급총점":0.0,
            "역세권":0,
            "30분내 이동가능 거점":0,
            "1시간내 이동가능 거점":0,
            "교통총점":0.0,
            "백화점":0,
            "아울렛몰":0,
            "대형마트":80,
            "은행":0,
            "병원":0,
            "종합병원":0,
            "공원":100,
            "혐오시설":0,
            "인프라총점":15.0,
            "초등학군":90.15,
            "중학군":49.76,
            "학군총점":57.838,
            "인구수":28.12,
            "인구증감":6.56,
            "인구총점":21.652,
            "일자리":15.1,
            "소득수준":62.39,
            "일자리총점":29.287,
            "가치 총점":39.7264,
            "매매실거래년":20220123.0,
            "매매실거래가":24300.0,
            "전세실거래년":20220208.0,
            "전세실거래가":16000.0,
            "전세가율":68.09,
            "장기전세가율평균":74.27,
            "전세가율거품지수":6.18,
            "검색코드":109248,
            "세대수":813.0,
            "준공년월":"2017-01-10",
            "준공년차":6.0,
            "가까운역이름":"설화명곡",
            "가까운역거리":16931.67,
            "역세권여부":"비역세권",
            "30분이내주요거점역":0,
            "30분거점역이름":"[]",
            "1시간이내주요거점역":0,
            "1시간거점역이름":"[]",
            "3km이내백화점수":0,
            "5km이내아울렛몰수":0,
            "1km이내대형먀트수":1,
            "500m이내은행수":0,
            "500m이내병원수":0,
            "5km이내대형병원수":0,
            "500m이내공원수":3,
            "3km이내혐오시설수":0,
            "초등학교학업성취도":90.15,
            "중학교학업성취도":80.6,
            "용적률":218,
            "건폐율":17,
            "Y":35.657234,
            "X":128.420022,
            "rank":50.0,
            "area_info":"28평(94.55), 30평(102.21), 33평(111.66), 33평(111.66)",
            "last_sales":"2022-01-23,24300.0,30평(102.21)",
            "rank_history":[
                [
                    "202203",
                    50
                ],
                [
                    "202202",
                    47
                ],
                [
                    "202201",
                    52
                ]
            ],
            "rank_gap":-3
        },
        {
            "index":85,
            "아파트명":"강창삼산타운1차",
            "투자타입":"일반",
            "전용면적(m2)":"38.2",
            "전용면적(평)":"11평",
            "법정동주소":"대구시 달성군 다사읍 매곡리 719-2",
            "도로명주소":"대구시 달성군 달구벌대로 790",
            "세대수":80,
            "입주년차":0,
            "용적률점수":"--",
            "건폐율점수":"--",
            "세대당주차수":0,
            "난방방식":30,
            "공급면적":"--",
            "전용률":"--",
            "욕실수":50,
            "현관타입":10,
            "주거총점":37.0,
            "지역구공급총점":0.0,
            "역세권":80,
            "30분내 이동가능 거점":0,
            "1시간내 이동가능 거점":40,
            "교통총점":48.0,
            "백화점":0,
            "아울렛몰":0,
            "대형마트":0,
            "은행":0,
            "병원":0,
            "종합병원":80,
            "공원":0,
            "혐오시설":0,
            "인프라총점":16.0,
            "초등학군":89.99,
            "중학군":52.76,
            "학군총점":60.206,
            "인구수":28.12,
            "인구증감":6.56,
            "인구총점":21.652,
            "일자리":15.1,
            "소득수준":62.39,
            "일자리총점":29.287,
            "가치 총점":39.3118,
            "매매실거래년":20220214.0,
            "매매실거래가":15800.0,
            "전세실거래년":20220109.0,
            "전세실거래가":4000.0,
            "전세가율":72.73,
            "장기전세가율평균":74.27,
            "전세가율거품지수":1.54,
            "검색코드":6600,
            "세대수":721.0,
            "준공년월":"1995-08-30",
            "준공년차":28.0,
            "가까운역이름":"다사",
            "가까운역거리":380.25,
            "역세권여부":"역세권",
            "30분이내주요거점역":0,
            "30분거점역이름":"[]",
            "1시간이내주요거점역":4,
            "1시간거점역이름":"['동대구', '반월당', '상인', '수성구청']",
            "3km이내백화점수":0,
            "5km이내아울렛몰수":0,
            "1km이내대형먀트수":0,
            "500m이내은행수":0,
            "500m이내병원수":0,
            "5km이내대형병원수":1,
            "500m이내공원수":0,
            "3km이내혐오시설수":0,
            "초등학교학업성취도":89.99,
            "중학교학업성취도":87.6,
            "용적률":300,
            "건폐율":22,
            "Y":35.86141,
            "X":128.45821,
            "rank":51.0,
            "area_info":"11평(38.2), 23평(78.01), 30평(102.0), 46평(152.63)",
            "last_sales":"2022-02-14,15800.0,23평(78.01)",
            "rank_history":[
                [
                    "202203",
                    51
                ],
                [
                    "202202",
                    50
                ],
                [
                    "202201",
                    87
                ]
            ],
            "rank_gap":-1
        },
        {
            "index":196,
            "아파트명":"신성서화성파크드림",
            "투자타입":"일반",
            "전용면적(m2)":"109.97",
            "전용면적(평)":"33평",
            "법정동주소":"대구시 달성군 다사읍 서재리 100",
            "도로명주소":"대구시 달성군 서재로27길 42",
            "세대수":50,
            "입주년차":40,
            "용적률점수":"--",
            "건폐율점수":"--",
            "세대당주차수":60,
            "난방방식":30,
            "공급면적":"--",
            "전용률":"--",
            "욕실수":100,
            "현관타입":100,
            "주거총점":57.5,
            "지역구공급총점":0.0,
            "역세권":0,
            "30분내 이동가능 거점":0,
            "1시간내 이동가능 거점":30,
            "교통총점":6.0,
            "백화점":0,
            "아울렛몰":0,
            "대형마트":0,
            "은행":0,
            "병원":0,
            "종합병원":100,
            "공원":80,
            "혐오시설":0,
            "인프라총점":22.4,
            "초등학군":89.99,
            "중학군":49.62,
            "학군총점":57.694,
            "인구수":28.12,
            "인구증감":6.56,
            "인구총점":21.652,
            "일자리":15.1,
            "소득수준":62.39,
            "일자리총점":29.287,
            "가치 총점":39.3032,
            "매매실거래년":20211006.0,
            "매매실거래가":31000.0,
            "전세실거래년":20211119.0,
            "전세실거래가":24000.0,
            "전세가율":77.42,
            "장기전세가율평균":74.27,
            "전세가율거품지수":-3.15,
            "검색코드":25318,
            "세대수":534.0,
            "준공년월":"2007-12-14",
            "준공년차":16.0,
            "가까운역이름":"계명대",
            "가까운역거리":2655.4,
            "역세권여부":"비역세권",
            "30분이내주요거점역":0,
            "30분거점역이름":"[]",
            "1시간이내주요거점역":3,
            "1시간거점역이름":"['반월당', '상인', '수성구청']",
            "3km이내백화점수":0,
            "5km이내아울렛몰수":0,
            "1km이내대형먀트수":0,
            "500m이내은행수":1,
            "500m이내병원수":0,
            "5km이내대형병원수":3,
            "500m이내공원수":1,
            "3km이내혐오시설수":0,
            "초등학교학업성취도":89.99,
            "중학교학업성취도":81.7,
            "용적률":299,
            "건폐율":34,
            "Y":35.87514,
            "X":128.496176,
            "rank":52.0,
            "area_info":"33평(109.97), 43평(142.94)",
            "last_sales":"2021-10-06,31000.0,33평(109.97)",
            "rank_history":[
                [
                    "202203",
                    52
                ],
                [
                    "202202",
                    49
                ],
                [
                    "202201",
                    35
                ]
            ],
            "rank_gap":-3
        },
        {
            "index":89,
            "아파트명":"강창우방타운",
            "투자타입":"일반",
            "전용면적(m2)":"80.52",
            "전용면적(평)":"24평",
            "법정동주소":"대구시 달성군 다사읍 매곡리 719-1",
            "도로명주소":"대구시 달성군 달구벌대로 770",
            "세대수":50,
            "입주년차":0,
            "용적률점수":"--",
            "건폐율점수":"--",
            "세대당주차수":0,
            "난방방식":30,
            "공급면적":"--",
            "전용률":"--",
            "욕실수":50,
            "현관타입":100,
            "주거총점":35.5,
            "지역구공급총점":0.0,
            "역세권":80,
            "30분내 이동가능 거점":0,
            "1시간내 이동가능 거점":40,
            "교통총점":48.0,
            "백화점":0,
            "아울렛몰":0,
            "대형마트":0,
            "은행":0,
            "병원":0,
            "종합병원":80,
            "공원":0,
            "혐오시설":0,
            "인프라총점":16.0,
            "초등학군":90.01,
            "중학군":52.76,
            "학군총점":60.21,
            "인구수":28.12,
            "인구증감":6.56,
            "인구총점":21.652,
            "일자리":15.1,
            "소득수준":62.39,
            "일자리총점":29.287,
            "가치 총점":38.938,
            "매매실거래년":20220114.0,
            "매매실거래가":19000.0,
            "전세실거래년":20210702.0,
            "전세실거래가":12000.0,
            "전세가율":68.97,
            "장기전세가율평균":74.27,
            "전세가율거품지수":5.3,
            "검색코드":6594,
            "세대수":493.0,
            "준공년월":"1997-09-06",
            "준공년차":26.0,
            "가까운역이름":"다사",
            "가까운역거리":426.18,
            "역세권여부":"역세권",
            "30분이내주요거점역":0,
            "30분거점역이름":"[]",
            "1시간이내주요거점역":4,
            "1시간거점역이름":"['동대구', '반월당', '상인', '수성구청']",
            "3km이내백화점수":0,
            "5km이내아울렛몰수":0,
            "1km이내대형먀트수":0,
            "500m이내은행수":0,
            "500m이내병원수":0,
            "5km이내대형병원수":1,
            "500m이내공원수":0,
            "3km이내혐오시설수":0,
            "초등학교학업성취도":90.01,
            "중학교학업성취도":87.6,
            "용적률":252,
            "건폐율":22,
            "Y":35.86122,
            "X":128.45679,
            "rank":53.0,
            "area_info":"24평(80.52), 32평(108.58), 46평(154.15), 49평(164.31)",
            "last_sales":"2022-01-14,19000.0,46평(154.15)",
            "rank_history":[
                [
                    "202203",
                    53
                ],
                [
                    "202202",
                    52
                ],
                [
                    "202201",
                    90
                ]
            ],
            "rank_gap":-1
        },
        {
            "index":446,
            "아파트명":"한샘타운",
            "투자타입":"일반",
            "전용면적(m2)":"76.63",
            "전용면적(평)":"23평",
            "법정동주소":"대구시 달성군 화원읍 천내리 346",
            "도로명주소":"대구시 달성군 사문진로6길 17",
            "세대수":0,
            "입주년차":20,
            "용적률점수":"--",
            "건폐율점수":"--",
            "세대당주차수":0,
            "난방방식":30,
            "공급면적":"--",
            "전용률":"--",
            "욕실수":50,
            "현관타입":100,
            "주거총점":22.0,
            "지역구공급총점":0.0,
            "역세권":50,
            "30분내 이동가능 거점":20,
            "1시간내 이동가능 거점":40,
            "교통총점":39.0,
            "백화점":0,
            "아울렛몰":0,
            "대형마트":100,
            "은행":0,
            "병원":0,
            "종합병원":80,
            "공원":80,
            "혐오시설":0,
            "인프라총점":33.4,
            "초등학군":90.0,
            "중학군":49.48,
            "학군총점":57.584,
            "인구수":28.12,
            "인구증감":6.56,
            "인구총점":21.652,
            "일자리":15.1,
            "소득수준":62.39,
            "일자리총점":29.287,
            "가치 총점":38.6452,
            "매매실거래년":20220121.0,
            "매매실거래가":16000.0,
            "전세실거래년":20210123.0,
            "전세실거래가":14000.0,
            "전세가율":87.5,
            "장기전세가율평균":74.27,
            "전세가율거품지수":-13.23,
            "검색코드":10030,
            "세대수":288.0,
            "준공년월":"2000-05-29",
            "준공년차":23.0,
            "가까운역이름":"설화명곡",
            "가까운역거리":709.44,
            "역세권여부":"준역세권",
            "30분이내주요거점역":1,
            "30분거점역이름":"['상인']",
            "1시간이내주요거점역":4,
            "1시간거점역이름":"['동대구', '반월당', '상인', '수성구청']",
            "3km이내백화점수":0,
            "5km이내아울렛몰수":0,
            "1km이내대형먀트수":2,
            "500m이내은행수":1,
            "500m이내병원수":0,
            "5km이내대형병원수":1,
            "500m이내공원수":1,
            "3km이내혐오시설수":0,
            "초등학교학업성취도":90.0,
            "중학교학업성취도":82.2,
            "용적률":305,
            "건폐율":35,
            "Y":35.804518,
            "X":128.492638,
            "rank":54.0,
            "area_info":"23평(76.63), 29평(96.65)",
            "last_sales":"2022-01-21,16000.0,23평(76.63)",
            "rank_history":[
                [
                    "202203",
                    54
                ],
                [
                    "202202",
                    60
                ],
                [
                    "202201",
                    83
                ]
            ],
            "rank_gap":6
        },
        {
            "index":190,
            "아파트명":"신성서진흥더블파크",
            "투자타입":"일반",
            "전용면적(m2)":"107.98",
            "전용면적(평)":"32평",
            "법정동주소":"대구시 달성군 다사읍 서재리 321-1",
            "도로명주소":"대구시 달성군 서재로24길 29",
            "세대수":50,
            "입주년차":40,
            "용적률점수":"--",
            "건폐율점수":"--",
            "세대당주차수":60,
            "난방방식":30,
            "공급면적":"--",
            "전용률":"--",
            "욕실수":100,
            "현관타입":100,
            "주거총점":57.5,
            "지역구공급총점":0.0,
            "역세권":0,
            "30분내 이동가능 거점":0,
            "1시간내 이동가능 거점":30,
            "교통총점":6.0,
            "백화점":0,
            "아울렛몰":0,
            "대형마트":0,
            "은행":0,
            "병원":0,
            "종합병원":100,
            "공원":0,
            "혐오시설":0,
            "인프라총점":20.0,
            "초등학군":89.99,
            "중학군":49.62,
            "학군총점":57.694,
            "인구수":28.12,
            "인구증감":6.56,
            "인구총점":21.652,
            "일자리":15.1,
            "소득수준":62.39,
            "일자리총점":29.287,
            "가치 총점":38.5832,
            "매매실거래년":20210118.0,
            "매매실거래가":34500.0,
            "전세실거래년":null,
            "전세실거래가":null,
            "전세가율":null,
            "장기전세가율평균":74.27,
            "전세가율거품지수":null,
            "검색코드":25757,
            "세대수":664.0,
            "준공년월":"2007-12-26",
            "준공년차":16.0,
            "가까운역이름":"성서산업단지",
            "가까운역거리":2418.69,
            "역세권여부":"비역세권",
            "30분이내주요거점역":0,
            "30분거점역이름":"[]",
            "1시간이내주요거점역":3,
            "1시간거점역이름":"['반월당', '상인', '수성구청']",
            "3km이내백화점수":0,
            "5km이내아울렛몰수":0,
            "1km이내대형먀트수":0,
            "500m이내은행수":1,
            "500m이내병원수":0,
            "5km이내대형병원수":4,
            "500m이내공원수":0,
            "3km이내혐오시설수":0,
            "초등학교학업성취도":89.99,
            "중학교학업성취도":81.7,
            "용적률":245,
            "건폐율":58,
            "Y":35.872797,
            "X":128.500392,
            "rank":55.0,
            "area_info":"32평(107.98), 32평(108.86), 32평(108.14), 32평(108.88), 33평(110.93), 44평(147.07)",
            "last_sales":"2021-01-18,34500.0,44평(147.07)",
            "rank_history":[
                [
                    "202203",
                    55
                ],
                [
                    "202202",
                    53
                ],
                [
                    "202201",
                    41
                ]
            ],
            "rank_gap":-2
        },
        {
            "index":183,
            "아파트명":"세천삼정그린코아더베스트1단지",
            "투자타입":"일반",
            "전용면적(m2)":"79.78",
            "전용면적(평)":"24평",
            "법정동주소":"대구시 달성군 다사읍 세천리 1566-3",
            "도로명주소":"대구시 달성군 세천북로 10",
            "세대수":30,
            "입주년차":80,
            "용적률점수":"--",
            "건폐율점수":"--",
            "세대당주차수":30,
            "난방방식":100,
            "공급면적":"--",
            "전용률":"--",
            "욕실수":100,
            "현관타입":100,
            "주거총점":61.0,
            "지역구공급총점":0.0,
            "역세권":0,
            "30분내 이동가능 거점":0,
            "1시간내 이동가능 거점":20,
            "교통총점":4.0,
            "백화점":0,
            "아울렛몰":0,
            "대형마트":0,
            "은행":0,
            "병원":0,
            "종합병원":80,
            "공원":100,
            "혐오시설":-50,
            "인프라총점":18.0,
            "초등학군":89.98,
            "중학군":49.62,
            "학군총점":57.692,
            "인구수":28.12,
            "인구증감":6.56,
            "인구총점":21.652,
            "일자리":15.1,
            "소득수준":62.39,
            "일자리총점":29.287,
            "가치 총점":38.5576,
            "매매실거래년":20220120.0,
            "매매실거래가":27000.0,
            "전세실거래년":20220115.0,
            "전세실거래가":22000.0,
            "전세가율":73.33,
            "장기전세가율평균":74.27,
            "전세가율거품지수":0.94,
            "검색코드":108730,
            "세대수":316.0,
            "준공년월":"2017-02-27",
            "준공년차":6.0,
            "가까운역이름":"다사",
            "가까운역거리":2261.46,
            "역세권여부":"비역세권",
            "30분이내주요거점역":0,
            "30분거점역이름":"[]",
            "1시간이내주요거점역":2,
            "1시간거점역이름":"['반월당', '수성구청']",
            "3km이내백화점수":0,
            "5km이내아울렛몰수":0,
            "1km이내대형먀트수":0,
            "500m이내은행수":1,
            "500m이내병원수":0,
            "5km이내대형병원수":1,
            "500m이내공원수":2,
            "3km이내혐오시설수":1,
            "초등학교학업성취도":89.98,
            "중학교학업성취도":81.7,
            "용적률":249,
            "건폐율":49,
            "Y":35.875585,
            "X":128.479689,
            "rank":56.0,
            "area_info":"24평(79.78), 29평(98.58), 31평(103.93), 33평(111.21)",
            "last_sales":"2022-01-20,27000.0,29평(98.58)",
            "rank_history":[
                [
                    "202203",
                    56
                ],
                [
                    "202202",
                    51
                ],
                [
                    "202201",
                    39
                ]
            ],
            "rank_gap":-5
        },
        {
            "index":19,
            "아파트명":"대구국가산단ZOOM파크",
            "투자타입":"일반",
            "전용면적(m2)":"85.7",
            "전용면적(평)":"25평",
            "법정동주소":"대구시 달성군 구지면 응암리 1252",
            "도로명주소":"대구시 달성군 국가산단대로64길 63",
            "세대수":50,
            "입주년차":100,
            "용적률점수":"--",
            "건폐율점수":"--",
            "세대당주차수":30,
            "난방방식":30,
            "공급면적":"--",
            "전용률":"--",
            "욕실수":100,
            "현관타입":100,
            "주거총점":65.0,
            "지역구공급총점":0.0,
            "역세권":0,
            "30분내 이동가능 거점":0,
            "1시간내 이동가능 거점":0,
            "교통총점":0.0,
            "백화점":0,
            "아울렛몰":0,
            "대형마트":80,
            "은행":0,
            "병원":0,
            "종합병원":0,
            "공원":80,
            "혐오시설":0,
            "인프라총점":14.4,
            "초등학군":90.15,
            "중학군":49.76,
            "학군총점":57.838,
            "인구수":28.12,
            "인구증감":6.56,
            "인구총점":21.652,
            "일자리":15.1,
            "소득수준":62.39,
            "일자리총점":29.287,
            "가치 총점":37.9214,
            "매매실거래년":20220209.0,
            "매매실거래가":25500.0,
            "전세실거래년":20220111.0,
            "전세실거래가":16000.0,
            "전세가율":78.05,
            "장기전세가율평균":74.27,
            "전세가율거품지수":-3.78,
            "검색코드":121984,
            "세대수":596.0,
            "준공년월":"2020-06-29",
            "준공년차":3.0,
            "가까운역이름":"설화명곡",
            "가까운역거리":16902.6,
            "역세권여부":"비역세권",
            "30분이내주요거점역":0,
            "30분거점역이름":"[]",
            "1시간이내주요거점역":0,
            "1시간거점역이름":"[]",
            "3km이내백화점수":0,
            "5km이내아울렛몰수":0,
            "1km이내대형먀트수":1,
            "500m이내은행수":0,
            "500m이내병원수":0,
            "5km이내대형병원수":0,
            "500m이내공원수":1,
            "3km이내혐오시설수":0,
            "초등학교학업성취도":90.15,
            "중학교학업성취도":80.6,
            "용적률":199,
            "건폐율":14,
            "Y":35.656388,
            "X":128.423613,
            "rank":57.0,
            "area_info":"25평(85.7), 33평(111.12), 33평(111.14)",
            "last_sales":"2022-02-09,25500.0,33평(111.14)",
            "rank_history":[
                [
                    "202203",
                    57
                ],
                [
                    "202202",
                    54
                ],
                [
                    "202201",
                    72
                ]
            ],
            "rank_gap":-3
        },
        {
            "index":32,
            "아파트명":"대구국가산단반도유보라아이비파크2",
            "투자타입":"일반",
            "전용면적(m2)":"100.02",
            "전용면적(평)":"30평",
            "법정동주소":"대구시 달성군 구지면 응암리 1251",
            "도로명주소":"대구시 달성군 국가산단북로60길 59",
            "세대수":50,
            "입주년차":100,
            "용적률점수":"--",
            "건폐율점수":"--",
            "세대당주차수":30,
            "난방방식":30,
            "공급면적":"--",
            "전용률":"--",
            "욕실수":100,
            "현관타입":100,
            "주거총점":65.0,
            "지역구공급총점":0.0,
            "역세권":0,
            "30분내 이동가능 거점":0,
            "1시간내 이동가능 거점":0,
            "교통총점":0.0,
            "백화점":0,
            "아울렛몰":0,
            "대형마트":80,
            "은행":0,
            "병원":0,
            "종합병원":0,
            "공원":80,
            "혐오시설":0,
            "인프라총점":14.4,
            "초등학군":90.15,
            "중학군":49.76,
            "학군총점":57.838,
            "인구수":28.12,
            "인구증감":6.56,
            "인구총점":21.652,
            "일자리":15.1,
            "소득수준":62.39,
            "일자리총점":29.287,
            "가치 총점":37.9214,
            "매매실거래년":20211227.0,
            "매매실거래가":25000.0,
            "전세실거래년":20220107.0,
            "전세실거래가":16500.0,
            "전세가율":66.0,
            "장기전세가율평균":74.27,
            "전세가율거품지수":8.27,
            "검색코드":120537,
            "세대수":527.0,
            "준공년월":"2020-06-26",
            "준공년차":3.0,
            "가까운역이름":"설화명곡",
            "가까운역거리":16791.35,
            "역세권여부":"비역세권",
            "30분이내주요거점역":0,
            "30분거점역이름":"[]",
            "1시간이내주요거점역":0,
            "1시간거점역이름":"[]",
            "3km이내백화점수":0,
            "5km이내아울렛몰수":0,
            "1km이내대형먀트수":1,
            "500m이내은행수":0,
            "500m이내병원수":0,
            "5km이내대형병원수":0,
            "500m이내공원수":1,
            "3km이내혐오시설수":0,
            "초등학교학업성취도":90.15,
            "중학교학업성취도":80.6,
            "용적률":199,
            "건폐율":13,
            "Y":35.658042,
            "X":128.421736,
            "rank":57.0,
            "area_info":"30평(100.02), 31평(105.6)",
            "last_sales":"2021-12-27,25000.0,30평(100.02)",
            "rank_history":[
                [
                    "202203",
                    57
                ],
                [
                    "202202",
                    54
                ],
                [
                    "202201",
                    72
                ]
            ],
            "rank_gap":-3
        },
        {
            "index":452,
            "아파트명":"화원삼주타운",
            "투자타입":"일반",
            "전용면적(m2)":"74.77",
            "전용면적(평)":"22평",
            "법정동주소":"대구시 달성군 화원읍 성산리 55",
            "도로명주소":"대구시 달성군 사문진로 349",
            "세대수":50,
            "입주년차":20,
            "용적률점수":"--",
            "건폐율점수":"--",
            "세대당주차수":30,
            "난방방식":30,
            "공급면적":"--",
            "전용률":"--",
            "욕실수":50,
            "현관타입":100,
            "주거총점":44.0,
            "지역구공급총점":0.0,
            "역세권":0,
            "30분내 이동가능 거점":0,
            "1시간내 이동가능 거점":40,
            "교통총점":8.0,
            "백화점":0,
            "아울렛몰":0,
            "대형마트":80,
            "은행":0,
            "병원":0,
            "종합병원":80,
            "공원":0,
            "혐오시설":0,
            "인프라총점":28.0,
            "초등학군":90.0,
            "중학군":49.48,
            "학군총점":57.584,
            "인구수":28.12,
            "인구증감":6.56,
            "인구총점":21.652,
            "일자리":15.1,
            "소득수준":62.39,
            "일자리총점":29.287,
            "가치 총점":37.8752,
            "매매실거래년":20211210.0,
            "매매실거래가":21900.0,
            "전세실거래년":20210405.0,
            "전세실거래가":8000.0,
            "전세가율":53.33,
            "장기전세가율평균":74.27,
            "전세가율거품지수":20.94,
            "검색코드":6613,
            "세대수":435.0,
            "준공년월":"2000-03-25",
            "준공년차":23.0,
            "가까운역이름":"설화명곡",
            "가까운역거리":1067.25,
            "역세권여부":"비역세권",
            "30분이내주요거점역":0,
            "30분거점역이름":"[]",
            "1시간이내주요거점역":4,
            "1시간거점역이름":"['동대구', '반월당', '상인', '수성구청']",
            "3km이내백화점수":0,
            "5km이내아울렛몰수":0,
            "1km이내대형먀트수":1,
            "500m이내은행수":0,
            "500m이내병원수":0,
            "5km이내대형병원수":1,
            "500m이내공원수":0,
            "3km이내혐오시설수":0,
            "초등학교학업성취도":90.0,
            "중학교학업성취도":82.2,
            "용적률":266,
            "건폐율":23,
            "Y":35.80829,
            "X":128.4885,
            "rank":58.0,
            "area_info":"22평(74.77), 23평(77.02), 27평(91.08), 31평(103.58), 34평(113.72)",
            "last_sales":"2021-12-10,21900.0,31평(103.58)",
            "rank_history":[
                [
                    "202203",
                    58
                ],
                [
                    "202202",
                    58
                ],
                [
                    "202201",
                    84
                ]
            ],
            "rank_gap":0
        },
        {
            "index":298,
            "아파트명":"대구테크노폴리스중흥S-클래스",
            "투자타입":"일반",
            "전용면적(m2)":"129.19",
            "전용면적(평)":"39평",
            "법정동주소":"대구시 달성군 유가읍 쌍계리 633",
            "도로명주소":"대구시 달성군 테크노순환로 423",
            "세대수":80,
            "입주년차":80,
            "용적률점수":"--",
            "건폐율점수":"--",
            "세대당주차수":60,
            "난방방식":30,
            "공급면적":"--",
            "전용률":"--",
            "욕실수":100,
            "현관타입":100,
            "주거총점":76.0,
            "지역구공급총점":0.0,
            "역세권":0,
            "30분내 이동가능 거점":0,
            "1시간내 이동가능 거점":10,
            "교통총점":2.0,
            "백화점":0,
            "아울렛몰":0,
            "대형마트":0,
            "은행":0,
            "병원":0,
            "종합병원":0,
            "공원":100,
            "혐오시설":0,
            "인프라총점":3.0,
            "초등학군":90.0,
            "중학군":50.36,
            "학군총점":58.288,
            "인구수":28.12,
            "인구증감":6.56,
            "인구총점":21.652,
            "일자리":15.1,
            "소득수준":62.39,
            "일자리총점":29.287,
            "가치 총점":37.6864,
            "매매실거래년":20220213.0,
            "매매실거래가":51000.0,
            "전세실거래년":20220205.0,
            "전세실거래가":28350.0,
            "전세가율":67.5,
            "장기전세가율평균":74.27,
            "전세가율거품지수":6.77,
            "검색코드":113523,
            "세대수":710.0,
            "준공년월":"2018-03-16",
            "준공년차":5.0,
            "가까운역이름":"설화명곡",
            "가까운역거리":11217.37,
            "역세권여부":"비역세권",
            "30분이내주요거점역":0,
            "30분거점역이름":"[]",
            "1시간이내주요거점역":1,
            "1시간거점역이름":"['상인']",
            "3km이내백화점수":0,
            "5km이내아울렛몰수":0,
            "1km이내대형먀트수":0,
            "500m이내은행수":0,
            "500m이내병원수":0,
            "5km이내대형병원수":0,
            "500m이내공원수":4,
            "3km이내혐오시설수":0,
            "초등학교학업성취도":90.0,
            "중학교학업성취도":83.0,
            "용적률":188,
            "건폐율":18,
            "Y":35.699457,
            "X":128.467178,
            "rank":59.0,
            "area_info":"39평(129.19), 39평(129.19), 43평(144.69), 43평(144.69), 49평(164.35)",
            "last_sales":"2022-02-13,51000.0,43평(144.69)",
            "rank_history":[
                [
                    "202203",
                    59
                ],
                [
                    "202202",
                    55
                ],
                [
                    "202201",
                    50
                ]
            ],
            "rank_gap":-4
        },
        {
            "index":275,
            "아파트명":"옥포대성베르힐4단지",
            "투자타입":"일반",
            "전용면적(m2)":"111.35",
            "전용면적(평)":"33평",
            "법정동주소":"대구시 달성군 옥포읍 교항리 2964",
            "도로명주소":"대구시 달성군 돌미로 70",
            "세대수":90,
            "입주년차":80,
            "용적률점수":"--",
            "건폐율점수":"--",
            "세대당주차수":30,
            "난방방식":30,
            "공급면적":"--",
            "전용률":"--",
            "욕실수":100,
            "현관타입":100,
            "주거총점":75.0,
            "지역구공급총점":0.0,
            "역세권":0,
            "30분내 이동가능 거점":0,
            "1시간내 이동가능 거점":10,
            "교통총점":2.0,
            "백화점":0,
            "아울렛몰":0,
            "대형마트":0,
            "은행":0,
            "병원":0,
            "종합병원":0,
            "공원":0,
            "혐오시설":0,
            "인프라총점":0.0,
            "초등학군":90.0,
            "중학군":54.96,
            "학군총점":61.968,
            "인구수":28.12,
            "인구증감":6.56,
            "인구총점":21.652,
            "일자리":15.1,
            "소득수준":62.39,
            "일자리총점":29.287,
            "가치 총점":37.6404,
            "매매실거래년":20220114.0,
            "매매실거래가":37500.0,
            "전세실거래년":20220127.0,
            "전세실거래가":28000.0,
            "전세가율":74.67,
            "장기전세가율평균":74.27,
            "전세가율거품지수":-0.4,
            "검색코드":108786,
            "세대수":1067.0,
            "준공년월":"2016-10-25",
            "준공년차":7.0,
            "가까운역이름":"설화명곡",
            "가까운역거리":4667.92,
            "역세권여부":"비역세권",
            "30분이내주요거점역":0,
            "30분거점역이름":"[]",
            "1시간이내주요거점역":1,
            "1시간거점역이름":"['상인']",
            "3km이내백화점수":0,
            "5km이내아울렛몰수":0,
            "1km이내대형먀트수":0,
            "500m이내은행수":0,
            "500m이내병원수":0,
            "5km이내대형병원수":0,
            "500m이내공원수":0,
            "3km이내혐오시설수":0,
            "초등학교학업성취도":90.0,
            "중학교학업성취도":88.0,
            "용적률":199,
            "건폐율":20,
            "Y":35.780067,
            "X":128.442998,
            "rank":60.0,
            "area_info":"33평(111.35), 34평(112.59), 34평(114.22)",
            "last_sales":"2022-01-14,37500.0,33평(111.35)",
            "rank_history":[
                [
                    "202203",
                    60
                ],
                [
                    "202202",
                    62
                ],
                [
                    "202201",
                    46
                ]
            ],
            "rank_gap":2
        },
        {
            "index":267,
            "아파트명":"미진이지비아",
            "투자타입":"일반",
            "전용면적(m2)":"84.32",
            "전용면적(평)":"25평",
            "법정동주소":"대구시 달성군 옥포읍 본리리 2590",
            "도로명주소":"대구시 달성군 비슬로447길 56",
            "세대수":90,
            "입주년차":80,
            "용적률점수":"--",
            "건폐율점수":"--",
            "세대당주차수":30,
            "난방방식":30,
            "공급면적":"--",
            "전용률":"--",
            "욕실수":100,
            "현관타입":100,
            "주거총점":75.0,
            "지역구공급총점":0.0,
            "역세권":0,
            "30분내 이동가능 거점":0,
            "1시간내 이동가능 거점":10,
            "교통총점":2.0,
            "백화점":0,
            "아울렛몰":0,
            "대형마트":0,
            "은행":0,
            "병원":0,
            "종합병원":0,
            "공원":0,
            "혐오시설":0,
            "인프라총점":0.0,
            "초등학군":89.97,
            "중학군":54.96,
            "학군총점":61.962,
            "인구수":28.12,
            "인구증감":6.56,
            "인구총점":21.652,
            "일자리":15.1,
            "소득수준":62.39,
            "일자리총점":29.287,
            "가치 총점":37.6386,
            "매매실거래년":20220205.0,
            "매매실거래가":27800.0,
            "전세실거래년":20220202.0,
            "전세실거래가":14000.0,
            "전세가율":62.22,
            "장기전세가율평균":74.27,
            "전세가율거품지수":12.05,
            "검색코드":108345,
            "세대수":1278.0,
            "준공년월":"2017-03-08",
            "준공년차":6.0,
            "가까운역이름":"설화명곡",
            "가까운역거리":2069.74,
            "역세권여부":"비역세권",
            "30분이내주요거점역":0,
            "30분거점역이름":"[]",
            "1시간이내주요거점역":1,
            "1시간거점역이름":"['상인']",
            "3km이내백화점수":0,
            "5km이내아울렛몰수":0,
            "1km이내대형먀트수":0,
            "500m이내은행수":0,
            "500m이내병원수":0,
            "5km이내대형병원수":0,
            "500m이내공원수":0,
            "3km이내혐오시설수":0,
            "초등학교학업성취도":89.97,
            "중학교학업성취도":88.0,
            "용적률":293,
            "건폐율":15,
            "Y":35.795913,
            "X":128.466675,
            "rank":61.0,
            "area_info":"25평(84.32), 25평(85.09), 25평(85.14), 29평(98.97), 33평(110.48)",
            "last_sales":"2022-02-05,27800.0,29평(98.97)",
            "rank_history":[
                [
                    "202203",
                    61
                ],
                [
                    "202202",
                    56
                ],
                [
                    "202201",
                    59
                ]
            ],
            "rank_gap":-5
        },
        {
            "index":209,
            "아파트명":"와룡건영캐스빌",
            "투자타입":"일반",
            "전용면적(m2)":"80.17",
            "전용면적(평)":"24평",
            "법정동주소":"대구시 달성군 다사읍 서재리 1068-5",
            "도로명주소":"대구시 달성군 서재로12길 41-16",
            "세대수":50,
            "입주년차":40,
            "용적률점수":"--",
            "건폐율점수":"--",
            "세대당주차수":30,
            "난방방식":30,
            "공급면적":"--",
            "전용률":"--",
            "욕실수":100,
            "현관타입":100,
            "주거총점":53.0,
            "지역구공급총점":0.0,
            "역세권":0,
            "30분내 이동가능 거점":0,
            "1시간내 이동가능 거점":30,
            "교통총점":6.0,
            "백화점":0,
            "아울렛몰":0,
            "대형마트":0,
            "은행":0,
            "병원":0,
            "종합병원":100,
            "공원":0,
            "혐오시설":0,
            "인프라총점":20.0,
            "초등학군":90.0,
            "중학군":49.62,
            "학군총점":57.696,
            "인구수":28.12,
            "인구증감":6.56,
            "인구총점":21.652,
            "일자리":15.1,
            "소득수준":62.39,
            "일자리총점":29.287,
            "가치 총점":37.4588,
            "매매실거래년":20211212.0,
            "매매실거래가":26000.0,
            "전세실거래년":20220219.0,
            "전세실거래가":18000.0,
            "전세가율":84.11,
            "장기전세가율평균":74.27,
            "전세가율거품지수":-9.84,
            "검색코드":14850,
            "세대수":415.0,
            "준공년월":"2005-09-23",
            "준공년차":18.0,
            "가까운역이름":"계명대",
            "가까운역거리":1697.22,
            "역세권여부":"비역세권",
            "30분이내주요거점역":0,
            "30분거점역이름":"[]",
            "1시간이내주요거점역":3,
            "1시간거점역이름":"['반월당', '상인', '수성구청']",
            "3km이내백화점수":0,
            "5km이내아울렛몰수":0,
            "1km이내대형먀트수":0,
            "500m이내은행수":0,
            "500m이내병원수":0,
            "5km이내대형병원수":4,
            "500m이내공원수":0,
            "3km이내혐오시설수":0,
            "초등학교학업성취도":90.0,
            "중학교학업성취도":81.7,
            "용적률":194,
            "건폐율":20,
            "Y":35.866714,
            "X":128.493621,
            "rank":62.0,
            "area_info":"24평(80.17), 33평(111.15)",
            "last_sales":"2021-12-12,26000.0,33평(111.15)",
            "rank_history":[
                [
                    "202203",
                    62
                ],
                [
                    "202202",
                    61
                ],
                [
                    "202201",
                    58
                ]
            ],
            "rank_gap":-1
        },
        {
            "index":168,
            "아파트명":"서재보성타운1차",
            "투자타입":"일반",
            "전용면적(m2)":"76.97",
            "전용면적(평)":"23평",
            "법정동주소":"대구시 달성군 다사읍 서재리 145",
            "도로명주소":"대구시 달성군 서재로30길 17",
            "세대수":80,
            "입주년차":0,
            "용적률점수":"--",
            "건폐율점수":"--",
            "세대당주차수":0,
            "난방방식":100,
            "공급면적":"--",
            "전용률":"--",
            "욕실수":50,
            "현관타입":100,
            "주거총점":53.0,
            "지역구공급총점":0.0,
            "역세권":0,
            "30분내 이동가능 거점":0,
            "1시간내 이동가능 거점":30,
            "교통총점":6.0,
            "백화점":0,
            "아울렛몰":0,
            "대형마트":0,
            "은행":0,
            "병원":0,
            "종합병원":100,
            "공원":0,
            "혐오시설":0,
            "인프라총점":20.0,
            "초등학군":90.0,
            "중학군":49.62,
            "학군총점":57.696,
            "인구수":28.12,
            "인구증감":6.56,
            "인구총점":21.652,
            "일자리":15.1,
            "소득수준":62.39,
            "일자리총점":29.287,
            "가치 총점":37.4588,
            "매매실거래년":20220219.0,
            "매매실거래가":15350.0,
            "전세실거래년":20220209.0,
            "전세실거래가":22500.0,
            "전세가율":146.58,
            "장기전세가율평균":74.27,
            "전세가율거품지수":-72.31,
            "검색코드":6598,
            "세대수":740.0,
            "준공년월":"1997-04-19",
            "준공년차":26.0,
            "가까운역이름":"성서산업단지",
            "가까운역거리":2882.32,
            "역세권여부":"비역세권",
            "30분이내주요거점역":0,
            "30분거점역이름":"[]",
            "1시간이내주요거점역":3,
            "1시간거점역이름":"['반월당', '상인', '수성구청']",
            "3km이내백화점수":0,
            "5km이내아울렛몰수":0,
            "1km이내대형먀트수":0,
            "500m이내은행수":0,
            "500m이내병원수":0,
            "5km이내대형병원수":4,
            "500m이내공원수":0,
            "3km이내혐오시설수":0,
            "초등학교학업성취도":90.0,
            "중학교학업성취도":81.7,
            "용적률":0,
            "건폐율":0,
            "Y":35.876964,
            "X":128.499764,
            "rank":62.0,
            "area_info":"23평(76.97), 30평(101.34), 46평(152.76)",
            "last_sales":"2022-02-19,15350.0,23평(76.97)",
            "rank_history":[
                [
                    "202203",
                    62
                ],
                [
                    "202202",
                    64
                ],
                [
                    "202201",
                    57
                ]
            ],
            "rank_gap":2
        },
        {
            "index":328,
            "아파트명":"하나리움퀸즈파크",
            "투자타입":"일반",
            "전용면적(m2)":"83.27",
            "전용면적(평)":"25평",
            "법정동주소":"대구시 달성군 유가읍 봉리 601",
            "도로명주소":"대구시 달성군 테크노북로 164",
            "세대수":90,
            "입주년차":80,
            "용적률점수":"--",
            "건폐율점수":"--",
            "세대당주차수":30,
            "난방방식":30,
            "공급면적":"--",
            "전용률":"--",
            "욕실수":100,
            "현관타입":100,
            "주거총점":75.0,
            "지역구공급총점":0.0,
            "역세권":0,
            "30분내 이동가능 거점":0,
            "1시간내 이동가능 거점":10,
            "교통총점":2.0,
            "백화점":0,
            "아울렛몰":0,
            "대형마트":0,
            "은행":0,
            "병원":0,
            "종합병원":0,
            "공원":100,
            "혐오시설":0,
            "인프라총점":3.0,
            "초등학군":89.99,
            "중학군":50.36,
            "학군총점":58.286,
            "인구수":28.12,
            "인구증감":6.56,
            "인구총점":21.652,
            "일자리":15.1,
            "소득수준":62.39,
            "일자리총점":29.287,
            "가치 총점":37.4358,
            "매매실거래년":20211119.0,
            "매매실거래가":24000.0,
            "전세실거래년":20211219.0,
            "전세실거래가":11000.0,
            "전세가율":45.83,
            "장기전세가율평균":74.27,
            "전세가율거품지수":28.44,
            "검색코드":130124,
            "세대수":908.0,
            "준공년월":"2015-04-07",
            "준공년차":8.0,
            "가까운역이름":"설화명곡",
            "가까운역거리":11663.9,
            "역세권여부":"비역세권",
            "30분이내주요거점역":0,
            "30분거점역이름":"[]",
            "1시간이내주요거점역":1,
            "1시간거점역이름":"['상인']",
            "3km이내백화점수":0,
            "5km이내아울렛몰수":0,
            "1km이내대형먀트수":0,
            "500m이내은행수":1,
            "500m이내병원수":0,
            "5km이내대형병원수":0,
            "500m이내공원수":5,
            "3km이내혐오시설수":0,
            "초등학교학업성취도":89.99,
            "중학교학업성취도":83.0,
            "용적률":209,
            "건폐율":14,
            "Y":35.6962,
            "X":128.461996,
            "rank":63.0,
            "area_info":"25평(83.27), 25평(84.87), 25평(84.32), 25평(84.62)",
            "last_sales":"2021-11-19,24000.0,25평(83.27)",
            "rank_history":[
                [
                    "202203",
                    63
                ],
                [
                    "202202",
                    57
                ],
                [
                    "202201",
                    38
                ]
            ],
            "rank_gap":-6
        },
        {
            "index":332,
            "아파트명":"호반베르디움더클래스",
            "투자타입":"일반",
            "전용면적(m2)":"125.65",
            "전용면적(평)":"38평",
            "법정동주소":"대구시 달성군 유가읍 봉리 659",
            "도로명주소":"대구시 달성군 테크노대로5길 80",
            "세대수":80,
            "입주년차":80,
            "용적률점수":"--",
            "건폐율점수":"--",
            "세대당주차수":60,
            "난방방식":30,
            "공급면적":"--",
            "전용률":"--",
            "욕실수":100,
            "현관타입":100,
            "주거총점":76.0,
            "지역구공급총점":0.0,
            "역세권":0,
            "30분내 이동가능 거점":0,
            "1시간내 이동가능 거점":0,
            "교통총점":0.0,
            "백화점":0,
            "아울렛몰":0,
            "대형마트":0,
            "은행":0,
            "병원":0,
            "종합병원":0,
            "공원":100,
            "혐오시설":0,
            "인프라총점":3.0,
            "초등학군":90.0,
            "중학군":50.36,
            "학군총점":58.288,
            "인구수":28.12,
            "인구증감":6.56,
            "인구총점":21.652,
            "일자리":15.1,
            "소득수준":62.39,
            "일자리총점":29.287,
            "가치 총점":37.3864,
            "매매실거래년":20220115.0,
            "매매실거래가":39700.0,
            "전세실거래년":20220224.0,
            "전세실거래가":28000.0,
            "전세가율":70.53,
            "장기전세가율평균":74.27,
            "전세가율거품지수":3.74,
            "검색코드":108693,
            "세대수":887.0,
            "준공년월":"2016-08-01",
            "준공년차":7.0,
            "가까운역이름":"설화명곡",
            "가까운역거리":11510.22,
            "역세권여부":"비역세권",
            "30분이내주요거점역":0,
            "30분거점역이름":"[]",
            "1시간이내주요거점역":0,
            "1시간거점역이름":"[]",
            "3km이내백화점수":0,
            "5km이내아울렛몰수":0,
            "1km이내대형먀트수":0,
            "500m이내은행수":1,
            "500m이내병원수":0,
            "5km이내대형병원수":0,
            "500m이내공원수":3,
            "3km이내혐오시설수":0,
            "초등학교학업성취도":90.0,
            "중학교학업성취도":83.0,
            "용적률":184,
            "건폐율":16,
            "Y":35.696647,
            "X":128.468138,
            "rank":64.0,
            "area_info":"38평(125.65), 38평(128.68), 42평(141.89)",
            "last_sales":"2022-01-15,39700.0,38평(125.65)",
            "rank_history":[
                [
                    "202203",
                    64
                ],
                [
                    "202202",
                    55
                ],
                [
                    "202201",
                    48
                ]
            ],
            "rank_gap":-9
        },
        {
            "index":430,
            "아파트명":"천내보성타운",
            "투자타입":"재건축",
            "전용면적(m2)":"110.67",
            "전용면적(평)":"33평",
            "법정동주소":"대구시 달성군 화원읍 천내리 117",
            "도로명주소":"대구시 달성군 화원로 37",
            "세대수":0,
            "입주년차":"--",
            "용적률점수":0,
            "건폐율점수":0,
            "세대당주차수":"--",
            "난방방식":"--",
            "공급면적":90,
            "전용률":60,
            "욕실수":"--",
            "현관타입":"--",
            "주거총점":7.5,
            "지역구공급총점":0.0,
            "역세권":80,
            "30분내 이동가능 거점":20,
            "1시간내 이동가능 거점":40,
            "교통총점":54.0,
            "백화점":0,
            "아울렛몰":0,
            "대형마트":80,
            "은행":20,
            "병원":0,
            "종합병원":100,
            "공원":100,
            "혐오시설":0,
            "인프라총점":37.0,
            "초등학군":90.02,
            "중학군":45.3,
            "학군총점":54.244,
            "인구수":28.12,
            "인구증감":6.56,
            "인구총점":21.652,
            "일자리":15.1,
            "소득수준":62.39,
            "일자리총점":29.287,
            "가치 총점":37.3482,
            "매매실거래년":"18000101",
            "매매실거래가":null,
            "전세실거래년":null,
            "전세실거래가":null,
            "전세가율":null,
            "장기전세가율평균":74.27,
            "전세가율거품지수":null,
            "검색코드":13319,
            "세대수":107.0,
            "준공년월":"1991-03-04",
            "준공년차":32.0,
            "가까운역이름":"화원",
            "가까운역거리":436.52,
            "역세권여부":"역세권",
            "30분이내주요거점역":1,
            "30분거점역이름":"['상인']",
            "1시간이내주요거점역":4,
            "1시간거점역이름":"['동대구', '반월당', '상인', '수성구청']",
            "3km이내백화점수":0,
            "5km이내아울렛몰수":0,
            "1km이내대형먀트수":1,
            "500m이내은행수":2,
            "500m이내병원수":0,
            "5km이내대형병원수":2,
            "500m이내공원수":2,
            "3km이내혐오시설수":0,
            "초등학교학업성취도":90.02,
            "중학교학업성취도":75.5,
            "용적률":0,
            "건폐율":0,
            "Y":35.807776,
            "X":128.498113,
            "rank":65.0,
            "area_info":"33평(110.67)",
            "last_sales":"1800-01-01,nan,33평(110.67)",
            "rank_history":[
                [
                    "202203",
                    65
                ],
                [
                    "202202",
                    74
                ],
                [
                    "202201",
                    88
                ]
            ],
            "rank_gap":9
        },
        {
            "index":11,
            "아파트명":"달성화성파크드림",
            "투자타입":"일반",
            "전용면적(m2)":"60.12",
            "전용면적(평)":"18평",
            "법정동주소":"대구시 달성군 구지면 응암리 1178",
            "도로명주소":"대구시 달성군 과학마을로2길 6",
            "세대수":90,
            "입주년차":60,
            "용적률점수":"--",
            "건폐율점수":"--",
            "세대당주차수":60,
            "난방방식":30,
            "공급면적":"--",
            "전용률":"--",
            "욕실수":50,
            "현관타입":10,
            "주거총점":61.5,
            "지역구공급총점":0.0,
            "역세권":0,
            "30분내 이동가능 거점":0,
            "1시간내 이동가능 거점":0,
            "교통총점":0.0,
            "백화점":0,
            "아울렛몰":0,
            "대형마트":80,
            "은행":0,
            "병원":0,
            "종합병원":0,
            "공원":100,
            "혐오시설":0,
            "인프라총점":15.0,
            "초등학군":90.01,
            "중학군":49.76,
            "학군총점":57.81,
            "인구수":28.12,
            "인구증감":6.56,
            "인구총점":21.652,
            "일자리":15.1,
            "소득수준":62.39,
            "일자리총점":29.287,
            "가치 총점":37.218,
            "매매실거래년":20220207.0,
            "매매실거래가":11500.0,
            "전세실거래년":20220215.0,
            "전세실거래가":10000.0,
            "전세가율":86.96,
            "장기전세가율평균":74.27,
            "전세가율거품지수":-12.69,
            "검색코드":112023,
            "세대수":1228.0,
            "준공년월":"2011-02-01",
            "준공년차":12.0,
            "가까운역이름":"설화명곡",
            "가까운역거리":17372.25,
            "역세권여부":"비역세권",
            "30분이내주요거점역":0,
            "30분거점역이름":"[]",
            "1시간이내주요거점역":0,
            "1시간거점역이름":"[]",
            "3km이내백화점수":0,
            "5km이내아울렛몰수":0,
            "1km이내대형먀트수":1,
            "500m이내은행수":0,
            "500m이내병원수":0,
            "5km이내대형병원수":0,
            "500m이내공원수":3,
            "3km이내혐오시설수":0,
            "초등학교학업성취도":90.01,
            "중학교학업성취도":80.6,
            "용적률":198,
            "건폐율":17,
            "Y":35.654674,
            "X":128.41484,
            "rank":66.0,
            "area_info":"18평(60.12), 18평(61.3), 25평(83.8), 25평(84.73), 25평(85.49), 33평(109.12), 34평(112.61), 34평(113.13)",
            "last_sales":"2022-02-07,11500.0,18평(60.12)",
            "rank_history":[
                [
                    "202203",
                    66
                ],
                [
                    "202202",
                    59
                ],
                [
                    "202201",
                    73
                ]
            ],
            "rank_gap":-7
        },
        {
            "index":397,
            "아파트명":"동서동산",
            "투자타입":"재건축",
            "전용면적(m2)":"87.31",
            "전용면적(평)":"26평",
            "법정동주소":"대구시 달성군 화원읍 천내리 42-1",
            "도로명주소":"대구시 달성군 비슬로525길 21",
            "세대수":0,
            "입주년차":"--",
            "용적률점수":0,
            "건폐율점수":0,
            "세대당주차수":"--",
            "난방방식":"--",
            "공급면적":70,
            "전용률":80,
            "욕실수":"--",
            "현관타입":"--",
            "주거총점":7.5,
            "지역구공급총점":0.0,
            "역세권":80,
            "30분내 이동가능 거점":20,
            "1시간내 이동가능 거점":40,
            "교통총점":54.0,
            "백화점":0,
            "아울렛몰":0,
            "대형마트":80,
            "은행":20,
            "병원":0,
            "종합병원":100,
            "공원":80,
            "혐오시설":0,
            "인프라총점":36.4,
            "초등학군":90.02,
            "중학군":45.3,
            "학군총점":54.244,
            "인구수":28.12,
            "인구증감":6.56,
            "인구총점":21.652,
            "일자리":15.1,
            "소득수준":62.39,
            "일자리총점":29.287,
            "가치 총점":37.1682,
            "매매실거래년":20220215.0,
            "매매실거래가":25000.0,
            "전세실거래년":20210910.0,
            "전세실거래가":20000.0,
            "전세가율":80.0,
            "장기전세가율평균":74.27,
            "전세가율거품지수":-5.73,
            "검색코드":6612,
            "세대수":260.0,
            "준공년월":"1989-12-20",
            "준공년차":34.0,
            "가까운역이름":"화원",
            "가까운역거리":298.0,
            "역세권여부":"역세권",
            "30분이내주요거점역":1,
            "30분거점역이름":"['상인']",
            "1시간이내주요거점역":4,
            "1시간거점역이름":"['동대구', '반월당', '상인', '수성구청']",
            "3km이내백화점수":0,
            "5km이내아울렛몰수":0,
            "1km이내대형먀트수":1,
            "500m이내은행수":2,
            "500m이내병원수":0,
            "5km이내대형병원수":2,
            "500m이내공원수":1,
            "3km이내혐오시설수":0,
            "초등학교학업성취도":90.02,
            "중학교학업성취도":75.5,
            "용적률":0,
            "건폐율":0,
            "Y":35.80698,
            "X":128.50189,
            "rank":67.0,
            "area_info":"26평(87.31), 31평(104.11)",
            "last_sales":"2022-02-15,25000.0,26평(87.31)",
            "rank_history":[
                [
                    "202203",
                    67
                ],
                [
                    "202202",
                    76
                ],
                [
                    "202201",
                    89
                ]
            ],
            "rank_gap":9
        },
        {
            "index":242,
            "아파트명":"현대썬앤빌대구",
            "투자타입":"일반",
            "전용면적(m2)":"89.25",
            "전용면적(평)":"26평",
            "법정동주소":"대구시 달성군 다사읍 세천리 1587",
            "도로명주소":"대구시 달성군 세천로 182-10",
            "세대수":0,
            "입주년차":80,
            "용적률점수":"--",
            "건폐율점수":"--",
            "세대당주차수":30,
            "난방방식":100,
            "공급면적":"--",
            "전용률":"--",
            "욕실수":100,
            "현관타입":100,
            "주거총점":50.5,
            "지역구공급총점":0.0,
            "역세권":0,
            "30분내 이동가능 거점":0,
            "1시간내 이동가능 거점":20,
            "교통총점":4.0,
            "백화점":0,
            "아울렛몰":0,
            "대형마트":0,
            "은행":0,
            "병원":0,
            "종합병원":80,
            "공원":100,
            "혐오시설":-50,
            "인프라총점":18.0,
            "초등학군":89.98,
            "중학군":53.9,
            "학군총점":61.116,
            "인구수":28.12,
            "인구증감":6.56,
            "인구총점":21.652,
            "일자리":15.1,
            "소득수준":62.39,
            "일자리총점":29.287,
            "가치 총점":36.9598,
            "매매실거래년":20220121.0,
            "매매실거래가":30000.0,
            "전세실거래년":20220107.0,
            "전세실거래가":20000.0,
            "전세가율":69.69,
            "장기전세가율평균":74.27,
            "전세가율거품지수":4.58,
            "검색코드":109413,
            "세대수":283.0,
            "준공년월":"2017-02-22",
            "준공년차":6.0,
            "가까운역이름":"다사",
            "가까운역거리":2198.04,
            "역세권여부":"비역세권",
            "30분이내주요거점역":0,
            "30분거점역이름":"[]",
            "1시간이내주요거점역":2,
            "1시간거점역이름":"['반월당', '수성구청']",
            "3km이내백화점수":0,
            "5km이내아울렛몰수":0,
            "1km이내대형먀트수":0,
            "500m이내은행수":1,
            "500m이내병원수":0,
            "5km이내대형병원수":1,
            "500m이내공원수":2,
            "3km이내혐오시설수":1,
            "초등학교학업성취도":89.98,
            "중학교학업성취도":89.1,
            "용적률":246,
            "건폐율":20,
            "Y":35.873499,
            "X":128.480311,
            "rank":68.0,
            "area_info":"26평(89.25), 33평(109.25), 33평(109.17), 33평(110.04), 33평(111.93), 33평(112.01)",
            "last_sales":"2022-01-21,30000.0,33평(109.25)",
            "rank_history":[
                [
                    "202203",
                    68
                ],
                [
                    "202202",
                    63
                ],
                [
                    "202201",
                    62
                ]
            ],
            "rank_gap":-5
        },
        {
            "index":450,
            "아파트명":"화원대백",
            "투자타입":"일반",
            "전용면적(m2)":"85.17",
            "전용면적(평)":"25평",
            "법정동주소":"대구시 달성군 화원읍 성산리 505",
            "도로명주소":"대구시 달성군 성화로6길 5",
            "세대수":0,
            "입주년차":0,
            "용적률점수":"--",
            "건폐율점수":"--",
            "세대당주차수":0,
            "난방방식":30,
            "공급면적":"--",
            "전용률":"--",
            "욕실수":50,
            "현관타입":10,
            "주거총점":9.0,
            "지역구공급총점":0.0,
            "역세권":80,
            "30분내 이동가능 거점":20,
            "1시간내 이동가능 거점":40,
            "교통총점":54.0,
            "백화점":0,
            "아울렛몰":0,
            "대형마트":100,
            "은행":0,
            "병원":0,
            "종합병원":80,
            "공원":0,
            "혐오시설":0,
            "인프라총점":31.0,
            "초등학군":89.98,
            "중학군":49.48,
            "학군총점":57.58,
            "인구수":28.12,
            "인구증감":6.56,
            "인구총점":21.652,
            "일자리":15.1,
            "소득수준":62.39,
            "일자리총점":29.287,
            "가치 총점":36.924,
            "매매실거래년":20211216.0,
            "매매실거래가":22900.0,
            "전세실거래년":20211018.0,
            "전세실거래가":14000.0,
            "전세가율":70.0,
            "장기전세가율평균":74.27,
            "전세가율거품지수":4.27,
            "검색코드":6610,
            "세대수":270.0,
            "준공년월":"1993-01-19",
            "준공년차":30.0,
            "가까운역이름":"설화명곡",
            "가까운역거리":346.2,
            "역세권여부":"역세권",
            "30분이내주요거점역":1,
            "30분거점역이름":"['상인']",
            "1시간이내주요거점역":4,
            "1시간거점역이름":"['동대구', '반월당', '상인', '수성구청']",
            "3km이내백화점수":0,
            "5km이내아울렛몰수":0,
            "1km이내대형먀트수":2,
            "500m이내은행수":0,
            "500m이내병원수":0,
            "5km이내대형병원수":1,
            "500m이내공원수":0,
            "3km이내혐오시설수":0,
            "초등학교학업성취도":89.98,
            "중학교학업성취도":82.2,
            "용적률":0,
            "건폐율":0,
            "Y":35.801826,
            "X":128.489579,
            "rank":69.0,
            "area_info":"25평(85.17), 33평(109.74)",
            "last_sales":"2021-12-16,22900.0,33평(109.74)",
            "rank_history":[
                [
                    "202203",
                    69
                ],
                [
                    "202202",
                    80
                ],
                [
                    "202201",
                    97
                ]
            ],
            "rank_gap":11
        },
        {
            "index":441,
            "아파트명":"평광2차",
            "투자타입":"재건축",
            "전용면적(m2)":"72.99",
            "전용면적(평)":"22평",
            "법정동주소":"대구시 달성군 화원읍 천내리 122-1",
            "도로명주소":"대구시 달성군 비슬로525길 37",
            "세대수":0,
            "입주년차":"--",
            "용적률점수":0,
            "건폐율점수":0,
            "세대당주차수":"--",
            "난방방식":"--",
            "공급면적":50,
            "전용률":80,
            "욕실수":"--",
            "현관타입":"--",
            "주거총점":6.5,
            "지역구공급총점":0.0,
            "역세권":80,
            "30분내 이동가능 거점":20,
            "1시간내 이동가능 거점":40,
            "교통총점":54.0,
            "백화점":0,
            "아울렛몰":0,
            "대형마트":80,
            "은행":20,
            "병원":0,
            "종합병원":100,
            "공원":80,
            "혐오시설":0,
            "인프라총점":36.4,
            "초등학군":90.02,
            "중학군":45.3,
            "학군총점":54.244,
            "인구수":28.12,
            "인구증감":6.56,
            "인구총점":21.652,
            "일자리":15.1,
            "소득수준":62.39,
            "일자리총점":29.287,
            "가치 총점":36.9182,
            "매매실거래년":20210225.0,
            "매매실거래가":30600.0,
            "전세실거래년":20211123.0,
            "전세실거래가":17000.0,
            "전세가율":55.56,
            "장기전세가율평균":74.27,
            "전세가율거품지수":18.71,
            "검색코드":10046,
            "세대수":188.0,
            "준공년월":"1992-05-21",
            "준공년차":31.0,
            "가까운역이름":"화원",
            "가까운역거리":384.51,
            "역세권여부":"역세권",
            "30분이내주요거점역":1,
            "30분거점역이름":"['상인']",
            "1시간이내주요거점역":4,
            "1시간거점역이름":"['동대구', '반월당', '상인', '수성구청']",
            "3km이내백화점수":0,
            "5km이내아울렛몰수":0,
            "1km이내대형먀트수":1,
            "500m이내은행수":2,
            "500m이내병원수":0,
            "5km이내대형병원수":2,
            "500m이내공원수":1,
            "3km이내혐오시설수":0,
            "초등학교학업성취도":90.02,
            "중학교학업성취도":75.5,
            "용적률":0,
            "건폐율":0,
            "Y":35.80789,
            "X":128.50137,
            "rank":70.0,
            "area_info":"22평(72.99), 24평(80.24), 30평(100.83)",
            "last_sales":"2021-02-25,30600.0,22평(72.99)",
            "rank_history":[
                [
                    "202203",
                    70
                ],
                [
                    "202202",
                    79
                ],
                [
                    "202201",
                    91
                ]
            ],
            "rank_gap":9
        },
        {
            "index":444,
            "아파트명":"평광현대1차",
            "투자타입":"재건축",
            "전용면적(m2)":"63.04",
            "전용면적(평)":"19평",
            "법정동주소":"대구시 달성군 화원읍 천내리 54",
            "도로명주소":"대구시 달성군 비슬로 2631",
            "세대수":0,
            "입주년차":"--",
            "용적률점수":0,
            "건폐율점수":0,
            "세대당주차수":"--",
            "난방방식":"--",
            "공급면적":50,
            "전용률":80,
            "욕실수":"--",
            "현관타입":"--",
            "주거총점":6.5,
            "지역구공급총점":0.0,
            "역세권":80,
            "30분내 이동가능 거점":20,
            "1시간내 이동가능 거점":40,
            "교통총점":54.0,
            "백화점":0,
            "아울렛몰":0,
            "대형마트":80,
            "은행":20,
            "병원":0,
            "종합병원":100,
            "공원":80,
            "혐오시설":0,
            "인프라총점":36.4,
            "초등학군":90.02,
            "중학군":45.3,
            "학군총점":54.244,
            "인구수":28.12,
            "인구증감":6.56,
            "인구총점":21.652,
            "일자리":15.1,
            "소득수준":62.39,
            "일자리총점":29.287,
            "가치 총점":36.9182,
            "매매실거래년":"18000101",
            "매매실거래가":null,
            "전세실거래년":null,
            "전세실거래가":null,
            "전세가율":null,
            "장기전세가율평균":74.27,
            "전세가율거품지수":null,
            "검색코드":13709,
            "세대수":99.0,
            "준공년월":"1990-05-22",
            "준공년차":33.0,
            "가까운역이름":"화원",
            "가까운역거리":397.18,
            "역세권여부":"역세권",
            "30분이내주요거점역":1,
            "30분거점역이름":"['상인']",
            "1시간이내주요거점역":4,
            "1시간거점역이름":"['동대구', '반월당', '상인', '수성구청']",
            "3km이내백화점수":0,
            "5km이내아울렛몰수":0,
            "1km이내대형먀트수":1,
            "500m이내은행수":2,
            "500m이내병원수":0,
            "5km이내대형병원수":2,
            "500m이내공원수":1,
            "3km이내혐오시설수":0,
            "초등학교학업성취도":90.02,
            "중학교학업성취도":75.5,
            "용적률":0,
            "건폐율":0,
            "Y":35.806072,
            "X":128.504664,
            "rank":70.0,
            "area_info":"19평(63.04), 22평(72.98)",
            "last_sales":"1800-01-01,nan,19평(63.04)",
            "rank_history":[
                [
                    "202203",
                    70
                ],
                [
                    "202202",
                    9999
                ]
            ],
            "rank_gap":9999
        },
        {
            "index":66,
            "아파트명":"달성우신미가뷰",
            "투자타입":"일반",
            "전용면적(m2)":"88.19",
            "전용면적(평)":"26평",
            "법정동주소":"대구시 달성군 논공읍 금포리 금포지구 토지구획정리사업지구 50B 1L",
            "도로명주소":"대구시 달성군 금포로 75-20",
            "세대수":80,
            "입주년차":80,
            "용적률점수":"--",
            "건폐율점수":"--",
            "세대당주차수":30,
            "난방방식":30,
            "공급면적":"--",
            "전용률":"--",
            "욕실수":100,
            "현관타입":100,
            "주거총점":71.5,
            "지역구공급총점":0.0,
            "역세권":0,
            "30분내 이동가능 거점":0,
            "1시간내 이동가능 거점":10,
            "교통총점":2.0,
            "백화점":0,
            "아울렛몰":0,
            "대형마트":0,
            "은행":0,
            "병원":0,
            "종합병원":0,
            "공원":0,
            "혐오시설":0,
            "인프라총점":0.0,
            "초등학군":89.98,
            "중학군":54.96,
            "학군총점":61.964,
            "인구수":28.12,
            "인구증감":6.56,
            "인구총점":21.652,
            "일자리":15.1,
            "소득수준":62.39,
            "일자리총점":29.287,
            "가치 총점":36.7642,
            "매매실거래년":20220207.0,
            "매매실거래가":26000.0,
            "전세실거래년":20201202.0,
            "전세실거래가":15000.0,
            "전세가율":76.92,
            "장기전세가율평균":74.27,
            "전세가율거품지수":-2.65,
            "검색코드":111497,
            "세대수":701.0,
            "준공년월":"2018-11-01",
            "준공년차":5.0,
            "가까운역이름":"설화명곡",
            "가까운역거리":6301.57,
            "역세권여부":"비역세권",
            "30분이내주요거점역":0,
            "30분거점역이름":"[]",
            "1시간이내주요거점역":1,
            "1시간거점역이름":"['상인']",
            "3km이내백화점수":0,
            "5km이내아울렛몰수":0,
            "1km이내대형먀트수":0,
            "500m이내은행수":0,
            "500m이내병원수":0,
            "5km이내대형병원수":0,
            "500m이내공원수":0,
            "3km이내혐오시설수":0,
            "초등학교학업성취도":89.98,
            "중학교학업성취도":88.0,
            "용적률":0,
            "건폐율":0,
            "Y":35.769933,
            "X":128.429185,
            "rank":71.0,
            "area_info":"26평(88.19), 31평(103.85), 31평(104.78), 34평(113.56), 35평(117.77)",
            "last_sales":"2022-02-07,26000.0,35평(117.77)",
            "rank_history":[
                [
                    "202203",
                    71
                ],
                [
                    "202202",
                    70
                ],
                [
                    "202201",
                    66
                ]
            ],
            "rank_gap":-1
        },
        {
            "index":71,
            "아파트명":"평광",
            "투자타입":"재건축",
            "전용면적(m2)":"50.74",
            "전용면적(평)":"15평",
            "법정동주소":"대구시 달성군 논공읍 남리 573-2",
            "도로명주소":"대구시 달성군 남리길 7",
            "세대수":30,
            "입주년차":"--",
            "용적률점수":100,
            "건폐율점수":80,
            "세대당주차수":"--",
            "난방방식":"--",
            "공급면적":50,
            "전용률":100,
            "욕실수":"--",
            "현관타입":"--",
            "주거총점":72.5,
            "지역구공급총점":0.0,
            "역세권":0,
            "30분내 이동가능 거점":0,
            "1시간내 이동가능 거점":0,
            "교통총점":0.0,
            "백화점":0,
            "아울렛몰":0,
            "대형마트":0,
            "은행":0,
            "병원":0,
            "종합병원":0,
            "공원":0,
            "혐오시설":0,
            "인프라총점":0.0,
            "초등학군":90.01,
            "중학군":55.04,
            "학군총점":62.034,
            "인구수":28.12,
            "인구증감":6.56,
            "인구총점":21.652,
            "일자리":15.1,
            "소득수준":62.39,
            "일자리총점":29.287,
            "가치 총점":36.7352,
            "매매실거래년":20220128.0,
            "매매실거래가":7700.0,
            "전세실거래년":20220218.0,
            "전세실거래가":5300.0,
            "전세가율":101.92,
            "장기전세가율평균":74.27,
            "전세가율거품지수":-27.65,
            "검색코드":6591,
            "세대수":396.0,
            "준공년월":"1991-11-13",
            "준공년차":32.0,
            "가까운역이름":"설화명곡",
            "가까운역거리":8790.36,
            "역세권여부":"비역세권",
            "30분이내주요거점역":0,
            "30분거점역이름":"[]",
            "1시간이내주요거점역":0,
            "1시간거점역이름":"[]",
            "3km이내백화점수":0,
            "5km이내아울렛몰수":0,
            "1km이내대형먀트수":0,
            "500m이내은행수":1,
            "500m이내병원수":0,
            "5km이내대형병원수":0,
            "500m이내공원수":0,
            "3km이내혐오시설수":0,
            "초등학교학업성취도":90.01,
            "중학교학업성취도":88.2,
            "용적률":142,
            "건폐율":28,
            "Y":35.726632,
            "X":128.449369,
            "rank":72.0,
            "area_info":"15평(50.74), 18평(59.92)",
            "last_sales":"2022-01-28,7700.0,18평(59.92)",
            "rank_history":[
                [
                    "202203",
                    72
                ],
                [
                    "202202",
                    65
                ],
                [
                    "202201",
                    47
                ]
            ],
            "rank_gap":-7
        },
        {
            "index":106,
            "아파트명":"강창훼밀리",
            "투자타입":"일반",
            "전용면적(m2)":"76.59",
            "전용면적(평)":"23평",
            "법정동주소":"대구시 달성군 다사읍 죽곡리 산 56-1",
            "도로명주소":"대구시 달성군 달구벌대로 842-7",
            "세대수":0,
            "입주년차":0,
            "용적률점수":"--",
            "건폐율점수":"--",
            "세대당주차수":30,
            "난방방식":30,
            "공급면적":"--",
            "전용률":"--",
            "욕실수":50,
            "현관타입":10,
            "주거총점":13.5,
            "지역구공급총점":0.0,
            "역세권":80,
            "30분내 이동가능 거점":0,
            "1시간내 이동가능 거점":40,
            "교통총점":48.0,
            "백화점":0,
            "아울렛몰":0,
            "대형마트":0,
            "은행":70,
            "병원":0,
            "종합병원":80,
            "공원":100,
            "혐오시설":0,
            "인프라총점":26.0,
            "초등학군":90.01,
            "중학군":53.9,
            "학군총점":61.122,
            "인구수":28.12,
            "인구증감":6.56,
            "인구총점":21.652,
            "일자리":15.1,
            "소득수준":62.39,
            "일자리총점":29.287,
            "가치 총점":36.7116,
            "매매실거래년":20210826.0,
            "매매실거래가":16500.0,
            "전세실거래년":20210915.0,
            "전세실거래가":14500.0,
            "전세가율":87.88,
            "장기전세가율평균":74.27,
            "전세가율거품지수":-13.61,
            "검색코드":6597,
            "세대수":257.0,
            "준공년월":"1996-03-27",
            "준공년차":27.0,
            "가까운역이름":"대실",
            "가까운역거리":376.19,
            "역세권여부":"역세권",
            "30분이내주요거점역":0,
            "30분거점역이름":"[]",
            "1시간이내주요거점역":4,
            "1시간거점역이름":"['동대구', '반월당', '상인', '수성구청']",
            "3km이내백화점수":0,
            "5km이내아울렛몰수":0,
            "1km이내대형먀트수":0,
            "500m이내은행수":3,
            "500m이내병원수":0,
            "5km이내대형병원수":1,
            "500m이내공원수":2,
            "3km이내혐오시설수":0,
            "초등학교학업성취도":90.01,
            "중학교학업성취도":89.1,
            "용적률":203,
            "건폐율":23,
            "Y":35.85958,
            "X":128.46186,
            "rank":73.0,
            "area_info":"23평(76.59), 27평(92.56), 29평(97.61)",
            "last_sales":"2021-08-26,16500.0,23평(76.59)",
            "rank_history":[
                [
                    "202203",
                    73
                ],
                [
                    "202202",
                    73
                ],
                [
                    "202201",
                    92
                ]
            ],
            "rank_gap":0
        },
        {
            "index":303,
            "아파트명":"대구테크노폴리스진아리채",
            "투자타입":"일반",
            "전용면적(m2)":"95.02",
            "전용면적(평)":"28평",
            "법정동주소":"대구시 달성군 유가읍 봉리 603",
            "도로명주소":"대구시 달성군 테크노대로5길 79",
            "세대수":80,
            "입주년차":80,
            "용적률점수":"--",
            "건폐율점수":"--",
            "세대당주차수":30,
            "난방방식":30,
            "공급면적":"--",
            "전용률":"--",
            "욕실수":100,
            "현관타입":100,
            "주거총점":71.5,
            "지역구공급총점":0.0,
            "역세권":0,
            "30분내 이동가능 거점":0,
            "1시간내 이동가능 거점":10,
            "교통총점":2.0,
            "백화점":0,
            "아울렛몰":0,
            "대형마트":0,
            "은행":0,
            "병원":0,
            "종합병원":0,
            "공원":100,
            "혐오시설":0,
            "인프라총점":3.0,
            "초등학군":90.0,
            "중학군":50.36,
            "학군총점":58.288,
            "인구수":28.12,
            "인구증감":6.56,
            "인구총점":21.652,
            "일자리":15.1,
            "소득수준":62.39,
            "일자리총점":29.287,
            "가치 총점":36.5614,
            "매매실거래년":20211206.0,
            "매매실거래가":33000.0,
            "전세실거래년":20211207.0,
            "전세실거래가":19400.0,
            "전세가율":67.6,
            "장기전세가율평균":74.27,
            "전세가율거품지수":6.67,
            "검색코드":107780,
            "세대수":730.0,
            "준공년월":"2016-06-03",
            "준공년차":7.0,
            "가까운역이름":"설화명곡",
            "가까운역거리":11561.8,
            "역세권여부":"비역세권",
            "30분이내주요거점역":0,
            "30분거점역이름":"[]",
            "1시간이내주요거점역":1,
            "1시간거점역이름":"['상인']",
            "3km이내백화점수":0,
            "5km이내아울렛몰수":0,
            "1km이내대형먀트수":0,
            "500m이내은행수":0,
            "500m이내병원수":0,
            "5km이내대형병원수":0,
            "500m이내공원수":4,
            "3km이내혐오시설수":0,
            "초등학교학업성취도":90.0,
            "중학교학업성취도":83.0,
            "용적률":208,
            "건폐율":18,
            "Y":35.696542,
            "X":128.465613,
            "rank":74.0,
            "area_info":"28평(95.02), 32평(105.97), 33평(109.99)",
            "last_sales":"2021-12-06,33000.0,33평(109.99)",
            "rank_history":[
                [
                    "202203",
                    74
                ],
                [
                    "202202",
                    66
                ],
                [
                    "202201",
                    56
                ]
            ],
            "rank_gap":-8
        },
        {
            "index":315,
            "아파트명":"우미린더포레스트",
            "투자타입":"일반",
            "전용면적(m2)":"97.97",
            "전용면적(평)":"29평",
            "법정동주소":"대구시 달성군 유가읍 봉리 621",
            "도로명주소":"대구시 달성군 테크노북로9길 16",
            "세대수":80,
            "입주년차":80,
            "용적률점수":"--",
            "건폐율점수":"--",
            "세대당주차수":30,
            "난방방식":30,
            "공급면적":"--",
            "전용률":"--",
            "욕실수":100,
            "현관타입":100,
            "주거총점":71.5,
            "지역구공급총점":0.0,
            "역세권":0,
            "30분내 이동가능 거점":0,
            "1시간내 이동가능 거점":10,
            "교통총점":2.0,
            "백화점":0,
            "아울렛몰":0,
            "대형마트":0,
            "은행":0,
            "병원":0,
            "종합병원":0,
            "공원":100,
            "혐오시설":0,
            "인프라총점":3.0,
            "초등학군":90.0,
            "중학군":50.36,
            "학군총점":58.288,
            "인구수":28.12,
            "인구증감":6.56,
            "인구총점":21.652,
            "일자리":15.1,
            "소득수준":62.39,
            "일자리총점":29.287,
            "가치 총점":36.5614,
            "매매실거래년":20220213.0,
            "매매실거래가":27000.0,
            "전세실거래년":20220213.0,
            "전세실거래가":18900.0,
            "전세가율":65.17,
            "장기전세가율평균":74.27,
            "전세가율거품지수":9.1,
            "검색코드":107497,
            "세대수":827.0,
            "준공년월":"2015-11-20",
            "준공년차":8.0,
            "가까운역이름":"설화명곡",
            "가까운역거리":11955.48,
            "역세권여부":"비역세권",
            "30분이내주요거점역":0,
            "30분거점역이름":"[]",
            "1시간이내주요거점역":1,
            "1시간거점역이름":"['상인']",
            "3km이내백화점수":0,
            "5km이내아울렛몰수":0,
            "1km이내대형먀트수":0,
            "500m이내은행수":1,
            "500m이내병원수":0,
            "5km이내대형병원수":0,
            "500m이내공원수":2,
            "3km이내혐오시설수":0,
            "초등학교학업성취도":90.0,
            "중학교학업성취도":83.0,
            "용적률":199,
            "건폐율":15,
            "Y":35.692998,
            "X":128.465233,
            "rank":74.0,
            "area_info":"29평(97.97), 29평(97.95), 29평(97.8), 29평(97.87), 29평(97.97), 33평(109.56), 33평(109.98), 33평(109.57), 33평(109.46)",
            "last_sales":"2022-02-13,27000.0,29평(97.8)",
            "rank_history":[
                [
                    "202203",
                    74
                ],
                [
                    "202202",
                    66
                ],
                [
                    "202201",
                    44
                ]
            ],
            "rank_gap":-8
        },
        {
            "index":179,
            "아파트명":"서재화진금봉타운",
            "투자타입":"일반",
            "전용면적(m2)":"61.49",
            "전용면적(평)":"18평",
            "법정동주소":"대구시 달성군 다사읍 서재리 169",
            "도로명주소":"대구시 달성군 서재로 120",
            "세대수":80,
            "입주년차":0,
            "용적률점수":"--",
            "건폐율점수":"--",
            "세대당주차수":0,
            "난방방식":30,
            "공급면적":"--",
            "전용률":"--",
            "욕실수":50,
            "현관타입":100,
            "주거총점":46.0,
            "지역구공급총점":0.0,
            "역세권":0,
            "30분내 이동가능 거점":0,
            "1시간내 이동가능 거점":30,
            "교통총점":6.0,
            "백화점":0,
            "아울렛몰":0,
            "대형마트":0,
            "은행":0,
            "병원":0,
            "종합병원":100,
            "공원":80,
            "혐오시설":0,
            "인프라총점":22.4,
            "초등학군":89.99,
            "중학군":49.62,
            "학군총점":57.694,
            "인구수":28.12,
            "인구증감":6.56,
            "인구총점":21.652,
            "일자리":15.1,
            "소득수준":62.39,
            "일자리총점":29.287,
            "가치 총점":36.4282,
            "매매실거래년":20210703.0,
            "매매실거래가":29700.0,
            "전세실거래년":20171208.0,
            "전세실거래가":8000.0,
            "전세가율":62.99,
            "장기전세가율평균":74.27,
            "전세가율거품지수":11.28,
            "검색코드":6602,
            "세대수":810.0,
            "준공년월":"1996-12-13",
            "준공년차":27.0,
            "가까운역이름":"계명대",
            "가까운역거리":2625.87,
            "역세권여부":"비역세권",
            "30분이내주요거점역":0,
            "30분거점역이름":"[]",
            "1시간이내주요거점역":3,
            "1시간거점역이름":"['반월당', '상인', '수성구청']",
            "3km이내백화점수":0,
            "5km이내아울렛몰수":0,
            "1km이내대형먀트수":0,
            "500m이내은행수":1,
            "500m이내병원수":0,
            "5km이내대형병원수":4,
            "500m이내공원수":1,
            "3km이내혐오시설수":0,
            "초등학교학업성취도":89.99,
            "중학교학업성취도":81.7,
            "용적률":273,
            "건폐율":15,
            "Y":35.874472,
            "X":128.498697,
            "rank":75.0,
            "area_info":"18평(61.49), 22평(75.08), 30평(100.11), 45평(151.25)",
            "last_sales":"2021-07-03,29700.0,45평(151.25)",
            "rank_history":[
                [
                    "202203",
                    75
                ],
                [
                    "202202",
                    72
                ],
                [
                    "202201",
                    65
                ]
            ],
            "rank_gap":-3
        },
        {
            "index":354,
            "아파트명":"대구테크노폴리스일동미라주더파크",
            "투자타입":"일반",
            "전용면적(m2)":"94.66",
            "전용면적(평)":"28평",
            "법정동주소":"대구시 달성군 현풍읍 중리 485",
            "도로명주소":"대구시 달성군 테크노북로2길 9",
            "세대수":80,
            "입주년차":80,
            "용적률점수":"--",
            "건폐율점수":"--",
            "세대당주차수":30,
            "난방방식":30,
            "공급면적":"--",
            "전용률":"--",
            "욕실수":100,
            "현관타입":100,
            "주거총점":71.5,
            "지역구공급총점":0.0,
            "역세권":0,
            "30분내 이동가능 거점":0,
            "1시간내 이동가능 거점":0,
            "교통총점":0.0,
            "백화점":0,
            "아울렛몰":0,
            "대형마트":0,
            "은행":0,
            "병원":0,
            "종합병원":0,
            "공원":100,
            "혐오시설":0,
            "인프라총점":3.0,
            "초등학군":90.0,
            "중학군":50.36,
            "학군총점":58.288,
            "인구수":28.12,
            "인구증감":6.56,
            "인구총점":21.652,
            "일자리":15.1,
            "소득수준":62.39,
            "일자리총점":29.287,
            "가치 총점":36.2614,
            "매매실거래년":20220209.0,
            "매매실거래가":28500.0,
            "전세실거래년":20211228.0,
            "전세실거래가":20000.0,
            "전세가율":70.18,
            "장기전세가율평균":74.27,
            "전세가율거품지수":4.09,
            "검색코드":108694,
            "세대수":870.0,
            "준공년월":"2017-02-07",
            "준공년차":6.0,
            "가까운역이름":"설화명곡",
            "가까운역거리":12232.88,
            "역세권여부":"비역세권",
            "30분이내주요거점역":0,
            "30분거점역이름":"[]",
            "1시간이내주요거점역":0,
            "1시간거점역이름":"[]",
            "3km이내백화점수":0,
            "5km이내아울렛몰수":0,
            "1km이내대형먀트수":0,
            "500m이내은행수":0,
            "500m이내병원수":0,
            "5km이내대형병원수":0,
            "500m이내공원수":3,
            "3km이내혐오시설수":0,
            "초등학교학업성취도":90.0,
            "중학교학업성취도":83.0,
            "용적률":198,
            "건폐율":17,
            "Y":35.693198,
            "X":128.451019,
            "rank":76.0,
            "area_info":"28평(94.66), 28평(95.0), 33평(109.24), 33평(110.17)",
            "last_sales":"2022-02-09,28500.0,33평(110.17)",
            "rank_history":[
                [
                    "202203",
                    76
                ],
                [
                    "202202",
                    66
                ],
                [
                    "202201",
                    45
                ]
            ],
            "rank_gap":-10
        },
        {
            "index":306,
            "아파트명":"대구테크노폴리스호반베르디움",
            "투자타입":"일반",
            "전용면적(m2)":"89.25",
            "전용면적(평)":"26평",
            "법정동주소":"대구시 달성군 유가읍 봉리 605",
            "도로명주소":"대구시 달성군 테크노대로5길 58",
            "세대수":80,
            "입주년차":80,
            "용적률점수":"--",
            "건폐율점수":"--",
            "세대당주차수":30,
            "난방방식":30,
            "공급면적":"--",
            "전용률":"--",
            "욕실수":100,
            "현관타입":100,
            "주거총점":71.5,
            "지역구공급총점":0.0,
            "역세권":0,
            "30분내 이동가능 거점":0,
            "1시간내 이동가능 거점":0,
            "교통총점":0.0,
            "백화점":0,
            "아울렛몰":0,
            "대형마트":0,
            "은행":0,
            "병원":0,
            "종합병원":0,
            "공원":100,
            "혐오시설":0,
            "인프라총점":3.0,
            "초등학군":90.0,
            "중학군":50.36,
            "학군총점":58.288,
            "인구수":28.12,
            "인구증감":6.56,
            "인구총점":21.652,
            "일자리":15.1,
            "소득수준":62.39,
            "일자리총점":29.287,
            "가치 총점":36.2614,
            "매매실거래년":20211229.0,
            "매매실거래가":29600.0,
            "전세실거래년":20220122.0,
            "전세실거래가":22000.0,
            "전세가율":78.57,
            "장기전세가율평균":74.27,
            "전세가율거품지수":-4.3,
            "검색코드":107693,
            "세대수":770.0,
            "준공년월":"2016-03-16",
            "준공년차":7.0,
            "가까운역이름":"설화명곡",
            "가까운역거리":11731.96,
            "역세권여부":"비역세권",
            "30분이내주요거점역":0,
            "30분거점역이름":"[]",
            "1시간이내주요거점역":0,
            "1시간거점역이름":"[]",
            "3km이내백화점수":0,
            "5km이내아울렛몰수":0,
            "1km이내대형먀트수":0,
            "500m이내은행수":1,
            "500m이내병원수":0,
            "5km이내대형병원수":0,
            "500m이내공원수":2,
            "3km이내혐오시설수":0,
            "초등학교학업성취도":90.0,
            "중학교학업성취도":83.0,
            "용적률":193,
            "건폐율":17,
            "Y":35.694606,
            "X":128.468282,
            "rank":76.0,
            "area_info":"26평(89.25), 27평(89.81), 29평(98.46), 29평(98.09), 33평(109.79)",
            "last_sales":"2021-12-29,29600.0,29평(98.46)",
            "rank_history":[
                [
                    "202203",
                    76
                ],
                [
                    "202202",
                    66
                ],
                [
                    "202201",
                    61
                ]
            ],
            "rank_gap":-10
        },
        {
            "index":346,
            "아파트명":"대구테크노폴리스남해오네뜨1차",
            "투자타입":"일반",
            "전용면적(m2)":"82.66",
            "전용면적(평)":"25평",
            "법정동주소":"대구시 달성군 현풍읍 중리 480",
            "도로명주소":"대구시 달성군 테크노북로4길 11",
            "세대수":80,
            "입주년차":80,
            "용적률점수":"--",
            "건폐율점수":"--",
            "세대당주차수":30,
            "난방방식":30,
            "공급면적":"--",
            "전용률":"--",
            "욕실수":100,
            "현관타입":100,
            "주거총점":71.5,
            "지역구공급총점":0.0,
            "역세권":0,
            "30분내 이동가능 거점":0,
            "1시간내 이동가능 거점":0,
            "교통총점":0.0,
            "백화점":0,
            "아울렛몰":0,
            "대형마트":0,
            "은행":0,
            "병원":0,
            "종합병원":0,
            "공원":100,
            "혐오시설":0,
            "인프라총점":3.0,
            "초등학군":89.99,
            "중학군":50.36,
            "학군총점":58.286,
            "인구수":28.12,
            "인구증감":6.56,
            "인구총점":21.652,
            "일자리":15.1,
            "소득수준":62.39,
            "일자리총점":29.287,
            "가치 총점":36.2608,
            "매매실거래년":20220111.0,
            "매매실거래가":15000.0,
            "전세실거래년":20220217.0,
            "전세실거래가":14000.0,
            "전세가율":93.33,
            "장기전세가율평균":74.27,
            "전세가율거품지수":-19.06,
            "검색코드":142179,
            "세대수":792.0,
            "준공년월":"2015-09-01",
            "준공년차":8.0,
            "가까운역이름":"설화명곡",
            "가까운역거리":11781.87,
            "역세권여부":"비역세권",
            "30분이내주요거점역":0,
            "30분거점역이름":"[]",
            "1시간이내주요거점역":0,
            "1시간거점역이름":"[]",
            "3km이내백화점수":0,
            "5km이내아울렛몰수":0,
            "1km이내대형먀트수":0,
            "500m이내은행수":1,
            "500m이내병원수":0,
            "5km이내대형병원수":0,
            "500m이내공원수":4,
            "3km이내혐오시설수":0,
            "초등학교학업성취도":89.99,
            "중학교학업성취도":83.0,
            "용적률":210,
            "건폐율":15,
            "Y":35.696184,
            "X":128.456445,
            "rank":77.0,
            "area_info":"25평(82.66), 25평(83.34), 25평(83.29)",
            "last_sales":"2022-01-11,15000.0,25평(82.66)",
            "rank_history":[
                [
                    "202203",
                    77
                ],
                [
                    "202202",
                    67
                ],
                [
                    "202201",
                    45
                ]
            ],
            "rank_gap":-10
        },
        {
            "index":324,
            "아파트명":"제일풍경채센트럴",
            "투자타입":"일반",
            "전용면적(m2)":"86.25",
            "전용면적(평)":"26평",
            "법정동주소":"대구시 달성군 유가읍 봉리 625",
            "도로명주소":"대구시 달성군 테크노대로 165",
            "세대수":90,
            "입주년차":80,
            "용적률점수":"--",
            "건폐율점수":"--",
            "세대당주차수":30,
            "난방방식":30,
            "공급면적":"--",
            "전용률":"--",
            "욕실수":100,
            "현관타입":100,
            "주거총점":75.0,
            "지역구공급총점":0.0,
            "역세권":0,
            "30분내 이동가능 거점":0,
            "1시간내 이동가능 거점":0,
            "교통총점":0.0,
            "백화점":0,
            "아울렛몰":0,
            "대형마트":0,
            "은행":0,
            "병원":0,
            "종합병원":0,
            "공원":0,
            "혐오시설":0,
            "인프라총점":0.0,
            "초등학군":90.0,
            "중학군":50.36,
            "학군총점":58.288,
            "인구수":28.12,
            "인구증감":6.56,
            "인구총점":21.652,
            "일자리":15.1,
            "소득수준":62.39,
            "일자리총점":29.287,
            "가치 총점":36.2364,
            "매매실거래년":20220115.0,
            "매매실거래가":27400.0,
            "전세실거래년":20220218.0,
            "전세실거래가":24000.0,
            "전세가율":87.59,
            "장기전세가율평균":74.27,
            "전세가율거품지수":-13.32,
            "검색코드":108807,
            "세대수":1029.0,
            "준공년월":"2016-12-12",
            "준공년차":7.0,
            "가까운역이름":"설화명곡",
            "가까운역거리":12198.84,
            "역세권여부":"비역세권",
            "30분이내주요거점역":0,
            "30분거점역이름":"[]",
            "1시간이내주요거점역":0,
            "1시간거점역이름":"[]",
            "3km이내백화점수":0,
            "5km이내아울렛몰수":0,
            "1km이내대형먀트수":0,
            "500m이내은행수":0,
            "500m이내병원수":0,
            "5km이내대형병원수":0,
            "500m이내공원수":0,
            "3km이내혐오시설수":0,
            "초등학교학업성취도":90.0,
            "중학교학업성취도":83.0,
            "용적률":197,
            "건폐율":15,
            "Y":35.69076,
            "X":128.465321,
            "rank":78.0,
            "area_info":"26평(86.25), 33평(109.28), 33평(109.62), 33평(109.14)",
            "last_sales":"2022-01-15,27400.0,26평(86.25)",
            "rank_history":[
                [
                    "202203",
                    78
                ],
                [
                    "202202",
                    68
                ],
                [
                    "202201",
                    43
                ]
            ],
            "rank_gap":-10
        },
        {
            "index":8,
            "아파트명":"과학마을청아람",
            "투자타입":"일반",
            "전용면적(m2)":"57.8",
            "전용면적(평)":"17평",
            "법정동주소":"대구시 달성군 구지면 응암리 1210",
            "도로명주소":"대구시 달성군 과학마을로 70",
            "세대수":80,
            "입주년차":80,
            "용적률점수":"--",
            "건폐율점수":"--",
            "세대당주차수":30,
            "난방방식":30,
            "공급면적":"--",
            "전용률":"--",
            "욕실수":50,
            "현관타입":10,
            "주거총점":57.5,
            "지역구공급총점":0.0,
            "역세권":0,
            "30분내 이동가능 거점":0,
            "1시간내 이동가능 거점":0,
            "교통총점":0.0,
            "백화점":0,
            "아울렛몰":0,
            "대형마트":80,
            "은행":0,
            "병원":0,
            "종합병원":0,
            "공원":100,
            "혐오시설":0,
            "인프라총점":15.0,
            "초등학군":90.15,
            "중학군":49.76,
            "학군총점":57.838,
            "인구수":28.12,
            "인구증감":6.56,
            "인구총점":21.652,
            "일자리":15.1,
            "소득수준":62.39,
            "일자리총점":29.287,
            "가치 총점":36.2264,
            "매매실거래년":20220219.0,
            "매매실거래가":18500.0,
            "전세실거래년":20220125.0,
            "전세실거래가":12000.0,
            "전세가율":85.71,
            "장기전세가율평균":74.27,
            "전세가율거품지수":-11.44,
            "검색코드":109079,
            "세대수":895.0,
            "준공년월":"2016-12-27",
            "준공년차":7.0,
            "가까운역이름":"설화명곡",
            "가까운역거리":17045.31,
            "역세권여부":"비역세권",
            "30분이내주요거점역":0,
            "30분거점역이름":"[]",
            "1시간이내주요거점역":0,
            "1시간거점역이름":"[]",
            "3km이내백화점수":0,
            "5km이내아울렛몰수":0,
            "1km이내대형먀트수":1,
            "500m이내은행수":0,
            "500m이내병원수":0,
            "5km이내대형병원수":0,
            "500m이내공원수":2,
            "3km이내혐오시설수":0,
            "초등학교학업성취도":90.15,
            "중학교학업성취도":80.6,
            "용적률":166,
            "건폐율":17,
            "Y":35.655698,
            "X":128.421401,
            "rank":79.0,
            "area_info":"17평(57.8), 25평(82.95), 25평(83.33)",
            "last_sales":"2022-02-19,18500.0,25평(82.95)",
            "rank_history":[
                [
                    "202203",
                    79
                ],
                [
                    "202202",
                    71
                ],
                [
                    "202201",
                    79
                ]
            ],
            "rank_gap":-8
        },
        {
            "index":187,
            "아파트명":"세천삼정그린코아더베스트2단지",
            "투자타입":"일반",
            "전용면적(m2)":"99.38",
            "전용면적(평)":"30평",
            "법정동주소":"대구시 달성군 다사읍 세천리 1566-2",
            "도로명주소":"대구시 달성군 세천북로 20",
            "세대수":0,
            "입주년차":80,
            "용적률점수":"--",
            "건폐율점수":"--",
            "세대당주차수":30,
            "난방방식":100,
            "공급면적":"--",
            "전용률":"--",
            "욕실수":100,
            "현관타입":100,
            "주거총점":50.5,
            "지역구공급총점":0.0,
            "역세권":0,
            "30분내 이동가능 거점":0,
            "1시간내 이동가능 거점":30,
            "교통총점":6.0,
            "백화점":0,
            "아울렛몰":0,
            "대형마트":0,
            "은행":0,
            "병원":0,
            "종합병원":80,
            "공원":80,
            "혐오시설":-50,
            "인프라총점":17.4,
            "초등학군":89.98,
            "중학군":49.62,
            "학군총점":57.692,
            "인구수":28.12,
            "인구증감":6.56,
            "인구총점":21.652,
            "일자리":15.1,
            "소득수준":62.39,
            "일자리총점":29.287,
            "가치 총점":36.0526,
            "매매실거래년":20211010.0,
            "매매실거래가":30000.0,
            "전세실거래년":20220206.0,
            "전세실거래가":23000.0,
            "전세가율":76.67,
            "장기전세가율평균":74.27,
            "전세가율거품지수":-2.4,
            "검색코드":108729,
            "세대수":254.0,
            "준공년월":"2017-02-27",
            "준공년차":6.0,
            "가까운역이름":"다사",
            "가까운역거리":2320.63,
            "역세권여부":"비역세권",
            "30분이내주요거점역":0,
            "30분거점역이름":"[]",
            "1시간이내주요거점역":3,
            "1시간거점역이름":"['반월당', '상인', '수성구청']",
            "3km이내백화점수":0,
            "5km이내아울렛몰수":0,
            "1km이내대형먀트수":0,
            "500m이내은행수":0,
            "500m이내병원수":0,
            "5km이내대형병원수":1,
            "500m이내공원수":1,
            "3km이내혐오시설수":1,
            "초등학교학업성취도":89.98,
            "중학교학업성취도":81.7,
            "용적률":248,
            "건폐율":49,
            "Y":35.876942,
            "X":128.479361,
            "rank":80.0,
            "area_info":"30평(99.38), 31평(104.77), 33평(112.12)",
            "last_sales":"2021-10-10,30000.0,30평(99.38)",
            "rank_history":[
                [
                    "202203",
                    80
                ],
                [
                    "202202",
                    75
                ],
                [
                    "202201",
                    68
                ]
            ],
            "rank_gap":-5
        },
        {
            "index":420,
            "아파트명":"성화한빛",
            "투자타입":"일반",
            "전용면적(m2)":"81.01",
            "전용면적(평)":"24평",
            "법정동주소":"대구시 달성군 화원읍 설화리 536-2",
            "도로명주소":"대구시 달성군 비슬로491길 13",
            "세대수":0,
            "입주년차":0,
            "용적률점수":"--",
            "건폐율점수":"--",
            "세대당주차수":0,
            "난방방식":30,
            "공급면적":"--",
            "전용률":"--",
            "욕실수":50,
            "현관타입":10,
            "주거총점":9.0,
            "지역구공급총점":0.0,
            "역세권":80,
            "30분내 이동가능 거점":20,
            "1시간내 이동가능 거점":40,
            "교통총점":54.0,
            "백화점":0,
            "아울렛몰":0,
            "대형마트":80,
            "은행":0,
            "병원":0,
            "종합병원":80,
            "공원":0,
            "혐오시설":0,
            "인프라총점":28.0,
            "초등학군":90.0,
            "중학군":49.48,
            "학군총점":57.584,
            "인구수":28.12,
            "인구증감":6.56,
            "인구총점":21.652,
            "일자리":15.1,
            "소득수준":62.39,
            "일자리총점":29.287,
            "가치 총점":36.0252,
            "매매실거래년":20211005.0,
            "매매실거래가":23500.0,
            "전세실거래년":20211129.0,
            "전세실거래가":12000.0,
            "전세가율":66.67,
            "장기전세가율평균":74.27,
            "전세가율거품지수":7.6,
            "검색코드":6640,
            "세대수":192.0,
            "준공년월":"1995-12-19",
            "준공년차":28.0,
            "가까운역이름":"설화명곡",
            "가까운역거리":339.18,
            "역세권여부":"역세권",
            "30분이내주요거점역":1,
            "30분거점역이름":"['상인']",
            "1시간이내주요거점역":4,
            "1시간거점역이름":"['동대구', '반월당', '상인', '수성구청']",
            "3km이내백화점수":0,
            "5km이내아울렛몰수":0,
            "1km이내대형먀트수":1,
            "500m이내은행수":0,
            "500m이내병원수":0,
            "5km이내대형병원수":1,
            "500m이내공원수":0,
            "3km이내혐오시설수":0,
            "초등학교학업성취도":90.0,
            "중학교학업성취도":82.2,
            "용적률":245,
            "건폐율":25,
            "Y":35.79818,
            "X":128.48566,
            "rank":81.0,
            "area_info":"24평(81.01), 30평(102.28)",
            "last_sales":"2021-10-05,23500.0,30평(102.28)",
            "rank_history":[
                [
                    "202203",
                    81
                ],
                [
                    "202202",
                    84
                ],
                [
                    "202201",
                    105
                ]
            ],
            "rank_gap":3
        },
        {
            "index":49,
            "아파트명":"논공삼주",
            "투자타입":"재건축",
            "전용면적(m2)":"50.55",
            "전용면적(평)":"15평",
            "법정동주소":"대구시 달성군 논공읍 남리 224",
            "도로명주소":"대구시 달성군 논공로7길 55",
            "세대수":30,
            "입주년차":"--",
            "용적률점수":100,
            "건폐율점수":100,
            "세대당주차수":"--",
            "난방방식":"--",
            "공급면적":50,
            "전용률":80,
            "욕실수":"--",
            "현관타입":"--",
            "주거총점":75.5,
            "지역구공급총점":0.0,
            "역세권":0,
            "30분내 이동가능 거점":0,
            "1시간내 이동가능 거점":0,
            "교통총점":0.0,
            "백화점":0,
            "아울렛몰":0,
            "대형마트":0,
            "은행":0,
            "병원":0,
            "종합병원":0,
            "공원":80,
            "혐오시설":0,
            "인프라총점":2.4,
            "초등학군":89.96,
            "중학군":45.9,
            "학군총점":54.712,
            "인구수":28.12,
            "인구증감":6.56,
            "인구총점":21.652,
            "일자리":15.1,
            "소득수준":62.39,
            "일자리총점":29.287,
            "가치 총점":36.0086,
            "매매실거래년":20220106.0,
            "매매실거래가":5100.0,
            "전세실거래년":20211018.0,
            "전세실거래가":3500.0,
            "전세가율":73.68,
            "장기전세가율평균":74.27,
            "전세가율거품지수":0.59,
            "검색코드":11568,
            "세대수":324.0,
            "준공년월":"1990-04-04",
            "준공년차":33.0,
            "가까운역이름":"설화명곡",
            "가까운역거리":8719.52,
            "역세권여부":"비역세권",
            "30분이내주요거점역":0,
            "30분거점역이름":"[]",
            "1시간이내주요거점역":0,
            "1시간거점역이름":"[]",
            "3km이내백화점수":0,
            "5km이내아울렛몰수":0,
            "1km이내대형먀트수":0,
            "500m이내은행수":0,
            "500m이내병원수":0,
            "5km이내대형병원수":0,
            "500m이내공원수":1,
            "3km이내혐오시설수":0,
            "초등학교학업성취도":89.96,
            "중학교학업성취도":76.5,
            "용적률":92,
            "건폐율":19,
            "Y":35.73186,
            "X":128.43886,
            "rank":82.0,
            "area_info":"15평(50.55), 15평(52.14), 17평(57.99), 18평(60.42), 18평(61.66)",
            "last_sales":"2022-01-06,5100.0,18평(61.66)",
            "rank_history":[
                [
                    "202203",
                    82
                ],
                [
                    "202202",
                    69
                ],
                [
                    "202201",
                    63
                ]
            ],
            "rank_gap":-13
        },
        {
            "index":81,
            "아파트명":"강창그린빌",
            "투자타입":"일반",
            "전용면적(m2)":"78.73",
            "전용면적(평)":"23평",
            "법정동주소":"대구시 달성군 다사읍 매곡리 716-3",
            "도로명주소":"대구시 달성군 달구벌대로 786",
            "세대수":0,
            "입주년차":20,
            "용적률점수":"--",
            "건폐율점수":"--",
            "세대당주차수":0,
            "난방방식":30,
            "공급면적":"--",
            "전용률":"--",
            "욕실수":50,
            "현관타입":100,
            "주거총점":22.0,
            "지역구공급총점":0.0,
            "역세권":80,
            "30분내 이동가능 거점":0,
            "1시간내 이동가능 거점":40,
            "교통총점":48.0,
            "백화점":0,
            "아울렛몰":0,
            "대형마트":0,
            "은행":0,
            "병원":0,
            "종합병원":80,
            "공원":0,
            "혐오시설":0,
            "인프라총점":16.0,
            "초등학군":89.99,
            "중학군":52.76,
            "학군총점":60.206,
            "인구수":28.12,
            "인구증감":6.56,
            "인구총점":21.652,
            "일자리":15.1,
            "소득수준":62.39,
            "일자리총점":29.287,
            "가치 총점":35.5618,
            "매매실거래년":20211116.0,
            "매매실거래가":14200.0,
            "전세실거래년":20210908.0,
            "전세실거래가":14000.0,
            "전세가율":98.59,
            "장기전세가율평균":74.27,
            "전세가율거품지수":-24.32,
            "검색코드":6592,
            "세대수":117.0,
            "준공년월":"2000-02-11",
            "준공년차":23.0,
            "가까운역이름":"다사",
            "가까운역거리":338.51,
            "역세권여부":"역세권",
            "30분이내주요거점역":0,
            "30분거점역이름":"[]",
            "1시간이내주요거점역":4,
            "1시간거점역이름":"['동대구', '반월당', '상인', '수성구청']",
            "3km이내백화점수":0,
            "5km이내아울렛몰수":0,
            "1km이내대형먀트수":0,
            "500m이내은행수":0,
            "500m이내병원수":0,
            "5km이내대형병원수":1,
            "500m이내공원수":0,
            "3km이내혐오시설수":0,
            "초등학교학업성취도":89.99,
            "중학교학업성취도":87.6,
            "용적률":0,
            "건폐율":0,
            "Y":35.86189,
            "X":128.4574,
            "rank":83.0,
            "area_info":"23평(78.73), 31평(104.46)",
            "last_sales":"2021-11-16,14200.0,23평(78.73)",
            "rank_history":[
                [
                    "202203",
                    83
                ],
                [
                    "202202",
                    81
                ],
                [
                    "202201",
                    96
                ]
            ],
            "rank_gap":-2
        },
        {
            "index":240,
            "아파트명":"태왕드림하이츠",
            "투자타입":"일반",
            "전용면적(m2)":"77.8",
            "전용면적(평)":"23평",
            "법정동주소":"대구시 달성군 다사읍 매곡리 719-26",
            "도로명주소":"대구시 달성군 달구벌대로 802",
            "세대수":0,
            "입주년차":20,
            "용적률점수":"--",
            "건폐율점수":"--",
            "세대당주차수":0,
            "난방방식":30,
            "공급면적":"--",
            "전용률":"--",
            "욕실수":50,
            "현관타입":100,
            "주거총점":22.0,
            "지역구공급총점":0.0,
            "역세권":80,
            "30분내 이동가능 거점":0,
            "1시간내 이동가능 거점":40,
            "교통총점":48.0,
            "백화점":0,
            "아울렛몰":0,
            "대형마트":0,
            "은행":0,
            "병원":0,
            "종합병원":80,
            "공원":0,
            "혐오시설":0,
            "인프라총점":16.0,
            "초등학군":89.99,
            "중학군":52.76,
            "학군총점":60.206,
            "인구수":28.12,
            "인구증감":6.56,
            "인구총점":21.652,
            "일자리":15.1,
            "소득수준":62.39,
            "일자리총점":29.287,
            "가치 총점":35.5618,
            "매매실거래년":20220123.0,
            "매매실거래가":22000.0,
            "전세실거래년":20200726.0,
            "전세실거래가":11000.0,
            "전세가율":65.09,
            "장기전세가율평균":74.27,
            "전세가율거품지수":9.18,
            "검색코드":10401,
            "세대수":282.0,
            "준공년월":"2000-11-10",
            "준공년차":23.0,
            "가까운역이름":"다사",
            "가까운역거리":320.86,
            "역세권여부":"역세권",
            "30분이내주요거점역":0,
            "30분거점역이름":"[]",
            "1시간이내주요거점역":4,
            "1시간거점역이름":"['동대구', '반월당', '상인', '수성구청']",
            "3km이내백화점수":0,
            "5km이내아울렛몰수":0,
            "1km이내대형먀트수":0,
            "500m이내은행수":0,
            "500m이내병원수":0,
            "5km이내대형병원수":1,
            "500m이내공원수":0,
            "3km이내혐오시설수":0,
            "초등학교학업성취도":89.99,
            "중학교학업성취도":87.6,
            "용적률":350,
            "건폐율":20,
            "Y":35.862073,
            "X":128.459455,
            "rank":83.0,
            "area_info":"23평(77.8), 31평(102.92)",
            "last_sales":"2022-01-23,22000.0,31평(102.92)",
            "rank_history":[
                [
                    "202203",
                    83
                ],
                [
                    "202202",
                    81
                ],
                [
                    "202201",
                    96
                ]
            ],
            "rank_gap":-2
        },
        {
            "index":294,
            "아파트명":"대구테크노폴리스반도유보라아이비파크",
            "투자타입":"일반",
            "전용면적(m2)":"93.21",
            "전용면적(평)":"28평",
            "법정동주소":"대구시 달성군 유가읍 봉리 627",
            "도로명주소":"대구시 달성군 테크노대로 195",
            "세대수":80,
            "입주년차":80,
            "용적률점수":"--",
            "건폐율점수":"--",
            "세대당주차수":30,
            "난방방식":30,
            "공급면적":"--",
            "전용률":"--",
            "욕실수":100,
            "현관타입":100,
            "주거총점":71.5,
            "지역구공급총점":0.0,
            "역세권":0,
            "30분내 이동가능 거점":0,
            "1시간내 이동가능 거점":0,
            "교통총점":0.0,
            "백화점":0,
            "아울렛몰":0,
            "대형마트":0,
            "은행":0,
            "병원":0,
            "종합병원":0,
            "공원":0,
            "혐오시설":0,
            "인프라총점":0.0,
            "초등학군":90.0,
            "중학군":50.36,
            "학군총점":58.288,
            "인구수":28.12,
            "인구증감":6.56,
            "인구총점":21.652,
            "일자리":15.1,
            "소득수준":62.39,
            "일자리총점":29.287,
            "가치 총점":35.3614,
            "매매실거래년":20220116.0,
            "매매실거래가":32000.0,
            "전세실거래년":20211227.0,
            "전세실거래가":17850.0,
            "전세가율":64.44,
            "장기전세가율평균":74.27,
            "전세가율거품지수":9.83,
            "검색코드":107581,
            "세대수":845.0,
            "준공년월":"2016-03-14",
            "준공년차":7.0,
            "가까운역이름":"설화명곡",
            "가까운역거리":12168.65,
            "역세권여부":"비역세권",
            "30분이내주요거점역":0,
            "30분거점역이름":"[]",
            "1시간이내주요거점역":0,
            "1시간거점역이름":"[]",
            "3km이내백화점수":0,
            "5km이내아울렛몰수":0,
            "1km이내대형먀트수":0,
            "500m이내은행수":1,
            "500m이내병원수":0,
            "5km이내대형병원수":0,
            "500m이내공원수":0,
            "3km이내혐오시설수":0,
            "초등학교학업성취도":90.0,
            "중학교학업성취도":83.0,
            "용적률":187,
            "건폐율":18,
            "Y":35.69061,
            "X":128.468423,
            "rank":84.0,
            "area_info":"28평(93.21), 28평(93.89), 28평(94.08), 33평(111.27)",
            "last_sales":"2022-01-16,32000.0,33평(111.27)",
            "rank_history":[
                [
                    "202203",
                    84
                ],
                [
                    "202202",
                    78
                ],
                [
                    "202201",
                    70
                ]
            ],
            "rank_gap":-6
        },
        {
            "index":41,
            "아파트명":"경일",
            "투자타입":"재건축",
            "전용면적(m2)":"32.49",
            "전용면적(평)":"9평",
            "법정동주소":"대구시 달성군 논공읍 남리 1147",
            "도로명주소":"대구시 달성군 논공로9길 39",
            "세대수":30,
            "입주년차":"--",
            "용적률점수":100,
            "건폐율점수":80,
            "세대당주차수":"--",
            "난방방식":"--",
            "공급면적":50,
            "전용률":100,
            "욕실수":"--",
            "현관타입":"--",
            "주거총점":72.5,
            "지역구공급총점":0.0,
            "역세권":0,
            "30분내 이동가능 거점":0,
            "1시간내 이동가능 거점":0,
            "교통총점":0.0,
            "백화점":0,
            "아울렛몰":0,
            "대형마트":0,
            "은행":0,
            "병원":0,
            "종합병원":0,
            "공원":80,
            "혐오시설":0,
            "인프라총점":2.4,
            "초등학군":89.96,
            "중학군":45.9,
            "학군총점":54.712,
            "인구수":28.12,
            "인구증감":6.56,
            "인구총점":21.652,
            "일자리":15.1,
            "소득수준":62.39,
            "일자리총점":29.287,
            "가치 총점":35.2586,
            "매매실거래년":20210613.0,
            "매매실거래가":5300.0,
            "전세실거래년":null,
            "전세실거래가":null,
            "전세가율":null,
            "장기전세가율평균":74.27,
            "전세가율거품지수":null,
            "검색코드":16867,
            "세대수":330.0,
            "준공년월":"1987-08-10",
            "준공년차":36.0,
            "가까운역이름":"설화명곡",
            "가까운역거리":8746.32,
            "역세권여부":"비역세권",
            "30분이내주요거점역":0,
            "30분거점역이름":"[]",
            "1시간이내주요거점역":0,
            "1시간거점역이름":"[]",
            "3km이내백화점수":0,
            "5km이내아울렛몰수":0,
            "1km이내대형먀트수":0,
            "500m이내은행수":0,
            "500m이내병원수":0,
            "5km이내대형병원수":0,
            "500m이내공원수":1,
            "3km이내혐오시설수":0,
            "초등학교학업성취도":89.96,
            "중학교학업성취도":76.5,
            "용적률":114,
            "건폐율":25,
            "Y":35.73141,
            "X":128.4392,
            "rank":85.0,
            "area_info":"9평(32.49), 9평(32.98), 14평(46.38), 14평(47.56), 14평(48.87), 15평(50.05), 16평(53.13), 16평(54.46)",
            "last_sales":"2021-06-13,5300.0,15평(50.05)",
            "rank_history":[
                [
                    "202203",
                    85
                ],
                [
                    "202202",
                    77
                ],
                [
                    "202201",
                    69
                ]
            ],
            "rank_gap":-8
        },
        {
            "index":83,
            "아파트명":"강창동서",
            "투자타입":"일반",
            "전용면적(m2)":"89.32",
            "전용면적(평)":"27평",
            "법정동주소":"대구시 달성군 다사읍 매곡리 302",
            "도로명주소":"대구시 달성군 왕선로 49",
            "세대수":0,
            "입주년차":0,
            "용적률점수":"--",
            "건폐율점수":"--",
            "세대당주차수":0,
            "난방방식":100,
            "공급면적":"--",
            "전용률":"--",
            "욕실수":50,
            "현관타입":10,
            "주거총점":16.0,
            "지역구공급총점":0.0,
            "역세권":80,
            "30분내 이동가능 거점":0,
            "1시간내 이동가능 거점":40,
            "교통총점":48.0,
            "백화점":0,
            "아울렛몰":0,
            "대형마트":0,
            "은행":0,
            "병원":0,
            "종합병원":80,
            "공원":100,
            "혐오시설":0,
            "인프라총점":19.0,
            "초등학군":89.99,
            "중학군":53.9,
            "학군총점":61.118,
            "인구수":28.12,
            "인구증감":6.56,
            "인구총점":21.652,
            "일자리":15.1,
            "소득수준":62.39,
            "일자리총점":29.287,
            "가치 총점":35.2354,
            "매매실거래년":20220122.0,
            "매매실거래가":14450.0,
            "전세실거래년":20211128.0,
            "전세실거래가":14500.0,
            "전세가율":100.35,
            "장기전세가율평균":74.27,
            "전세가율거품지수":-26.08,
            "검색코드":6593,
            "세대수":296.0,
            "준공년월":"1993-10-23",
            "준공년차":30.0,
            "가까운역이름":"다사",
            "가까운역거리":428.92,
            "역세권여부":"역세권",
            "30분이내주요거점역":0,
            "30분거점역이름":"[]",
            "1시간이내주요거점역":4,
            "1시간거점역이름":"['동대구', '반월당', '상인', '수성구청']",
            "3km이내백화점수":0,
            "5km이내아울렛몰수":0,
            "1km이내대형먀트수":0,
            "500m이내은행수":0,
            "500m이내병원수":0,
            "5km이내대형병원수":1,
            "500m이내공원수":3,
            "3km이내혐오시설수":0,
            "초등학교학업성취도":89.99,
            "중학교학업성취도":89.1,
            "용적률":230,
            "건폐율":21,
            "Y":35.864267,
            "X":128.4631,
            "rank":86.0,
            "area_info":"27평(89.32), 32평(105.81)",
            "last_sales":"2022-01-22,14450.0,27평(89.32)",
            "rank_history":[
                [
                    "202203",
                    86
                ],
                [
                    "202202",
                    83
                ],
                [
                    "202201",
                    98
                ]
            ],
            "rank_gap":-3
        },
        {
            "index":286,
            "아파트명":"옥포지구서한이다음",
            "투자타입":"일반",
            "전용면적(m2)":"82.85",
            "전용면적(평)":"25평",
            "법정동주소":"대구시 달성군 옥포읍 교항리 2984",
            "도로명주소":"대구시 달성군 돌미로6길 5",
            "세대수":50,
            "입주년차":100,
            "용적률점수":"--",
            "건폐율점수":"--",
            "세대당주차수":30,
            "난방방식":30,
            "공급면적":"--",
            "전용률":"--",
            "욕실수":100,
            "현관타입":100,
            "주거총점":65.0,
            "지역구공급총점":0.0,
            "역세권":0,
            "30분내 이동가능 거점":0,
            "1시간내 이동가능 거점":10,
            "교통총점":2.0,
            "백화점":0,
            "아울렛몰":0,
            "대형마트":0,
            "은행":0,
            "병원":0,
            "종합병원":0,
            "공원":0,
            "혐오시설":0,
            "인프라총점":0.0,
            "초등학군":90.0,
            "중학군":54.96,
            "학군총점":61.968,
            "인구수":28.12,
            "인구증감":6.56,
            "인구총점":21.652,
            "일자리":15.1,
            "소득수준":62.39,
            "일자리총점":29.287,
            "가치 총점":35.1404,
            "매매실거래년":20200615.0,
            "매매실거래가":19584.0,
            "전세실거래년":null,
            "전세실거래가":null,
            "전세가율":null,
            "장기전세가율평균":74.27,
            "전세가율거품지수":null,
            "검색코드":119417,
            "세대수":688.0,
            "준공년월":"2020-04-01",
            "준공년차":3.0,
            "가까운역이름":"설화명곡",
            "가까운역거리":4202.5,
            "역세권여부":"비역세권",
            "30분이내주요거점역":0,
            "30분거점역이름":"[]",
            "1시간이내주요거점역":1,
            "1시간거점역이름":"['상인']",
            "3km이내백화점수":0,
            "5km이내아울렛몰수":0,
            "1km이내대형먀트수":0,
            "500m이내은행수":0,
            "500m이내병원수":0,
            "5km이내대형병원수":0,
            "500m이내공원수":0,
            "3km이내혐오시설수":0,
            "초등학교학업성취도":90.0,
            "중학교학업성취도":88.0,
            "용적률":165,
            "건폐율":0,
            "Y":35.780878,
            "X":128.448287,
            "rank":87.0,
            "area_info":"25평(82.85), 25평(82.85), 25평(82.85), 25평(82.85)",
            "last_sales":"2020-06-15,19584.0,25평(82.85)",
            "rank_history":[
                [
                    "202203",
                    87
                ],
                [
                    "202202",
                    82
                ],
                [
                    "202201",
                    75
                ]
            ],
            "rank_gap":-5
        },
        {
            "index":278,
            "아파트명":"옥포이진캐스빌8단지",
            "투자타입":"일반",
            "전용면적(m2)":"101.71",
            "전용면적(평)":"30평",
            "법정동주소":"대구시 달성군 옥포읍 교항리 2892",
            "도로명주소":"대구시 달성군 비슬로 2001",
            "세대수":50,
            "입주년차":80,
            "용적률점수":"--",
            "건폐율점수":"--",
            "세대당주차수":30,
            "난방방식":30,
            "공급면적":"--",
            "전용률":"--",
            "욕실수":100,
            "현관타입":100,
            "주거총점":61.0,
            "지역구공급총점":0.0,
            "역세권":0,
            "30분내 이동가능 거점":0,
            "1시간내 이동가능 거점":40,
            "교통총점":8.0,
            "백화점":0,
            "아울렛몰":0,
            "대형마트":0,
            "은행":0,
            "병원":0,
            "종합병원":0,
            "공원":0,
            "혐오시설":0,
            "인프라총점":0.0,
            "초등학군":90.0,
            "중학군":54.96,
            "학군총점":61.968,
            "인구수":28.12,
            "인구증감":6.56,
            "인구총점":21.652,
            "일자리":15.1,
            "소득수준":62.39,
            "일자리총점":29.287,
            "가치 총점":35.0404,
            "매매실거래년":20220105.0,
            "매매실거래가":31800.0,
            "전세실거래년":20211026.0,
            "전세실거래가":17850.0,
            "전세가율":56.13,
            "장기전세가율평균":74.27,
            "전세가율거품지수":18.14,
            "검색코드":109373,
            "세대수":474.0,
            "준공년월":"2017-02-01",
            "준공년차":6.0,
            "가까운역이름":"설화명곡",
            "가까운역거리":4772.29,
            "역세권여부":"비역세권",
            "30분이내주요거점역":0,
            "30분거점역이름":"[]",
            "1시간이내주요거점역":4,
            "1시간거점역이름":"['동대구', '반월당', '상인', '수성구청']",
            "3km이내백화점수":0,
            "5km이내아울렛몰수":0,
            "1km이내대형먀트수":0,
            "500m이내은행수":0,
            "500m이내병원수":0,
            "5km이내대형병원수":0,
            "500m이내공원수":0,
            "3km이내혐오시설수":0,
            "초등학교학업성취도":90.0,
            "중학교학업성취도":88.0,
            "용적률":199,
            "건폐율":20,
            "Y":35.78327,
            "X":128.439998,
            "rank":88.0,
            "area_info":"30평(101.71), 34평(113.47)",
            "last_sales":"2022-01-05,31800.0,30평(101.71)",
            "rank_history":[
                [
                    "202203",
                    88
                ],
                [
                    "202202",
                    89
                ],
                [
                    "202201",
                    77
                ]
            ],
            "rank_gap":1
        },
        {
            "index":265,
            "아파트명":"대성베르힐2차",
            "투자타입":"일반",
            "전용면적(m2)":"111.82",
            "전용면적(평)":"33평",
            "법정동주소":"대구시 달성군 옥포읍 교항리 2998",
            "도로명주소":"대구시 달성군 돌미로8길 19",
            "세대수":30,
            "입주년차":80,
            "용적률점수":"--",
            "건폐율점수":"--",
            "세대당주차수":60,
            "난방방식":30,
            "공급면적":"--",
            "전용률":"--",
            "욕실수":100,
            "현관타입":100,
            "주거총점":58.5,
            "지역구공급총점":0.0,
            "역세권":0,
            "30분내 이동가능 거점":0,
            "1시간내 이동가능 거점":40,
            "교통총점":8.0,
            "백화점":0,
            "아울렛몰":0,
            "대형마트":0,
            "은행":0,
            "병원":0,
            "종합병원":0,
            "공원":0,
            "혐오시설":0,
            "인프라총점":0.0,
            "초등학군":90.0,
            "중학군":54.96,
            "학군총점":61.968,
            "인구수":28.12,
            "인구증감":6.56,
            "인구총점":21.652,
            "일자리":15.1,
            "소득수준":62.39,
            "일자리총점":29.287,
            "가치 총점":34.4154,
            "매매실거래년":20220126.0,
            "매매실거래가":37800.0,
            "전세실거래년":20211215.0,
            "전세실거래가":31000.0,
            "전세가율":82.01,
            "장기전세가율평균":74.27,
            "전세가율거품지수":-7.74,
            "검색코드":117431,
            "세대수":391.0,
            "준공년월":"2018-08-23",
            "준공년차":5.0,
            "가까운역이름":"설화명곡",
            "가까운역거리":3936.37,
            "역세권여부":"비역세권",
            "30분이내주요거점역":0,
            "30분거점역이름":"[]",
            "1시간이내주요거점역":4,
            "1시간거점역이름":"['동대구', '반월당', '상인', '수성구청']",
            "3km이내백화점수":0,
            "5km이내아울렛몰수":0,
            "1km이내대형먀트수":0,
            "500m이내은행수":0,
            "500m이내병원수":0,
            "5km이내대형병원수":0,
            "500m이내공원수":0,
            "3km이내혐오시설수":0,
            "초등학교학업성취도":90.0,
            "중학교학업성취도":88.0,
            "용적률":164,
            "건폐율":18,
            "Y":35.783025,
            "X":128.450242,
            "rank":89.0,
            "area_info":"33평(111.82), 33평(112.13)",
            "last_sales":"2022-01-26,37800.0,33평(111.82)",
            "rank_history":[
                [
                    "202203",
                    89
                ],
                [
                    "202202",
                    90
                ],
                [
                    "202201",
                    85
                ]
            ],
            "rank_gap":1
        },
        {
            "index":259,
            "아파트명":"대구옥포LH허브시티",
            "투자타입":"일반",
            "전용면적(m2)":"71.06",
            "전용면적(평)":"21평",
            "법정동주소":"대구시 달성군 옥포읍 강림리 1099",
            "도로명주소":"대구시 달성군 비슬로 1941",
            "세대수":80,
            "입주년차":80,
            "용적률점수":"--",
            "건폐율점수":"--",
            "세대당주차수":0,
            "난방방식":30,
            "공급면적":"--",
            "전용률":"--",
            "욕실수":50,
            "현관타입":100,
            "주거총점":62.0,
            "지역구공급총점":0.0,
            "역세권":0,
            "30분내 이동가능 거점":0,
            "1시간내 이동가능 거점":10,
            "교통총점":2.0,
            "백화점":0,
            "아울렛몰":0,
            "대형마트":0,
            "은행":0,
            "병원":0,
            "종합병원":0,
            "공원":0,
            "혐오시설":0,
            "인프라총점":0.0,
            "초등학군":90.0,
            "중학군":54.96,
            "학군총점":61.968,
            "인구수":28.12,
            "인구증감":6.56,
            "인구총점":21.652,
            "일자리":15.1,
            "소득수준":62.39,
            "일자리총점":29.287,
            "가치 총점":34.3904,
            "매매실거래년":20211223.0,
            "매매실거래가":26800.0,
            "전세실거래년":20220114.0,
            "전세실거래가":12500.0,
            "전세가율":69.06,
            "장기전세가율평균":74.27,
            "전세가율거품지수":5.21,
            "검색코드":107655,
            "세대수":815.0,
            "준공년월":"2015-04-07",
            "준공년차":8.0,
            "가까운역이름":"설화명곡",
            "가까운역거리":5181.31,
            "역세권여부":"비역세권",
            "30분이내주요거점역":0,
            "30분거점역이름":"[]",
            "1시간이내주요거점역":1,
            "1시간거점역이름":"['상인']",
            "3km이내백화점수":0,
            "5km이내아울렛몰수":0,
            "1km이내대형먀트수":0,
            "500m이내은행수":0,
            "500m이내병원수":0,
            "5km이내대형병원수":0,
            "500m이내공원수":0,
            "3km이내혐오시설수":0,
            "초등학교학업성취도":90.0,
            "중학교학업성취도":88.0,
            "용적률":160,
            "건폐율":18,
            "Y":35.783125,
            "X":128.435229,
            "rank":90.0,
            "area_info":"21평(71.06), 21평(71.06), 21평(71.06), 21평(71.06), 25평(82.84), 25평(82.75)",
            "last_sales":"2021-12-23,26800.0,25평(82.75)",
            "rank_history":[
                [
                    "202203",
                    90
                ],
                [
                    "202202",
                    86
                ],
                [
                    "202201",
                    80
                ]
            ],
            "rank_gap":-4
        },
        {
            "index":171,
            "아파트명":"서재보성타운2차",
            "투자타입":"일반",
            "전용면적(m2)":"66.05",
            "전용면적(평)":"19평",
            "법정동주소":"대구시 달성군 다사읍 서재리 61",
            "도로명주소":"대구시 달성군 서재로30길 7",
            "세대수":50,
            "입주년차":20,
            "용적률점수":"--",
            "건폐율점수":"--",
            "세대당주차수":0,
            "난방방식":100,
            "공급면적":"--",
            "전용률":"--",
            "욕실수":50,
            "현관타입":10,
            "주거총점":37.5,
            "지역구공급총점":0.0,
            "역세권":0,
            "30분내 이동가능 거점":0,
            "1시간내 이동가능 거점":30,
            "교통총점":6.0,
            "백화점":0,
            "아울렛몰":0,
            "대형마트":0,
            "은행":0,
            "병원":0,
            "종합병원":100,
            "공원":80,
            "혐오시설":0,
            "인프라총점":22.4,
            "초등학군":90.0,
            "중학군":49.62,
            "학군총점":57.696,
            "인구수":28.12,
            "인구증감":6.56,
            "인구총점":21.652,
            "일자리":15.1,
            "소득수준":62.39,
            "일자리총점":29.287,
            "가치 총점":34.3038,
            "매매실거래년":20220125.0,
            "매매실거래가":13250.0,
            "전세실거래년":20211231.0,
            "전세실거래가":12000.0,
            "전세가율":90.57,
            "장기전세가율평균":74.27,
            "전세가율거품지수":-16.3,
            "검색코드":6599,
            "세대수":634.0,
            "준공년월":"1999-01-26",
            "준공년차":24.0,
            "가까운역이름":"계명대",
            "가까운역거리":2896.96,
            "역세권여부":"비역세권",
            "30분이내주요거점역":0,
            "30분거점역이름":"[]",
            "1시간이내주요거점역":3,
            "1시간거점역이름":"['반월당', '상인', '수성구청']",
            "3km이내백화점수":0,
            "5km이내아울렛몰수":0,
            "1km이내대형먀트수":0,
            "500m이내은행수":0,
            "500m이내병원수":0,
            "5km이내대형병원수":3,
            "500m이내공원수":1,
            "3km이내혐오시설수":0,
            "초등학교학업성취도":90.0,
            "중학교학업성취도":81.7,
            "용적률":0,
            "건폐율":0,
            "Y":35.877098,
            "X":128.497949,
            "rank":91.0,
            "area_info":"19평(66.05), 24평(79.42), 31평(104.79), 47평(158.21)",
            "last_sales":"2022-01-25,13250.0,19평(66.05)",
            "rank_history":[
                [
                    "202203",
                    91
                ],
                [
                    "202202",
                    85
                ],
                [
                    "202201",
                    78
                ]
            ],
            "rank_gap":-6
        },
        {
            "index":438,
            "아파트명":"청구청탑맨션",
            "투자타입":"일반",
            "전용면적(m2)":"82.02",
            "전용면적(평)":"24평",
            "법정동주소":"대구시 달성군 화원읍 본리리 1-2",
            "도로명주소":"대구시 달성군 비슬로 2674",
            "세대수":0,
            "입주년차":0,
            "용적률점수":"--",
            "건폐율점수":"--",
            "세대당주차수":0,
            "난방방식":30,
            "공급면적":"--",
            "전용률":"--",
            "욕실수":50,
            "현관타입":10,
            "주거총점":9.0,
            "지역구공급총점":0.0,
            "역세권":50,
            "30분내 이동가능 거점":20,
            "1시간내 이동가능 거점":40,
            "교통총점":39.0,
            "백화점":0,
            "아울렛몰":0,
            "대형마트":80,
            "은행":0,
            "병원":0,
            "종합병원":100,
            "공원":0,
            "혐오시설":0,
            "인프라총점":32.0,
            "초등학군":90.02,
            "중학군":45.3,
            "학군총점":54.244,
            "인구수":28.12,
            "인구증감":6.56,
            "인구총점":21.652,
            "일자리":15.1,
            "소득수준":62.39,
            "일자리총점":29.287,
            "가치 총점":33.9732,
            "매매실거래년":20211210.0,
            "매매실거래가":16200.0,
            "전세실거래년":20220111.0,
            "전세실거래가":11000.0,
            "전세가율":67.9,
            "장기전세가율평균":74.27,
            "전세가율거품지수":6.37,
            "검색코드":6636,
            "세대수":220.0,
            "준공년월":"1995-08-21",
            "준공년차":28.0,
            "가까운역이름":"대곡",
            "가까운역거리":534.62,
            "역세권여부":"준역세권",
            "30분이내주요거점역":1,
            "30분거점역이름":"['상인']",
            "1시간이내주요거점역":4,
            "1시간거점역이름":"['동대구', '반월당', '상인', '수성구청']",
            "3km이내백화점수":0,
            "5km이내아울렛몰수":0,
            "1km이내대형먀트수":1,
            "500m이내은행수":1,
            "500m이내병원수":0,
            "5km이내대형병원수":2,
            "500m이내공원수":0,
            "3km이내혐오시설수":0,
            "초등학교학업성취도":90.02,
            "중학교학업성취도":75.5,
            "용적률":396,
            "건폐율":27,
            "Y":35.80701,
            "X":128.50775,
            "rank":92.0,
            "area_info":"24평(82.02), 31평(103.66), 37평(123.47)",
            "last_sales":"2021-12-10,16200.0,24평(82.02)",
            "rank_history":[
                [
                    "202203",
                    92
                ],
                [
                    "202202",
                    91
                ],
                [
                    "202201",
                    94
                ]
            ],
            "rank_gap":-1
        },
        {
            "index":349,
            "아파트명":"대구테크노폴리스서한이다음",
            "투자타입":"일반",
            "전용면적(m2)":"89.41",
            "전용면적(평)":"27평",
            "법정동주소":"대구시 달성군 현풍읍 중리 486",
            "도로명주소":"대구시 달성군 테크노상업로 33",
            "세대수":50,
            "입주년차":80,
            "용적률점수":"--",
            "건폐율점수":"--",
            "세대당주차수":30,
            "난방방식":30,
            "공급면적":"--",
            "전용률":"--",
            "욕실수":100,
            "현관타입":100,
            "주거총점":61.0,
            "지역구공급총점":0.0,
            "역세권":0,
            "30분내 이동가능 거점":0,
            "1시간내 이동가능 거점":10,
            "교통총점":2.0,
            "백화점":0,
            "아울렛몰":0,
            "대형마트":0,
            "은행":0,
            "병원":0,
            "종합병원":0,
            "공원":100,
            "혐오시설":0,
            "인프라총점":3.0,
            "초등학군":90.0,
            "중학군":50.36,
            "학군총점":58.288,
            "인구수":28.12,
            "인구증감":6.56,
            "인구총점":21.652,
            "일자리":15.1,
            "소득수준":62.39,
            "일자리총점":29.287,
            "가치 총점":33.9364,
            "매매실거래년":20220127.0,
            "매매실거래가":24300.0,
            "전세실거래년":20211216.0,
            "전세실거래가":18000.0,
            "전세가율":74.07,
            "장기전세가율평균":74.27,
            "전세가율거품지수":0.2,
            "검색코드":105553,
            "세대수":637.0,
            "준공년월":"2014-12-04",
            "준공년차":9.0,
            "가까운역이름":"설화명곡",
            "가까운역거리":12264.01,
            "역세권여부":"비역세권",
            "30분이내주요거점역":0,
            "30분거점역이름":"[]",
            "1시간이내주요거점역":1,
            "1시간거점역이름":"['상인']",
            "3km이내백화점수":0,
            "5km이내아울렛몰수":0,
            "1km이내대형먀트수":0,
            "500m이내은행수":0,
            "500m이내병원수":0,
            "5km이내대형병원수":0,
            "500m이내공원수":2,
            "3km이내혐오시설수":0,
            "초등학교학업성취도":90.0,
            "중학교학업성취도":83.0,
            "용적률":193,
            "건폐율":19,
            "Y":35.692539,
            "X":128.452592,
            "rank":93.0,
            "area_info":"27평(89.41), 29평(98.47), 30평(101.02), 33평(111.4), 33평(112.31)",
            "last_sales":"2022-01-27,24300.0,27평(89.41)",
            "rank_history":[
                [
                    "202203",
                    93
                ],
                [
                    "202202",
                    87
                ],
                [
                    "202201",
                    76
                ]
            ],
            "rank_gap":-6
        },
        {
            "index":311,
            "아파트명":"대구테크노폴리스화성파크드림",
            "투자타입":"일반",
            "전용면적(m2)":"90.54",
            "전용면적(평)":"27평",
            "법정동주소":"대구시 달성군 유가읍 봉리 595",
            "도로명주소":"대구시 달성군 테크노북로 165",
            "세대수":50,
            "입주년차":80,
            "용적률점수":"--",
            "건폐율점수":"--",
            "세대당주차수":30,
            "난방방식":30,
            "공급면적":"--",
            "전용률":"--",
            "욕실수":100,
            "현관타입":100,
            "주거총점":61.0,
            "지역구공급총점":0.0,
            "역세권":0,
            "30분내 이동가능 거점":0,
            "1시간내 이동가능 거점":10,
            "교통총점":2.0,
            "백화점":0,
            "아울렛몰":0,
            "대형마트":0,
            "은행":0,
            "병원":0,
            "종합병원":0,
            "공원":100,
            "혐오시설":0,
            "인프라총점":3.0,
            "초등학군":89.99,
            "중학군":50.36,
            "학군총점":58.286,
            "인구수":28.12,
            "인구증감":6.56,
            "인구총점":21.652,
            "일자리":15.1,
            "소득수준":62.39,
            "일자리총점":29.287,
            "가치 총점":33.9358,
            "매매실거래년":20220129.0,
            "매매실거래가":31550.0,
            "전세실거래년":20211107.0,
            "전세실거래가":25000.0,
            "전세가율":91.91,
            "장기전세가율평균":74.27,
            "전세가율거품지수":-17.64,
            "검색코드":108692,
            "세대수":639.0,
            "준공년월":"2016-08-01",
            "준공년차":7.0,
            "가까운역이름":"설화명곡",
            "가까운역거리":11465.77,
            "역세권여부":"비역세권",
            "30분이내주요거점역":0,
            "30분거점역이름":"[]",
            "1시간이내주요거점역":1,
            "1시간거점역이름":"['상인']",
            "3km이내백화점수":0,
            "5km이내아울렛몰수":0,
            "1km이내대형먀트수":0,
            "500m이내은행수":0,
            "500m이내병원수":0,
            "5km이내대형병원수":0,
            "500m이내공원수":5,
            "3km이내혐오시설수":0,
            "초등학교학업성취도":89.99,
            "중학교학업성취도":83.0,
            "용적률":199,
            "건폐율":20,
            "Y":35.697983,
            "X":128.462225,
            "rank":94.0,
            "area_info":"27평(90.54), 30평(100.54), 31평(103.4), 33평(110.68)",
            "last_sales":"2022-01-29,31550.0,31평(103.4)",
            "rank_history":[
                [
                    "202203",
                    94
                ],
                [
                    "202202",
                    88
                ],
                [
                    "202201",
                    81
                ]
            ],
            "rank_gap":-6
        },
        {
            "index":362,
            "아파트명":"제일풍경채더퍼스트",
            "투자타입":"일반",
            "전용면적(m2)":"86.6",
            "전용면적(평)":"26평",
            "법정동주소":"대구시 달성군 현풍읍 중리 484",
            "도로명주소":"대구시 달성군 테크노상업로 49",
            "세대수":50,
            "입주년차":80,
            "용적률점수":"--",
            "건폐율점수":"--",
            "세대당주차수":30,
            "난방방식":30,
            "공급면적":"--",
            "전용률":"--",
            "욕실수":100,
            "현관타입":100,
            "주거총점":61.0,
            "지역구공급총점":0.0,
            "역세권":0,
            "30분내 이동가능 거점":0,
            "1시간내 이동가능 거점":0,
            "교통총점":0.0,
            "백화점":0,
            "아울렛몰":0,
            "대형마트":0,
            "은행":0,
            "병원":0,
            "종합병원":0,
            "공원":100,
            "혐오시설":0,
            "인프라총점":3.0,
            "초등학군":90.0,
            "중학군":50.36,
            "학군총점":58.288,
            "인구수":28.12,
            "인구증감":6.56,
            "인구총점":21.652,
            "일자리":15.1,
            "소득수준":62.39,
            "일자리총점":29.287,
            "가치 총점":33.6364,
            "매매실거래년":20211202.0,
            "매매실거래가":31500.0,
            "전세실거래년":20220125.0,
            "전세실거래가":17325.0,
            "전세가율":58.14,
            "장기전세가율평균":74.27,
            "전세가율거품지수":16.13,
            "검색코드":108388,
            "세대수":601.0,
            "준공년월":"2016-07-01",
            "준공년차":7.0,
            "가까운역이름":"설화명곡",
            "가까운역거리":12055.8,
            "역세권여부":"비역세권",
            "30분이내주요거점역":0,
            "30분거점역이름":"[]",
            "1시간이내주요거점역":0,
            "1시간거점역이름":"[]",
            "3km이내백화점수":0,
            "5km이내아울렛몰수":0,
            "1km이내대형먀트수":0,
            "500m이내은행수":0,
            "500m이내병원수":0,
            "5km이내대형병원수":0,
            "500m이내공원수":3,
            "3km이내혐오시설수":0,
            "초등학교학업성취도":90.0,
            "중학교학업성취도":83.0,
            "용적률":189,
            "건폐율":20,
            "Y":35.69411,
            "X":128.454247,
            "rank":95.0,
            "area_info":"26평(86.6), 32평(107.25), 32평(108.2)",
            "last_sales":"2021-12-02,31500.0,32평(108.2)",
            "rank_history":[
                [
                    "202203",
                    95
                ],
                [
                    "202202",
                    87
                ],
                [
                    "202201",
                    71
                ]
            ],
            "rank_gap":-8
        },
        {
            "index":290,
            "아파트명":"대구테크노원힐데스하임",
            "투자타입":"일반",
            "전용면적(m2)":"93.38",
            "전용면적(평)":"28평",
            "법정동주소":"대구시 달성군 유가읍 봉리 622",
            "도로명주소":"대구시 달성군 테크노북로9길 42",
            "세대수":50,
            "입주년차":80,
            "용적률점수":"--",
            "건폐율점수":"--",
            "세대당주차수":30,
            "난방방식":30,
            "공급면적":"--",
            "전용률":"--",
            "욕실수":100,
            "현관타입":100,
            "주거총점":61.0,
            "지역구공급총점":0.0,
            "역세권":0,
            "30분내 이동가능 거점":0,
            "1시간내 이동가능 거점":0,
            "교통총점":0.0,
            "백화점":0,
            "아울렛몰":0,
            "대형마트":0,
            "은행":0,
            "병원":0,
            "종합병원":0,
            "공원":100,
            "혐오시설":0,
            "인프라총점":3.0,
            "초등학군":90.0,
            "중학군":50.36,
            "학군총점":58.288,
            "인구수":28.12,
            "인구증감":6.56,
            "인구총점":21.652,
            "일자리":15.1,
            "소득수준":62.39,
            "일자리총점":29.287,
            "가치 총점":33.6364,
            "매매실거래년":20220104.0,
            "매매실거래가":26000.0,
            "전세실거래년":20211215.0,
            "전세실거래가":16000.0,
            "전세가율":59.04,
            "장기전세가율평균":74.27,
            "전세가율거품지수":15.23,
            "검색코드":107245,
            "세대수":670.0,
            "준공년월":"2015-11-02",
            "준공년차":8.0,
            "가까운역이름":"설화명곡",
            "가까운역거리":11895.78,
            "역세권여부":"비역세권",
            "30분이내주요거점역":0,
            "30분거점역이름":"[]",
            "1시간이내주요거점역":0,
            "1시간거점역이름":"[]",
            "3km이내백화점수":0,
            "5km이내아울렛몰수":0,
            "1km이내대형먀트수":0,
            "500m이내은행수":1,
            "500m이내병원수":0,
            "5km이내대형병원수":0,
            "500m이내공원수":2,
            "3km이내혐오시설수":0,
            "초등학교학업성취도":90.0,
            "중학교학업성취도":83.0,
            "용적률":199,
            "건폐율":17,
            "Y":35.69311,
            "X":128.468307,
            "rank":95.0,
            "area_info":"28평(93.38), 28평(95.1), 30평(100.3), 33평(110.4)",
            "last_sales":"2022-01-04,26000.0,28평(95.1)",
            "rank_history":[
                [
                    "202203",
                    95
                ],
                [
                    "202202",
                    87
                ],
                [
                    "202201",
                    74
                ]
            ],
            "rank_gap":-8
        },
        {
            "index":257,
            "아파트명":"달성삼환나우빌",
            "투자타입":"일반",
            "전용면적(m2)":"99.95",
            "전용면적(평)":"30평",
            "법정동주소":"대구시 달성군 옥포읍 본리리 2649",
            "도로명주소":"대구시 달성군 비슬로447길 11",
            "세대수":30,
            "입주년차":40,
            "용적률점수":"--",
            "건폐율점수":"--",
            "세대당주차수":60,
            "난방방식":30,
            "공급면적":"--",
            "전용률":"--",
            "욕실수":100,
            "현관타입":100,
            "주거총점":50.5,
            "지역구공급총점":0.0,
            "역세권":0,
            "30분내 이동가능 거점":20,
            "1시간내 이동가능 거점":40,
            "교통총점":14.0,
            "백화점":0,
            "아울렛몰":0,
            "대형마트":0,
            "은행":0,
            "병원":0,
            "종합병원":0,
            "공원":0,
            "혐오시설":0,
            "인프라총점":0.0,
            "초등학군":89.97,
            "중학군":54.96,
            "학군총점":61.962,
            "인구수":28.12,
            "인구증감":6.56,
            "인구총점":21.652,
            "일자리":15.1,
            "소득수준":62.39,
            "일자리총점":29.287,
            "가치 총점":33.3136,
            "매매실거래년":20220222.0,
            "매매실거래가":23000.0,
            "전세실거래년":20210926.0,
            "전세실거래가":20000.0,
            "전세가율":86.96,
            "장기전세가율평균":74.27,
            "전세가율거품지수":-12.69,
            "검색코드":25538,
            "세대수":349.0,
            "준공년월":"2007-12-05",
            "준공년차":16.0,
            "가까운역이름":"설화명곡",
            "가까운역거리":2305.87,
            "역세권여부":"비역세권",
            "30분이내주요거점역":1,
            "30분거점역이름":"['상인']",
            "1시간이내주요거점역":4,
            "1시간거점역이름":"['동대구', '반월당', '상인', '수성구청']",
            "3km이내백화점수":0,
            "5km이내아울렛몰수":0,
            "1km이내대형먀트수":0,
            "500m이내은행수":0,
            "500m이내병원수":0,
            "5km이내대형병원수":0,
            "500m이내공원수":0,
            "3km이내혐오시설수":0,
            "초등학교학업성취도":89.97,
            "중학교학업성취도":88.0,
            "용적률":298,
            "건폐율":21,
            "Y":35.790898,
            "X":128.465683,
            "rank":96.0,
            "area_info":"30평(99.95), 32평(108.48)",
            "last_sales":"2022-02-22,23000.0,30평(99.95)",
            "rank_history":[
                [
                    "202203",
                    96
                ],
                [
                    "202202",
                    94
                ],
                [
                    "202201",
                    93
                ]
            ],
            "rank_gap":-2
        },
        {
            "index":175,
            "아파트명":"서재우방타운",
            "투자타입":"일반",
            "전용면적(m2)":"49.65",
            "전용면적(평)":"15평",
            "법정동주소":"대구시 달성군 다사읍 서재리 146-7",
            "도로명주소":"대구시 달성군 서재로28길 39",
            "세대수":50,
            "입주년차":20,
            "용적률점수":"--",
            "건폐율점수":"--",
            "세대당주차수":30,
            "난방방식":30,
            "공급면적":"--",
            "전용률":"--",
            "욕실수":50,
            "현관타입":10,
            "주거총점":35.0,
            "지역구공급총점":0.0,
            "역세권":0,
            "30분내 이동가능 거점":0,
            "1시간내 이동가능 거점":30,
            "교통총점":6.0,
            "백화점":0,
            "아울렛몰":0,
            "대형마트":0,
            "은행":0,
            "병원":0,
            "종합병원":100,
            "공원":0,
            "혐오시설":0,
            "인프라총점":20.0,
            "초등학군":90.0,
            "중학군":49.62,
            "학군총점":57.696,
            "인구수":28.12,
            "인구증감":6.56,
            "인구총점":21.652,
            "일자리":15.1,
            "소득수준":62.39,
            "일자리총점":29.287,
            "가치 총점":32.9588,
            "매매실거래년":20220108.0,
            "매매실거래가":20000.0,
            "전세실거래년":20200622.0,
            "전세실거래가":6500.0,
            "전세가율":63.11,
            "장기전세가율평균":74.27,
            "전세가율거품지수":11.16,
            "검색코드":10913,
            "세대수":520.0,
            "준공년월":"2002-09-07",
            "준공년차":21.0,
            "가까운역이름":"성서산업단지",
            "가까운역거리":2669.41,
            "역세권여부":"비역세권",
            "30분이내주요거점역":0,
            "30분거점역이름":"[]",
            "1시간이내주요거점역":3,
            "1시간거점역이름":"['반월당', '상인', '수성구청']",
            "3km이내백화점수":0,
            "5km이내아울렛몰수":0,
            "1km이내대형먀트수":0,
            "500m이내은행수":0,
            "500m이내병원수":0,
            "5km이내대형병원수":4,
            "500m이내공원수":0,
            "3km이내혐오시설수":0,
            "초등학교학업성취도":90.0,
            "중학교학업성취도":81.7,
            "용적률":190,
            "건폐율":16,
            "Y":35.875219,
            "X":128.500972,
            "rank":97.0,
            "area_info":"15평(49.65), 23평(76.12), 28평(93.11), 30평(101.7)",
            "last_sales":"2022-01-08,20000.0,30평(101.7)",
            "rank_history":[
                [
                    "202203",
                    97
                ],
                [
                    "202202",
                    92
                ],
                [
                    "202201",
                    86
                ]
            ],
            "rank_gap":-5
        },
        {
            "index":2,
            "아파트명":"국태모닝포유",
            "투자타입":"일반",
            "전용면적(m2)":"97.84",
            "전용면적(평)":"29평",
            "법정동주소":"대구시 달성군 가창면 용계리 33-20",
            "도로명주소":"대구시 달성군 가창로216길 55",
            "세대수":0,
            "입주년차":40,
            "용적률점수":"--",
            "건폐율점수":"--",
            "세대당주차수":30,
            "난방방식":30,
            "공급면적":"--",
            "전용률":"--",
            "욕실수":100,
            "현관타입":100,
            "주거총점":35.5,
            "지역구공급총점":0.0,
            "역세권":0,
            "30분내 이동가능 거점":0,
            "1시간내 이동가능 거점":40,
            "교통총점":8.0,
            "백화점":0,
            "아울렛몰":0,
            "대형마트":80,
            "은행":0,
            "병원":0,
            "종합병원":0,
            "공원":0,
            "혐오시설":0,
            "인프라총점":12.0,
            "초등학군":89.99,
            "중학군":55.26,
            "학군총점":62.206,
            "인구수":28.12,
            "인구증감":6.56,
            "인구총점":21.652,
            "일자리":15.1,
            "소득수준":62.39,
            "일자리총점":29.287,
            "가치 총점":32.3368,
            "매매실거래년":20211103.0,
            "매매실거래가":30300.0,
            "전세실거래년":20191114.0,
            "전세실거래가":5000.0,
            "전세가율":16.5,
            "장기전세가율평균":74.27,
            "전세가율거품지수":57.77,
            "검색코드":18904,
            "세대수":150.0,
            "준공년월":"2005-03-21",
            "준공년차":18.0,
            "가까운역이름":"범물",
            "가까운역거리":2376.95,
            "역세권여부":"비역세권",
            "30분이내주요거점역":0,
            "30분거점역이름":"[]",
            "1시간이내주요거점역":4,
            "1시간거점역이름":"['동대구', '반월당', '상인', '수성구청']",
            "3km이내백화점수":0,
            "5km이내아울렛몰수":0,
            "1km이내대형먀트수":1,
            "500m이내은행수":0,
            "500m이내병원수":0,
            "5km이내대형병원수":0,
            "500m이내공원수":0,
            "3km이내혐오시설수":0,
            "초등학교학업성취도":89.99,
            "중학교학업성취도":91.1,
            "용적률":288,
            "건폐율":21,
            "Y":35.80418,
            "X":128.623595,
            "rank":98.0,
            "area_info":"29평(97.84), 33평(112.11)",
            "last_sales":"2021-11-03,30300.0,29평(97.84)",
            "rank_history":[
                [
                    "202203",
                    98
                ],
                [
                    "202202",
                    93
                ],
                [
                    "202201",
                    100
                ]
            ],
            "rank_gap":-5
        },
        {
            "index":0,
            "아파트명":"가창중석타운",
            "투자타입":"일반",
            "전용면적(m2)":"75.58",
            "전용면적(평)":"22평",
            "법정동주소":"대구시 달성군 가창면 용계리 465",
            "도로명주소":"대구시 달성군 가창로 1008",
            "세대수":30,
            "입주년차":0,
            "용적률점수":"--",
            "건폐율점수":"--",
            "세대당주차수":30,
            "난방방식":30,
            "공급면적":"--",
            "전용률":"--",
            "욕실수":50,
            "현관타입":100,
            "주거총점":33.0,
            "지역구공급총점":0.0,
            "역세권":0,
            "30분내 이동가능 거점":0,
            "1시간내 이동가능 거점":40,
            "교통총점":8.0,
            "백화점":0,
            "아울렛몰":0,
            "대형마트":80,
            "은행":0,
            "병원":0,
            "종합병원":0,
            "공원":0,
            "혐오시설":0,
            "인프라총점":12.0,
            "초등학군":89.99,
            "중학군":55.26,
            "학군총점":62.206,
            "인구수":28.12,
            "인구증감":6.56,
            "인구총점":21.652,
            "일자리":15.1,
            "소득수준":62.39,
            "일자리총점":29.287,
            "가치 총점":31.7118,
            "매매실거래년":20211008.0,
            "매매실거래가":28000.0,
            "전세실거래년":20220211.0,
            "전세실거래가":14000.0,
            "전세가율":70.0,
            "장기전세가율평균":74.27,
            "전세가율거품지수":4.27,
            "검색코드":6603,
            "세대수":360.0,
            "준공년월":"1997-04-30",
            "준공년차":26.0,
            "가까운역이름":"범물",
            "가까운역거리":2956.86,
            "역세권여부":"비역세권",
            "30분이내주요거점역":0,
            "30분거점역이름":"[]",
            "1시간이내주요거점역":4,
            "1시간거점역이름":"['동대구', '반월당', '상인', '수성구청']",
            "3km이내백화점수":0,
            "5km이내아울렛몰수":0,
            "1km이내대형먀트수":1,
            "500m이내은행수":0,
            "500m이내병원수":0,
            "5km이내대형병원수":0,
            "500m이내공원수":0,
            "3km이내혐오시설수":0,
            "초등학교학업성취도":89.99,
            "중학교학업성취도":91.1,
            "용적률":239,
            "건폐율":22,
            "Y":35.79621,
            "X":128.62775,
            "rank":99.0,
            "area_info":"22평(75.58), 30평(100.52)",
            "last_sales":"2021-10-08,28000.0,30평(100.52)",
            "rank_history":[
                [
                    "202203",
                    99
                ],
                [
                    "202202",
                    95
                ],
                [
                    "202201",
                    101
                ]
            ],
            "rank_gap":-4
        },
        {
            "index":272,
            "아파트명":"세광무지개마을",
            "투자타입":"일반",
            "전용면적(m2)":"56.09",
            "전용면적(평)":"16평",
            "법정동주소":"대구시 달성군 옥포읍 본리리 1149",
            "도로명주소":"대구시 달성군 본리로 102",
            "세대수":50,
            "입주년차":20,
            "용적률점수":"--",
            "건폐율점수":"--",
            "세대당주차수":0,
            "난방방식":30,
            "공급면적":"--",
            "전용률":"--",
            "욕실수":50,
            "현관타입":100,
            "주거총점":39.5,
            "지역구공급총점":0.0,
            "역세권":0,
            "30분내 이동가능 거점":0,
            "1시간내 이동가능 거점":10,
            "교통총점":2.0,
            "백화점":0,
            "아울렛몰":0,
            "대형마트":0,
            "은행":0,
            "병원":0,
            "종합병원":0,
            "공원":0,
            "혐오시설":0,
            "인프라총점":0.0,
            "초등학군":90.0,
            "중학군":54.96,
            "학군총점":61.968,
            "인구수":28.12,
            "인구증감":6.56,
            "인구총점":21.652,
            "일자리":15.1,
            "소득수준":62.39,
            "일자리총점":29.287,
            "가치 총점":28.7654,
            "매매실거래년":20220122.0,
            "매매실거래가":6600.0,
            "전세실거래년":20200406.0,
            "전세실거래가":5000.0,
            "전세가율":75.76,
            "장기전세가율평균":74.27,
            "전세가율거품지수":-1.49,
            "검색코드":10050,
            "세대수":475.0,
            "준공년월":"2001-12-29",
            "준공년차":22.0,
            "가까운역이름":"설화명곡",
            "가까운역거리":3199.46,
            "역세권여부":"비역세권",
            "30분이내주요거점역":0,
            "30분거점역이름":"[]",
            "1시간이내주요거점역":1,
            "1시간거점역이름":"['상인']",
            "3km이내백화점수":0,
            "5km이내아울렛몰수":0,
            "1km이내대형먀트수":0,
            "500m이내은행수":0,
            "500m이내병원수":0,
            "5km이내대형병원수":0,
            "500m이내공원수":0,
            "3km이내혐오시설수":0,
            "초등학교학업성취도":90.0,
            "중학교학업성취도":88.0,
            "용적률":337,
            "건폐율":28,
            "Y":35.795241,
            "X":128.454147,
            "rank":100.0,
            "area_info":"16평(56.09), 23평(77.45), 30평(101.42)",
            "last_sales":"2022-01-22,6600.0,16평(56.09)",
            "rank_history":[
                [
                    "202203",
                    100
                ],
                [
                    "202202",
                    96
                ],
                [
                    "202201",
                    99
                ]
            ],
            "rank_gap":-4
        },
        {
            "index":54,
            "아파트명":"논공성원",
            "투자타입":"일반",
            "전용면적(m2)":"53.68",
            "전용면적(평)":"16평",
            "법정동주소":"대구시 달성군 논공읍 북리 803-4",
            "도로명주소":"대구시 달성군 논공로23길 14",
            "세대수":90,
            "입주년차":0,
            "용적률점수":"--",
            "건폐율점수":"--",
            "세대당주차수":0,
            "난방방식":30,
            "공급면적":"--",
            "전용률":"--",
            "욕실수":50,
            "현관타입":10,
            "주거총점":40.5,
            "지역구공급총점":0.0,
            "역세권":0,
            "30분내 이동가능 거점":0,
            "1시간내 이동가능 거점":0,
            "교통총점":0.0,
            "백화점":0,
            "아울렛몰":0,
            "대형마트":0,
            "은행":0,
            "병원":0,
            "종합병원":0,
            "공원":80,
            "혐오시설":0,
            "인프라총점":2.4,
            "초등학군":89.96,
            "중학군":45.9,
            "학군총점":54.712,
            "인구수":28.12,
            "인구증감":6.56,
            "인구총점":21.652,
            "일자리":15.1,
            "소득수준":62.39,
            "일자리총점":29.287,
            "가치 총점":27.2586,
            "매매실거래년":20220207.0,
            "매매실거래가":7700.0,
            "전세실거래년":20211214.0,
            "전세실거래가":3500.0,
            "전세가율":106.06,
            "장기전세가율평균":74.27,
            "전세가율거품지수":-31.79,
            "검색코드":16871,
            "세대수":1364.0,
            "준공년월":"1996-09-06",
            "준공년차":27.0,
            "가까운역이름":"설화명곡",
            "가까운역거리":8457.19,
            "역세권여부":"비역세권",
            "30분이내주요거점역":0,
            "30분거점역이름":"[]",
            "1시간이내주요거점역":0,
            "1시간거점역이름":"[]",
            "3km이내백화점수":0,
            "5km이내아울렛몰수":0,
            "1km이내대형먀트수":0,
            "500m이내은행수":0,
            "500m이내병원수":0,
            "5km이내대형병원수":0,
            "500m이내공원수":1,
            "3km이내혐오시설수":0,
            "초등학교학업성취도":89.96,
            "중학교학업성취도":76.5,
            "용적률":215,
            "건폐율":15,
            "Y":35.73125,
            "X":128.44609,
            "rank":101.0,
            "area_info":"16평(53.68), 21평(71.46), 24평(81.58), 24평(81.04)",
            "last_sales":"2022-02-07,7700.0,24평(81.04)",
            "rank_history":[
                [
                    "202203",
                    101
                ],
                [
                    "202202",
                    97
                ],
                [
                    "202201",
                    95
                ]
            ],
            "rank_gap":-4
        },
        {
            "index":280,
            "아파트명":"옥포제림뉴타운",
            "투자타입":"일반",
            "전용면적(m2)":"63.75",
            "전용면적(평)":"19평",
            "법정동주소":"대구시 달성군 옥포읍 교항리 1519",
            "도로명주소":"대구시 달성군 교항제림길 10",
            "세대수":50,
            "입주년차":20,
            "용적률점수":"--",
            "건폐율점수":"--",
            "세대당주차수":0,
            "난방방식":30,
            "공급면적":"--",
            "전용률":"--",
            "욕실수":50,
            "현관타입":10,
            "주거총점":30.5,
            "지역구공급총점":0.0,
            "역세권":0,
            "30분내 이동가능 거점":0,
            "1시간내 이동가능 거점":10,
            "교통총점":2.0,
            "백화점":0,
            "아울렛몰":0,
            "대형마트":0,
            "은행":0,
            "병원":0,
            "종합병원":0,
            "공원":0,
            "혐오시설":0,
            "인프라총점":0.0,
            "초등학군":90.0,
            "중학군":54.96,
            "학군총점":61.968,
            "인구수":28.12,
            "인구증감":6.56,
            "인구총점":21.652,
            "일자리":15.1,
            "소득수준":62.39,
            "일자리총점":29.287,
            "가치 총점":26.5154,
            "매매실거래년":20220121.0,
            "매매실거래가":17500.0,
            "전세실거래년":20191116.0,
            "전세실거래가":4000.0,
            "전세가율":48.19,
            "장기전세가율평균":74.27,
            "전세가율거품지수":26.08,
            "검색코드":10226,
            "세대수":479.0,
            "준공년월":"1999-04-21",
            "준공년차":24.0,
            "가까운역이름":"설화명곡",
            "가까운역거리":4333.24,
            "역세권여부":"비역세권",
            "30분이내주요거점역":0,
            "30분거점역이름":"[]",
            "1시간이내주요거점역":1,
            "1시간거점역이름":"['상인']",
            "3km이내백화점수":0,
            "5km이내아울렛몰수":0,
            "1km이내대형먀트수":0,
            "500m이내은행수":0,
            "500m이내병원수":0,
            "5km이내대형병원수":0,
            "500m이내공원수":0,
            "3km이내혐오시설수":0,
            "초등학교학업성취도":90.0,
            "중학교학업성취도":88.0,
            "용적률":205,
            "건폐율":21,
            "Y":35.78974,
            "X":128.44261,
            "rank":102.0,
            "area_info":"19평(63.75), 23평(77.53), 32평(107.43), 36평(120.62), 49평(162.91), 53평(175.93)",
            "last_sales":"2022-01-21,17500.0,32평(107.43)",
            "rank_history":[
                [
                    "202203",
                    102
                ],
                [
                    "202202",
                    98
                ],
                [
                    "202201",
                    102
                ]
            ],
            "rank_gap":-4
        },
        {
            "index":4,
            "아파트명":"용계",
            "투자타입":"재건축",
            "전용면적(m2)":"48.77",
            "전용면적(평)":"14평",
            "법정동주소":"대구시 달성군 가창면 용계리 33-16",
            "도로명주소":"대구시 달성군 가창로216길 51",
            "세대수":0,
            "입주년차":"--",
            "용적률점수":0,
            "건폐율점수":0,
            "세대당주차수":"--",
            "난방방식":"--",
            "공급면적":50,
            "전용률":80,
            "욕실수":"--",
            "현관타입":"--",
            "주거총점":6.5,
            "지역구공급총점":0.0,
            "역세권":0,
            "30분내 이동가능 거점":0,
            "1시간내 이동가능 거점":40,
            "교통총점":8.0,
            "백화점":0,
            "아울렛몰":0,
            "대형마트":80,
            "은행":0,
            "병원":0,
            "종합병원":0,
            "공원":0,
            "혐오시설":0,
            "인프라총점":12.0,
            "초등학군":89.99,
            "중학군":55.26,
            "학군총점":62.206,
            "인구수":28.12,
            "인구증감":6.56,
            "인구총점":21.652,
            "일자리":15.1,
            "소득수준":62.39,
            "일자리총점":29.287,
            "가치 총점":25.0868,
            "매매실거래년":"18000101",
            "매매실거래가":null,
            "전세실거래년":null,
            "전세실거래가":null,
            "전세가율":null,
            "장기전세가율평균":74.27,
            "전세가율거품지수":null,
            "검색코드":16863,
            "세대수":88.0,
            "준공년월":"1981-04-18",
            "준공년차":42.0,
            "가까운역이름":"범물",
            "가까운역거리":2363.69,
            "역세권여부":"비역세권",
            "30분이내주요거점역":0,
            "30분거점역이름":"[]",
            "1시간이내주요거점역":4,
            "1시간거점역이름":"['동대구', '반월당', '상인', '수성구청']",
            "3km이내백화점수":0,
            "5km이내아울렛몰수":0,
            "1km이내대형먀트수":1,
            "500m이내은행수":0,
            "500m이내병원수":0,
            "5km이내대형병원수":0,
            "500m이내공원수":0,
            "3km이내혐오시설수":0,
            "초등학교학업성취도":89.99,
            "중학교학업성취도":91.1,
            "용적률":0,
            "건폐율":0,
            "Y":35.80371,
            "X":128.62459,
            "rank":103.0,
            "area_info":"14평(48.77), 15평(52.34), 16평(53.66), 16평(53.85)",
            "last_sales":"1800-01-01,nan,14평(48.77)",
            "rank_history":[
                [
                    "202203",
                    103
                ],
                [
                    "202202",
                    9999
                ]
            ],
            "rank_gap":9999
        },
        {
            "index":62,
            "아파트명":"논공평광행복타운",
            "투자타입":"일반",
            "전용면적(m2)":"77.77",
            "전용면적(평)":"23평",
            "법정동주소":"대구시 달성군 논공읍 남리 578-15",
            "도로명주소":"대구시 달성군 논공중앙로22길 12",
            "세대수":0,
            "입주년차":40,
            "용적률점수":"--",
            "건폐율점수":"--",
            "세대당주차수":0,
            "난방방식":30,
            "공급면적":"--",
            "전용률":"--",
            "욕실수":50,
            "현관타입":50,
            "주거총점":21.0,
            "지역구공급총점":0.0,
            "역세권":0,
            "30분내 이동가능 거점":0,
            "1시간내 이동가능 거점":0,
            "교통총점":0.0,
            "백화점":0,
            "아울렛몰":0,
            "대형마트":0,
            "은행":0,
            "병원":0,
            "종합병원":0,
            "공원":0,
            "혐오시설":0,
            "인프라총점":0.0,
            "초등학군":89.96,
            "중학군":55.04,
            "학군총점":62.024,
            "인구수":28.12,
            "인구증감":6.56,
            "인구총점":21.652,
            "일자리":15.1,
            "소득수준":62.39,
            "일자리총점":29.287,
            "가치 총점":23.8572,
            "매매실거래년":20220204.0,
            "매매실거래가":19500.0,
            "전세실거래년":20210830.0,
            "전세실거래가":4200.0,
            "전세가율":31.34,
            "장기전세가율평균":74.27,
            "전세가율거품지수":42.93,
            "검색코드":101040,
            "세대수":180.0,
            "준공년월":"2004-08-18",
            "준공년차":19.0,
            "가까운역이름":"설화명곡",
            "가까운역거리":8953.75,
            "역세권여부":"비역세권",
            "30분이내주요거점역":0,
            "30분거점역이름":"[]",
            "1시간이내주요거점역":0,
            "1시간거점역이름":"[]",
            "3km이내백화점수":0,
            "5km이내아울렛몰수":0,
            "1km이내대형먀트수":0,
            "500m이내은행수":0,
            "500m이내병원수":0,
            "5km이내대형병원수":0,
            "500m이내공원수":0,
            "3km이내혐오시설수":0,
            "초등학교학업성취도":89.96,
            "중학교학업성취도":88.2,
            "용적률":283,
            "건폐율":23,
            "Y":35.725691,
            "X":128.447551,
            "rank":104.0,
            "area_info":"23평(77.77), 23평(77.77), 32평(107.57), 34평(112.43)",
            "last_sales":"2022-02-04,19500.0,32평(107.57)",
            "rank_history":[
                [
                    "202203",
                    104
                ],
                [
                    "202202",
                    99
                ],
                [
                    "202201",
                    103
                ]
            ],
            "rank_gap":-5
        },
        {
            "index":59,
            "아파트명":"논공주공",
            "투자타입":"일반",
            "전용면적(m2)":"80.41",
            "전용면적(평)":"24평",
            "법정동주소":"대구시 달성군 논공읍 남리 635",
            "도로명주소":"대구시 달성군 남리길 48",
            "세대수":30,
            "입주년차":0,
            "용적률점수":"--",
            "건폐율점수":"--",
            "세대당주차수":0,
            "난방방식":30,
            "공급면적":"--",
            "전용률":"--",
            "욕실수":50,
            "현관타입":10,
            "주거총점":19.5,
            "지역구공급총점":0.0,
            "역세권":0,
            "30분내 이동가능 거점":0,
            "1시간내 이동가능 거점":0,
            "교통총점":0.0,
            "백화점":0,
            "아울렛몰":0,
            "대형마트":0,
            "은행":0,
            "병원":0,
            "종합병원":0,
            "공원":0,
            "혐오시설":0,
            "인프라총점":0.0,
            "초등학군":90.01,
            "중학군":55.04,
            "학군총점":62.034,
            "인구수":28.12,
            "인구증감":6.56,
            "인구총점":21.652,
            "일자리":15.1,
            "소득수준":62.39,
            "일자리총점":29.287,
            "가치 총점":23.4852,
            "매매실거래년":20220215.0,
            "매매실거래가":9850.0,
            "전세실거래년":20210308.0,
            "전세실거래가":6500.0,
            "전세가율":65.99,
            "장기전세가율평균":74.27,
            "전세가율거품지수":8.28,
            "검색코드":6587,
            "세대수":360.0,
            "준공년월":"1997-07-28",
            "준공년차":26.0,
            "가까운역이름":"설화명곡",
            "가까운역거리":9126.05,
            "역세권여부":"비역세권",
            "30분이내주요거점역":0,
            "30분거점역이름":"[]",
            "1시간이내주요거점역":0,
            "1시간거점역이름":"[]",
            "3km이내백화점수":0,
            "5km이내아울렛몰수":0,
            "1km이내대형먀트수":0,
            "500m이내은행수":0,
            "500m이내병원수":0,
            "5km이내대형병원수":0,
            "500m이내공원수":0,
            "3km이내혐오시설수":0,
            "초등학교학업성취도":90.01,
            "중학교학업성취도":88.2,
            "용적률":0,
            "건폐율":0,
            "Y":35.723168,
            "X":128.449847,
            "rank":105.0,
            "area_info":"24평(80.41)",
            "last_sales":"2022-02-15,9850.0,24평(80.41)",
            "rank_history":[
                [
                    "202203",
                    105
                ],
                [
                    "202202",
                    100
                ],
                [
                    "202201",
                    109
                ]
            ],
            "rank_gap":-5
        },
        {
            "index":58,
            "아파트명":"논공우방연합타운",
            "투자타입":"일반",
            "전용면적(m2)":"87.89",
            "전용면적(평)":"26평",
            "법정동주소":"대구시 달성군 논공읍 남리 615-5",
            "도로명주소":"대구시 달성군 논공중앙로22길 36",
            "세대수":0,
            "입주년차":0,
            "용적률점수":"--",
            "건폐율점수":"--",
            "세대당주차수":0,
            "난방방식":30,
            "공급면적":"--",
            "전용률":"--",
            "욕실수":50,
            "현관타입":100,
            "주거총점":18.0,
            "지역구공급총점":0.0,
            "역세권":0,
            "30분내 이동가능 거점":0,
            "1시간내 이동가능 거점":0,
            "교통총점":0.0,
            "백화점":0,
            "아울렛몰":0,
            "대형마트":0,
            "은행":0,
            "병원":0,
            "종합병원":0,
            "공원":0,
            "혐오시설":0,
            "인프라총점":0.0,
            "초등학군":90.01,
            "중학군":55.04,
            "학군총점":62.034,
            "인구수":28.12,
            "인구증감":6.56,
            "인구총점":21.652,
            "일자리":15.1,
            "소득수준":62.39,
            "일자리총점":29.287,
            "가치 총점":23.1102,
            "매매실거래년":20220216.0,
            "매매실거래가":7050.0,
            "전세실거래년":20210924.0,
            "전세실거래가":7000.0,
            "전세가율":99.29,
            "장기전세가율평균":74.27,
            "전세가율거품지수":-25.02,
            "검색코드":6586,
            "세대수":250.0,
            "준공년월":"1996-11-01",
            "준공년차":27.0,
            "가까운역이름":"설화명곡",
            "가까운역거리":9095.85,
            "역세권여부":"비역세권",
            "30분이내주요거점역":0,
            "30분거점역이름":"[]",
            "1시간이내주요거점역":0,
            "1시간거점역이름":"[]",
            "3km이내백화점수":0,
            "5km이내아울렛몰수":0,
            "1km이내대형먀트수":0,
            "500m이내은행수":0,
            "500m이내병원수":0,
            "5km이내대형병원수":0,
            "500m이내공원수":0,
            "3km이내혐오시설수":0,
            "초등학교학업성취도":90.01,
            "중학교학업성취도":88.2,
            "용적률":359,
            "건폐율":24,
            "Y":35.723803,
            "X":128.448878,
            "rank":106.0,
            "area_info":"26평(87.89)",
            "last_sales":"2022-02-16,7050.0,26평(87.89)",
            "rank_history":[
                [
                    "202203",
                    106
                ],
                [
                    "202202",
                    102
                ],
                [
                    "202201",
                    111
                ]
            ],
            "rank_gap":-4
        },
        {
            "index":60,
            "아파트명":"논공청구",
            "투자타입":"재건축",
            "전용면적(m2)":"59.91",
            "전용면적(평)":"18평",
            "법정동주소":"대구시 달성군 논공읍 북리 803",
            "도로명주소":"대구시 달성군 논공로7길 73",
            "세대수":50,
            "입주년차":"--",
            "용적률점수":0,
            "건폐율점수":0,
            "세대당주차수":"--",
            "난방방식":"--",
            "공급면적":50,
            "전용률":100,
            "욕실수":"--",
            "현관타입":"--",
            "주거총점":22.5,
            "지역구공급총점":0.0,
            "역세권":0,
            "30분내 이동가능 거점":0,
            "1시간내 이동가능 거점":0,
            "교통총점":0.0,
            "백화점":0,
            "아울렛몰":0,
            "대형마트":0,
            "은행":0,
            "병원":0,
            "종합병원":0,
            "공원":80,
            "혐오시설":0,
            "인프라총점":2.4,
            "초등학군":89.96,
            "중학군":45.9,
            "학군총점":54.712,
            "인구수":28.12,
            "인구증감":6.56,
            "인구총점":21.652,
            "일자리":15.1,
            "소득수준":62.39,
            "일자리총점":29.287,
            "가치 총점":22.7586,
            "매매실거래년":20220214.0,
            "매매실거래가":7250.0,
            "전세실거래년":20211021.0,
            "전세실거래가":6500.0,
            "전세가율":89.66,
            "장기전세가율평균":74.27,
            "전세가율거품지수":-15.39,
            "검색코드":6588,
            "세대수":511.0,
            "준공년월":"1992-06-26",
            "준공년차":31.0,
            "가까운역이름":"설화명곡",
            "가까운역거리":8650.31,
            "역세권여부":"비역세권",
            "30분이내주요거점역":0,
            "30분거점역이름":"[]",
            "1시간이내주요거점역":0,
            "1시간거점역이름":"[]",
            "3km이내백화점수":0,
            "5km이내아울렛몰수":0,
            "1km이내대형먀트수":0,
            "500m이내은행수":0,
            "500m이내병원수":0,
            "5km이내대형병원수":0,
            "500m이내공원수":1,
            "3km이내혐오시설수":0,
            "초등학교학업성취도":89.96,
            "중학교학업성취도":76.5,
            "용적률":0,
            "건폐율":0,
            "Y":35.731398,
            "X":128.441314,
            "rank":107.0,
            "area_info":"18평(59.91), 25평(84.81)",
            "last_sales":"2022-02-14,7250.0,18평(59.91)",
            "rank_history":[
                [
                    "202203",
                    107
                ],
                [
                    "202202",
                    101
                ],
                [
                    "202201",
                    107
                ]
            ],
            "rank_gap":-6
        },
        {
            "index":77,
            "아파트명":"평광현대3차",
            "투자타입":"재건축",
            "전용면적(m2)":"52.59",
            "전용면적(평)":"15평",
            "법정동주소":"대구시 달성군 논공읍 북리 824-178",
            "도로명주소":"대구시 달성군 용호로 6",
            "세대수":50,
            "입주년차":"--",
            "용적률점수":0,
            "건폐율점수":0,
            "세대당주차수":"--",
            "난방방식":"--",
            "공급면적":50,
            "전용률":80,
            "욕실수":"--",
            "현관타입":"--",
            "주거총점":21.5,
            "지역구공급총점":0.0,
            "역세권":0,
            "30분내 이동가능 거점":0,
            "1시간내 이동가능 거점":0,
            "교통총점":0.0,
            "백화점":0,
            "아울렛몰":0,
            "대형마트":0,
            "은행":0,
            "병원":0,
            "종합병원":0,
            "공원":80,
            "혐오시설":0,
            "인프라총점":2.4,
            "초등학군":89.96,
            "중학군":45.9,
            "학군총점":54.712,
            "인구수":28.12,
            "인구증감":6.56,
            "인구총점":21.652,
            "일자리":15.1,
            "소득수준":62.39,
            "일자리총점":29.287,
            "가치 총점":22.5086,
            "매매실거래년":20220213.0,
            "매매실거래가":8300.0,
            "전세실거래년":20211209.0,
            "전세실거래가":3500.0,
            "전세가율":57.38,
            "장기전세가율평균":74.27,
            "전세가율거품지수":16.89,
            "검색코드":6590,
            "세대수":424.0,
            "준공년월":"1990-11-16",
            "준공년차":33.0,
            "가까운역이름":"설화명곡",
            "가까운역거리":8786.95,
            "역세권여부":"비역세권",
            "30분이내주요거점역":0,
            "30분거점역이름":"[]",
            "1시간이내주요거점역":0,
            "1시간거점역이름":"[]",
            "3km이내백화점수":0,
            "5km이내아울렛몰수":0,
            "1km이내대형먀트수":0,
            "500m이내은행수":0,
            "500m이내병원수":0,
            "5km이내대형병원수":0,
            "500m이내공원수":1,
            "3km이내혐오시설수":0,
            "초등학교학업성취도":89.96,
            "중학교학업성취도":76.5,
            "용적률":0,
            "건폐율":0,
            "Y":35.72759,
            "X":128.44693,
            "rank":108.0,
            "area_info":"15평(52.59), 17평(58.13), 19평(64.11), 21평(69.43)",
            "last_sales":"2022-02-13,8300.0,19평(64.11)",
            "rank_history":[
                [
                    "202203",
                    108
                ],
                [
                    "202202",
                    103
                ],
                [
                    "202201",
                    104
                ]
            ],
            "rank_gap":-5
        },
        {
            "index":370,
            "아파트명":"학산",
            "투자타입":"재건축",
            "전용면적(m2)":"34.07",
            "전용면적(평)":"10평",
            "법정동주소":"대구시 달성군 현풍읍 중리 335-1",
            "도로명주소":"대구시 달성군 현풍동로 23",
            "세대수":30,
            "입주년차":"--",
            "용적률점수":0,
            "건폐율점수":0,
            "세대당주차수":"--",
            "난방방식":"--",
            "공급면적":50,
            "전용률":60,
            "욕실수":"--",
            "현관타입":"--",
            "주거총점":14.5,
            "지역구공급총점":0.0,
            "역세권":0,
            "30분내 이동가능 거점":0,
            "1시간내 이동가능 거점":0,
            "교통총점":0.0,
            "백화점":0,
            "아울렛몰":0,
            "대형마트":0,
            "은행":0,
            "병원":0,
            "종합병원":0,
            "공원":100,
            "혐오시설":0,
            "인프라총점":3.0,
            "초등학군":90.0,
            "중학군":51.78,
            "학군총점":59.424,
            "인구수":28.12,
            "인구증감":6.56,
            "인구총점":21.652,
            "일자리":15.1,
            "소득수준":62.39,
            "일자리총점":29.287,
            "가치 총점":22.3522,
            "매매실거래년":20220221.0,
            "매매실거래가":4200.0,
            "전세실거래년":20220125.0,
            "전세실거래가":4000.0,
            "전세가율":95.24,
            "장기전세가율평균":74.27,
            "전세가율거품지수":-20.97,
            "검색코드":6609,
            "세대수":380.0,
            "준공년월":"1987-07-03",
            "준공년차":36.0,
            "가까운역이름":"설화명곡",
            "가까운역거리":12287.15,
            "역세권여부":"비역세권",
            "30분이내주요거점역":0,
            "30분거점역이름":"[]",
            "1시간이내주요거점역":0,
            "1시간거점역이름":"[]",
            "3km이내백화점수":0,
            "5km이내아울렛몰수":0,
            "1km이내대형먀트수":0,
            "500m이내은행수":0,
            "500m이내병원수":0,
            "5km이내대형병원수":0,
            "500m이내공원수":2,
            "3km이내혐오시설수":0,
            "초등학교학업성취도":90.0,
            "중학교학업성취도":86.3,
            "용적률":0,
            "건폐율":0,
            "Y":35.69338,
            "X":128.44823,
            "rank":109.0,
            "area_info":"10평(34.07), 14평(46.75), 14평(47.42), 16평(55.39), 19평(64.03), 23평(76.99)",
            "last_sales":"2022-02-21,4200.0,10평(34.07)",
            "rank_history":[
                [
                    "202203",
                    109
                ],
                [
                    "202202",
                    104
                ],
                [
                    "202201",
                    106
                ]
            ],
            "rank_gap":-5
        },
        {
            "index":73,
            "아파트명":"평광현대1,2차",
            "투자타입":"재건축",
            "전용면적(m2)":"35.79",
            "전용면적(평)":"10평",
            "법정동주소":"대구시 달성군 논공읍 북리 803-3",
            "도로명주소":"대구시 달성군 논공로21길 15",
            "세대수":30,
            "입주년차":"--",
            "용적률점수":0,
            "건폐율점수":0,
            "세대당주차수":"--",
            "난방방식":"--",
            "공급면적":50,
            "전용률":100,
            "욕실수":"--",
            "현관타입":"--",
            "주거총점":16.5,
            "지역구공급총점":0.0,
            "역세권":0,
            "30분내 이동가능 거점":0,
            "1시간내 이동가능 거점":0,
            "교통총점":0.0,
            "백화점":0,
            "아울렛몰":0,
            "대형마트":0,
            "은행":0,
            "병원":0,
            "종합병원":0,
            "공원":80,
            "혐오시설":0,
            "인프라총점":2.4,
            "초등학군":89.96,
            "중학군":45.9,
            "학군총점":54.712,
            "인구수":28.12,
            "인구증감":6.56,
            "인구총점":21.652,
            "일자리":15.1,
            "소득수준":62.39,
            "일자리총점":29.287,
            "가치 총점":21.2586,
            "매매실거래년":20220223.0,
            "매매실거래가":5000.0,
            "전세실거래년":20211223.0,
            "전세실거래가":3700.0,
            "전세가율":88.1,
            "장기전세가율평균":74.27,
            "전세가율거품지수":-13.83,
            "검색코드":6589,
            "세대수":340.0,
            "준공년월":"1989-06-27",
            "준공년차":34.0,
            "가까운역이름":"설화명곡",
            "가까운역거리":8606.55,
            "역세권여부":"비역세권",
            "30분이내주요거점역":0,
            "30분거점역이름":"[]",
            "1시간이내주요거점역":0,
            "1시간거점역이름":"[]",
            "3km이내백화점수":0,
            "5km이내아울렛몰수":0,
            "1km이내대형먀트수":0,
            "500m이내은행수":0,
            "500m이내병원수":0,
            "5km이내대형병원수":0,
            "500m이내공원수":1,
            "3km이내혐오시설수":0,
            "초등학교학업성취도":89.96,
            "중학교학업성취도":76.5,
            "용적률":0,
            "건폐율":0,
            "Y":35.730838,
            "X":128.443527,
            "rank":110.0,
            "area_info":"10평(35.79), 11평(38.22), 12평(42.09), 14평(47.4)",
            "last_sales":"2022-02-23,5000.0,11평(38.22)",
            "rank_history":[
                [
                    "202203",
                    110
                ],
                [
                    "202202",
                    105
                ],
                [
                    "202201",
                    108
                ]
            ],
            "rank_gap":-5
        },
        {
            "index":365,
            "아파트명":"주공",
            "투자타입":"재건축",
            "전용면적(m2)":"44.54",
            "전용면적(평)":"13평",
            "법정동주소":"대구시 달성군 현풍읍 원교리 103",
            "도로명주소":"대구시 달성군 비슬로120길 13",
            "세대수":0,
            "입주년차":"--",
            "용적률점수":0,
            "건폐율점수":0,
            "세대당주차수":"--",
            "난방방식":"--",
            "공급면적":50,
            "전용률":100,
            "욕실수":"--",
            "현관타입":"--",
            "주거총점":7.5,
            "지역구공급총점":0.0,
            "역세권":0,
            "30분내 이동가능 거점":0,
            "1시간내 이동가능 거점":0,
            "교통총점":0.0,
            "백화점":0,
            "아울렛몰":0,
            "대형마트":0,
            "은행":0,
            "병원":0,
            "종합병원":0,
            "공원":80,
            "혐오시설":0,
            "인프라총점":2.4,
            "초등학군":90.02,
            "중학군":51.78,
            "학군총점":59.428,
            "인구수":28.12,
            "인구증감":6.56,
            "인구총점":21.652,
            "일자리":15.1,
            "소득수준":62.39,
            "일자리총점":29.287,
            "가치 총점":20.4234,
            "매매실거래년":20140920.0,
            "매매실거래가":7800.0,
            "전세실거래년":null,
            "전세실거래가":null,
            "전세가율":null,
            "장기전세가율평균":74.27,
            "전세가율거품지수":null,
            "검색코드":6606,
            "세대수":230.0,
            "준공년월":"1985-12-03",
            "준공년차":38.0,
            "가까운역이름":"설화명곡",
            "가까운역거리":12514.78,
            "역세권여부":"비역세권",
            "30분이내주요거점역":0,
            "30분거점역이름":"[]",
            "1시간이내주요거점역":0,
            "1시간거점역이름":"[]",
            "3km이내백화점수":0,
            "5km이내아울렛몰수":0,
            "1km이내대형먀트수":0,
            "500m이내은행수":0,
            "500m이내병원수":0,
            "5km이내대형병원수":0,
            "500m이내공원수":1,
            "3km이내혐오시설수":0,
            "초등학교학업성취도":90.02,
            "중학교학업성취도":86.3,
            "용적률":0,
            "건폐율":0,
            "Y":35.692419,
            "X":128.443796,
            "rank":111.0,
            "area_info":"13평(44.54), 13평(45.12), 15평(52.14), 15평(52.5), 15평(52.49)",
            "last_sales":"2014-09-20,7800.0,15평(52.49)",
            "rank_history":[
                [
                    "202203",
                    111
                ],
                [
                    "202202",
                    106
                ],
                [
                    "202201",
                    110
                ]
            ],
            "rank_gap":-5
        },
        {
            "index":358,
            "아파트명":"제일",
            "투자타입":"재건축",
            "전용면적(m2)":"59.95",
            "전용면적(평)":"18평",
            "법정동주소":"대구시 달성군 현풍읍 중리 94-2",
            "도로명주소":"대구시 달성군 현풍로24길 6",
            "세대수":0,
            "입주년차":"--",
            "용적률점수":0,
            "건폐율점수":0,
            "세대당주차수":"--",
            "난방방식":"--",
            "공급면적":50,
            "전용률":100,
            "욕실수":"--",
            "현관타입":"--",
            "주거총점":7.5,
            "지역구공급총점":0.0,
            "역세권":0,
            "30분내 이동가능 거점":0,
            "1시간내 이동가능 거점":0,
            "교통총점":0.0,
            "백화점":0,
            "아울렛몰":0,
            "대형마트":0,
            "은행":0,
            "병원":0,
            "종합병원":0,
            "공원":100,
            "혐오시설":0,
            "인프라총점":3.0,
            "초등학군":90.0,
            "중학군":50.36,
            "학군총점":58.288,
            "인구수":28.12,
            "인구증감":6.56,
            "인구총점":21.652,
            "일자리":15.1,
            "소득수준":62.39,
            "일자리총점":29.287,
            "가치 총점":20.2614,
            "매매실거래년":20210925.0,
            "매매실거래가":9250.0,
            "전세실거래년":20180908.0,
            "전세실거래가":5700.0,
            "전세가율":75.0,
            "장기전세가율평균":74.27,
            "전세가율거품지수":-0.73,
            "검색코드":106958,
            "세대수":72.0,
            "준공년월":"1992-06-02",
            "준공년차":31.0,
            "가까운역이름":"설화명곡",
            "가까운역거리":11877.25,
            "역세권여부":"비역세권",
            "30분이내주요거점역":0,
            "30분거점역이름":"[]",
            "1시간이내주요거점역":0,
            "1시간거점역이름":"[]",
            "3km이내백화점수":0,
            "5km이내아울렛몰수":0,
            "1km이내대형먀트수":0,
            "500m이내은행수":0,
            "500m이내병원수":0,
            "5km이내대형병원수":0,
            "500m이내공원수":2,
            "3km이내혐오시설수":0,
            "초등학교학업성취도":90.0,
            "중학교학업성취도":83.0,
            "용적률":0,
            "건폐율":0,
            "Y":35.696419,
            "X":128.451498,
            "rank":112.0,
            "area_info":"18평(59.95), 18평(59.76), 19평(64.74), 21평(69.87)",
            "last_sales":"2021-09-25,9250.0,21평(69.87)",
            "rank_history":[
                [
                    "202203",
                    112
                ],
                [
                    "202202",
                    9999
                ]
            ],
            "rank_gap":9999
        },
        {
            "index":344,
            "아파트명":"금성",
            "투자타입":"재건축",
            "전용면적(m2)":"67.85",
            "전용면적(평)":"20평",
            "법정동주소":"대구시 달성군 현풍읍 중리 286-2",
            "도로명주소":"대구시 달성군 현풍중앙로14길 85",
            "세대수":0,
            "입주년차":"--",
            "용적률점수":0,
            "건폐율점수":0,
            "세대당주차수":"--",
            "난방방식":"--",
            "공급면적":50,
            "전용률":80,
            "욕실수":"--",
            "현관타입":"--",
            "주거총점":6.5,
            "지역구공급총점":0.0,
            "역세권":0,
            "30분내 이동가능 거점":0,
            "1시간내 이동가능 거점":0,
            "교통총점":0.0,
            "백화점":0,
            "아울렛몰":0,
            "대형마트":0,
            "은행":0,
            "병원":0,
            "종합병원":0,
            "공원":100,
            "혐오시설":0,
            "인프라총점":3.0,
            "초등학군":90.0,
            "중학군":50.36,
            "학군총점":58.288,
            "인구수":28.12,
            "인구증감":6.56,
            "인구총점":21.652,
            "일자리":15.1,
            "소득수준":62.39,
            "일자리총점":29.287,
            "가치 총점":20.0114,
            "매매실거래년":20211119.0,
            "매매실거래가":7200.0,
            "전세실거래년":20210610.0,
            "전세실거래가":5500.0,
            "전세가율":76.39,
            "장기전세가율평균":74.27,
            "전세가율거품지수":-2.12,
            "검색코드":107957,
            "세대수":99.0,
            "준공년월":"1990-03-06",
            "준공년차":33.0,
            "가까운역이름":"설화명곡",
            "가까운역거리":12126.09,
            "역세권여부":"비역세권",
            "30분이내주요거점역":0,
            "30분거점역이름":"[]",
            "1시간이내주요거점역":0,
            "1시간거점역이름":"[]",
            "3km이내백화점수":0,
            "5km이내아울렛몰수":0,
            "1km이내대형먀트수":0,
            "500m이내은행수":0,
            "500m이내병원수":0,
            "5km이내대형병원수":0,
            "500m이내공원수":4,
            "3km이내혐오시설수":0,
            "초등학교학업성취도":90.0,
            "중학교학업성취도":83.0,
            "용적률":0,
            "건폐율":0,
            "Y":35.694478,
            "X":128.449885,
            "rank":113.0,
            "area_info":"20평(67.85), 22평(75.84)",
            "last_sales":"2021-11-19,7200.0,20평(67.85)",
            "rank_history":[
                [
                    "202203",
                    113
                ],
                [
                    "202202",
                    9999
                ]
            ],
            "rank_gap":9999
        }
    ]
}