{
    "schema":{
        "fields":[
            {
                "name":"index",
                "type":"integer"
            },
            {
                "name":"아파트명",
                "type":"string"
            },
            {
                "name":"투자타입",
                "type":"string"
            },
            {
                "name":"전용면적(m2)",
                "type":"string"
            },
            {
                "name":"전용면적(평)",
                "type":"string"
            },
            {
                "name":"법정동주소",
                "type":"string"
            },
            {
                "name":"도로명주소",
                "type":"string"
            },
            {
                "name":"세대수",
                "type":"integer"
            },
            {
                "name":"입주년차",
                "type":"string"
            },
            {
                "name":"용적률점수",
                "type":"string"
            },
            {
                "name":"건폐율점수",
                "type":"string"
            },
            {
                "name":"세대당주차수",
                "type":"string"
            },
            {
                "name":"난방방식",
                "type":"string"
            },
            {
                "name":"공급면적",
                "type":"string"
            },
            {
                "name":"전용률",
                "type":"string"
            },
            {
                "name":"욕실수",
                "type":"string"
            },
            {
                "name":"현관타입",
                "type":"string"
            },
            {
                "name":"주거총점",
                "type":"number"
            },
            {
                "name":"지역구공급총점",
                "type":"number"
            },
            {
                "name":"역세권",
                "type":"integer"
            },
            {
                "name":"30분내 이동가능 거점",
                "type":"integer"
            },
            {
                "name":"1시간내 이동가능 거점",
                "type":"integer"
            },
            {
                "name":"교통총점",
                "type":"number"
            },
            {
                "name":"백화점",
                "type":"integer"
            },
            {
                "name":"아울렛몰",
                "type":"integer"
            },
            {
                "name":"대형마트",
                "type":"integer"
            },
            {
                "name":"은행",
                "type":"integer"
            },
            {
                "name":"병원",
                "type":"integer"
            },
            {
                "name":"종합병원",
                "type":"integer"
            },
            {
                "name":"공원",
                "type":"integer"
            },
            {
                "name":"혐오시설",
                "type":"integer"
            },
            {
                "name":"인프라총점",
                "type":"number"
            },
            {
                "name":"초등학군",
                "type":"number"
            },
            {
                "name":"중학군",
                "type":"number"
            },
            {
                "name":"학군총점",
                "type":"number"
            },
            {
                "name":"인구수",
                "type":"number"
            },
            {
                "name":"인구증감",
                "type":"number"
            },
            {
                "name":"인구총점",
                "type":"number"
            },
            {
                "name":"일자리",
                "type":"number"
            },
            {
                "name":"소득수준",
                "type":"number"
            },
            {
                "name":"일자리총점",
                "type":"number"
            },
            {
                "name":"가치 총점",
                "type":"number"
            },
            {
                "name":"매매실거래년",
                "type":"string"
            },
            {
                "name":"매매실거래가",
                "type":"number"
            },
            {
                "name":"전세실거래년",
                "type":"number"
            },
            {
                "name":"전세실거래가",
                "type":"number"
            },
            {
                "name":"전세가율",
                "type":"number"
            },
            {
                "name":"장기전세가율평균",
                "type":"number"
            },
            {
                "name":"전세가율거품지수",
                "type":"number"
            },
            {
                "name":"검색코드",
                "type":"integer"
            },
            {
                "name":"세대수",
                "type":"number"
            },
            {
                "name":"준공년월",
                "type":"string"
            },
            {
                "name":"준공년차",
                "type":"number"
            },
            {
                "name":"가까운역이름",
                "type":"string"
            },
            {
                "name":"가까운역거리",
                "type":"number"
            },
            {
                "name":"역세권여부",
                "type":"string"
            },
            {
                "name":"30분이내주요거점역",
                "type":"integer"
            },
            {
                "name":"30분거점역이름",
                "type":"string"
            },
            {
                "name":"1시간이내주요거점역",
                "type":"integer"
            },
            {
                "name":"1시간거점역이름",
                "type":"string"
            },
            {
                "name":"3km이내백화점수",
                "type":"integer"
            },
            {
                "name":"5km이내아울렛몰수",
                "type":"integer"
            },
            {
                "name":"1km이내대형먀트수",
                "type":"integer"
            },
            {
                "name":"500m이내은행수",
                "type":"integer"
            },
            {
                "name":"500m이내병원수",
                "type":"integer"
            },
            {
                "name":"5km이내대형병원수",
                "type":"integer"
            },
            {
                "name":"500m이내공원수",
                "type":"integer"
            },
            {
                "name":"3km이내혐오시설수",
                "type":"integer"
            },
            {
                "name":"초등학교학업성취도",
                "type":"number"
            },
            {
                "name":"중학교학업성취도",
                "type":"number"
            },
            {
                "name":"용적률",
                "type":"integer"
            },
            {
                "name":"건폐율",
                "type":"integer"
            },
            {
                "name":"Y",
                "type":"number"
            },
            {
                "name":"X",
                "type":"number"
            },
            {
                "name":"rank",
                "type":"number"
            },
            {
                "name":"area_info",
                "type":"string"
            },
            {
                "name":"last_sales",
                "type":"string"
            },
            {
                "name":"rank_history",
                "type":"string"
            },
            {
                "name":"rank_gap",
                "type":"integer"
            }
        ],
        "primaryKey":[
            "index"
        ],
        "pandas_version":"1.4.0"
    },
    "data":[
        {
            "index":149,
            "아파트명":"이스트시티1단지",
            "투자타입":"일반",
            "전용면적(m2)":"86.0",
            "전용면적(평)":"26평",
            "법정동주소":"대전시 동구 대동 539",
            "도로명주소":"대전시 동구 동대전로46번길 30",
            "세대수":90,
            "입주년차":80,
            "용적률점수":"--",
            "건폐율점수":"--",
            "세대당주차수":30,
            "난방방식":30,
            "공급면적":"--",
            "전용률":"--",
            "욕실수":100,
            "현관타입":100,
            "주거총점":75.0,
            "지역구공급총점":0.0,
            "역세권":80,
            "30분내 이동가능 거점":80,
            "1시간내 이동가능 거점":60,
            "교통총점":76.0,
            "백화점":0,
            "아울렛몰":0,
            "대형마트":100,
            "은행":0,
            "병원":0,
            "종합병원":100,
            "공원":100,
            "혐오시설":0,
            "인프라총점":38.0,
            "초등학군":90.0,
            "중학군":44.94,
            "학군총점":53.952,
            "인구수":23.68,
            "인구증감":2.48,
            "인구총점":17.32,
            "일자리":11.23,
            "소득수준":73.18,
            "일자리총점":29.815,
            "가치 총점":57.7356,
            "매매실거래년":20220124.0,
            "매매실거래가":50000.0,
            "전세실거래년":20220215.0,
            "전세실거래가":25200.0,
            "전세가율":50.4,
            "장기전세가율평균":70.6,
            "전세가율거품지수":20.2,
            "검색코드":115287,
            "세대수":1345.0,
            "준공년월":"2018-11-16",
            "준공년차":5.0,
            "가까운역이름":"대동",
            "가까운역거리":478.56,
            "역세권여부":"역세권",
            "30분이내주요거점역":4,
            "30분거점역이름":"['대전', '시청', '정부청사', '탄방']",
            "1시간이내주요거점역":6,
            "1시간거점역이름":"['대전', '유성온천', '시청', '반석', '정부청사', '탄방']",
            "3km이내백화점수":0,
            "5km이내아울렛몰수":0,
            "1km이내대형먀트수":2,
            "500m이내은행수":1,
            "500m이내병원수":0,
            "5km이내대형병원수":5,
            "500m이내공원수":3,
            "3km이내혐오시설수":0,
            "초등학교학업성취도":90.0,
            "중학교학업성취도":73.9,
            "용적률":231,
            "건폐율":14,
            "Y":36.326815,
            "X":127.43875,
            "rank":1.0,
            "area_info":"26평(86.0), 30평(100.78), 30평(101.53), 34평(113.11), 34평(113.11), 34평(113.11)",
            "last_sales":"2022-01-24,50000.0,26평(86.0)",
            "rank_history":[
                [
                    "202203",
                    1
                ],
                [
                    "202202",
                    1
                ],
                [
                    "202201",
                    1
                ]
            ],
            "rank_gap":0
        },
        {
            "index":137,
            "아파트명":"새들뫼휴먼시아1단지",
            "투자타입":"일반",
            "전용면적(m2)":"99.78",
            "전용면적(평)":"30평",
            "법정동주소":"대전시 동구 대동 527",
            "도로명주소":"대전시 동구 계족로 137",
            "세대수":80,
            "입주년차":60,
            "용적률점수":"--",
            "건폐율점수":"--",
            "세대당주차수":30,
            "난방방식":30,
            "공급면적":"--",
            "전용률":"--",
            "욕실수":100,
            "현관타입":100,
            "주거총점":67.5,
            "지역구공급총점":0.0,
            "역세권":80,
            "30분내 이동가능 거점":100,
            "1시간내 이동가능 거점":60,
            "교통총점":82.0,
            "백화점":0,
            "아울렛몰":0,
            "대형마트":80,
            "은행":20,
            "병원":0,
            "종합병원":100,
            "공원":100,
            "혐오시설":0,
            "인프라총점":37.0,
            "초등학군":90.0,
            "중학군":44.94,
            "학군총점":53.952,
            "인구수":23.68,
            "인구증감":2.48,
            "인구총점":17.32,
            "일자리":11.23,
            "소득수준":73.18,
            "일자리총점":29.815,
            "가치 총점":56.4606,
            "매매실거래년":20211109.0,
            "매매실거래가":71000.0,
            "전세실거래년":20211126.0,
            "전세실거래가":25200.0,
            "전세가율":56.76,
            "장기전세가율평균":70.6,
            "전세가율거품지수":13.84,
            "검색코드":27418,
            "세대수":897.0,
            "준공년월":"2010-10-04",
            "준공년차":13.0,
            "가까운역이름":"대동",
            "가까운역거리":241.91,
            "역세권여부":"역세권",
            "30분이내주요거점역":5,
            "30분거점역이름":"['대전', '유성온천', '시청', '정부청사', '탄방']",
            "1시간이내주요거점역":6,
            "1시간거점역이름":"['대전', '유성온천', '시청', '반석', '정부청사', '탄방']",
            "3km이내백화점수":0,
            "5km이내아울렛몰수":0,
            "1km이내대형먀트수":1,
            "500m이내은행수":2,
            "500m이내병원수":0,
            "5km이내대형병원수":5,
            "500m이내공원수":9,
            "3km이내혐오시설수":0,
            "초등학교학업성취도":90.0,
            "중학교학업성취도":73.9,
            "용적률":247,
            "건폐율":19,
            "Y":36.32745,
            "X":127.442324,
            "rank":2.0,
            "area_info":"30평(99.78), 30평(99.78), 34평(112.91), 34평(112.91), 34평(112.91), 34평(113.11), 34평(113.1), 34평(113.11), 34평(113.11), 34평(113.11), 47평(157.96), 47평(157.96)",
            "last_sales":"2021-11-09,71000.0,47평(157.96)",
            "rank_history":[
                [
                    "202203",
                    2
                ],
                [
                    "202202",
                    2
                ],
                [
                    "202201",
                    5
                ]
            ],
            "rank_gap":0
        },
        {
            "index":155,
            "아파트명":"펜타뷰",
            "투자타입":"일반",
            "전용면적(m2)":"84.65",
            "전용면적(평)":"25평",
            "법정동주소":"대전시 동구 대동 535",
            "도로명주소":"대전시 동구 계족로140번길 33",
            "세대수":80,
            "입주년차":60,
            "용적률점수":"--",
            "건폐율점수":"--",
            "세대당주차수":30,
            "난방방식":30,
            "공급면적":"--",
            "전용률":"--",
            "욕실수":100,
            "현관타입":100,
            "주거총점":67.5,
            "지역구공급총점":0.0,
            "역세권":80,
            "30분내 이동가능 거점":80,
            "1시간내 이동가능 거점":60,
            "교통총점":76.0,
            "백화점":0,
            "아울렛몰":0,
            "대형마트":80,
            "은행":20,
            "병원":0,
            "종합병원":100,
            "공원":100,
            "혐오시설":0,
            "인프라총점":37.0,
            "초등학군":89.97,
            "중학군":44.94,
            "학군총점":53.946,
            "인구수":23.68,
            "인구증감":2.48,
            "인구총점":17.32,
            "일자리":11.23,
            "소득수준":73.18,
            "일자리총점":29.815,
            "가치 총점":55.5588,
            "매매실거래년":20211204.0,
            "매매실거래가":69800.0,
            "전세실거래년":20210402.0,
            "전세실거래가":27000.0,
            "전세가율":67.5,
            "장기전세가율평균":70.6,
            "전세가율거품지수":3.1,
            "검색코드":103468,
            "세대수":767.0,
            "준공년월":"2011-10-20",
            "준공년차":12.0,
            "가까운역이름":"대동",
            "가까운역거리":345.39,
            "역세권여부":"역세권",
            "30분이내주요거점역":4,
            "30분거점역이름":"['대전', '시청', '정부청사', '탄방']",
            "1시간이내주요거점역":6,
            "1시간거점역이름":"['대전', '유성온천', '시청', '반석', '정부청사', '탄방']",
            "3km이내백화점수":0,
            "5km이내아울렛몰수":0,
            "1km이내대형먀트수":1,
            "500m이내은행수":2,
            "500m이내병원수":0,
            "5km이내대형병원수":5,
            "500m이내공원수":9,
            "3km이내혐오시설수":0,
            "초등학교학업성취도":89.97,
            "중학교학업성취도":73.9,
            "용적률":236,
            "건폐율":17,
            "Y":36.327629,
            "X":127.445832,
            "rank":3.0,
            "area_info":"25평(84.65), 25평(84.11), 25평(84.88), 33평(111.87), 33평(111.87), 33평(111.83), 33평(111.79), 33평(111.74), 33평(111.99), 33평(111.74), 33평(111.87), 33평(111.87), 33평(111.74), 33평(111.74), 33평(111.98), 46평(153.05), 46평(153.05), 46평(153.57), 46평(153.5), 46평(153.6)",
            "last_sales":"2021-12-04,69800.0,46평(153.05)",
            "rank_history":[
                [
                    "202203",
                    3
                ],
                [
                    "202202",
                    3
                ],
                [
                    "202201",
                    4
                ]
            ],
            "rank_gap":0
        },
        {
            "index":398,
            "아파트명":"휴먼시아2단지",
            "투자타입":"일반",
            "전용면적(m2)":"99.72",
            "전용면적(평)":"30평",
            "법정동주소":"대전시 동구 천동 528",
            "도로명주소":"대전시 동구 대전로542번길 78-1",
            "세대수":80,
            "입주년차":40,
            "용적률점수":"--",
            "건폐율점수":"--",
            "세대당주차수":30,
            "난방방식":30,
            "공급면적":"--",
            "전용률":"--",
            "욕실수":100,
            "현관타입":100,
            "주거총점":63.5,
            "지역구공급총점":0.0,
            "역세권":80,
            "30분내 이동가능 거점":80,
            "1시간내 이동가능 거점":60,
            "교통총점":76.0,
            "백화점":0,
            "아울렛몰":0,
            "대형마트":80,
            "은행":0,
            "병원":0,
            "종합병원":100,
            "공원":100,
            "혐오시설":0,
            "인프라총점":35.0,
            "초등학군":89.99,
            "중학군":48.42,
            "학군총점":56.734,
            "인구수":23.68,
            "인구증감":2.48,
            "인구총점":17.32,
            "일자리":11.23,
            "소득수준":73.18,
            "일자리총점":29.815,
            "가치 총점":54.7952,
            "매매실거래년":20220110.0,
            "매매실거래가":29500.0,
            "전세실거래년":20201218.0,
            "전세실거래가":19000.0,
            "전세가율":64.41,
            "장기전세가율평균":70.6,
            "전세가율거품지수":6.19,
            "검색코드":101822,
            "세대수":763.0,
            "준공년월":"2008-11-06",
            "준공년차":15.0,
            "가까운역이름":"신흥",
            "가까운역거리":483.79,
            "역세권여부":"역세권",
            "30분이내주요거점역":4,
            "30분거점역이름":"['대전', '시청', '정부청사', '탄방']",
            "1시간이내주요거점역":6,
            "1시간거점역이름":"['대전', '유성온천', '시청', '반석', '정부청사', '탄방']",
            "3km이내백화점수":0,
            "5km이내아울렛몰수":0,
            "1km이내대형먀트수":1,
            "500m이내은행수":0,
            "500m이내병원수":0,
            "5km이내대형병원수":4,
            "500m이내공원수":3,
            "3km이내혐오시설수":0,
            "초등학교학업성취도":89.99,
            "중학교학업성취도":78.9,
            "용적률":190,
            "건폐율":11,
            "Y":36.315329,
            "X":127.448257,
            "rank":4.0,
            "area_info":"30평(99.72), 33평(111.51), 33평(111.37), 33평(111.18), 43평(142.36)",
            "last_sales":"2022-01-10,29500.0,30평(99.72)",
            "rank_history":[
                [
                    "202203",
                    4
                ],
                [
                    "202202",
                    4
                ],
                [
                    "202201",
                    11
                ]
            ],
            "rank_gap":0
        },
        {
            "index":239,
            "아파트명":"신흥마을",
            "투자타입":"일반",
            "전용면적(m2)":"79.31",
            "전용면적(평)":"23평",
            "법정동주소":"대전시 동구 신흥동 212",
            "도로명주소":"대전시 동구 옥천로 38",
            "세대수":80,
            "입주년차":40,
            "용적률점수":"--",
            "건폐율점수":"--",
            "세대당주차수":0,
            "난방방식":30,
            "공급면적":"--",
            "전용률":"--",
            "욕실수":100,
            "현관타입":100,
            "주거총점":59.0,
            "지역구공급총점":0.0,
            "역세권":80,
            "30분내 이동가능 거점":80,
            "1시간내 이동가능 거점":60,
            "교통총점":76.0,
            "백화점":0,
            "아울렛몰":0,
            "대형마트":80,
            "은행":0,
            "병원":0,
            "종합병원":100,
            "공원":100,
            "혐오시설":0,
            "인프라총점":35.0,
            "초등학군":89.99,
            "중학군":44.94,
            "학군총점":53.95,
            "인구수":23.68,
            "인구증감":2.48,
            "인구총점":17.32,
            "일자리":11.23,
            "소득수준":73.18,
            "일자리총점":29.815,
            "가치 총점":52.835,
            "매매실거래년":20211125.0,
            "매매실거래가":33200.0,
            "전세실거래년":20210830.0,
            "전세실거래가":24000.0,
            "전세가율":90.57,
            "장기전세가율평균":70.6,
            "전세가율거품지수":-19.97,
            "검색코드":18746,
            "세대수":721.0,
            "준공년월":"2006-05-03",
            "준공년차":17.0,
            "가까운역이름":"신흥",
            "가까운역거리":380.88,
            "역세권여부":"역세권",
            "30분이내주요거점역":4,
            "30분거점역이름":"['대전', '시청', '정부청사', '탄방']",
            "1시간이내주요거점역":6,
            "1시간거점역이름":"['대전', '유성온천', '시청', '반석', '정부청사', '탄방']",
            "3km이내백화점수":0,
            "5km이내아울렛몰수":0,
            "1km이내대형먀트수":1,
            "500m이내은행수":0,
            "500m이내병원수":0,
            "5km이내대형병원수":4,
            "500m이내공원수":3,
            "3km이내혐오시설수":0,
            "초등학교학업성취도":89.99,
            "중학교학업성취도":73.9,
            "용적률":208,
            "건폐율":13,
            "Y":36.32063,
            "X":127.444723,
            "rank":5.0,
            "area_info":"23평(79.31), 24평(80.2), 28평(95.55), 33평(109.11)",
            "last_sales":"2021-11-25,33200.0,33평(109.11)",
            "rank_history":[
                [
                    "202203",
                    5
                ],
                [
                    "202202",
                    5
                ],
                [
                    "202201",
                    18
                ]
            ],
            "rank_gap":0
        },
        {
            "index":385,
            "아파트명":"위드힐",
            "투자타입":"일반",
            "전용면적(m2)":"82.8",
            "전용면적(평)":"25평",
            "법정동주소":"대전시 동구 천동 540",
            "도로명주소":"대전시 동구 대전로542번길 121",
            "세대수":90,
            "입주년차":60,
            "용적률점수":"--",
            "건폐율점수":"--",
            "세대당주차수":30,
            "난방방식":30,
            "공급면적":"--",
            "전용률":"--",
            "욕실수":100,
            "현관타입":100,
            "주거총점":71.0,
            "지역구공급총점":0.0,
            "역세권":50,
            "30분내 이동가능 거점":60,
            "1시간내 이동가능 거점":60,
            "교통총점":55.0,
            "백화점":0,
            "아울렛몰":0,
            "대형마트":80,
            "은행":0,
            "병원":0,
            "종합병원":100,
            "공원":100,
            "혐오시설":0,
            "인프라총점":35.0,
            "초등학군":89.99,
            "중학군":43.74,
            "학군총점":52.99,
            "인구수":23.68,
            "인구증감":2.48,
            "인구총점":17.32,
            "일자리":11.23,
            "소득수준":73.18,
            "일자리총점":29.815,
            "가치 총점":52.397,
            "매매실거래년":20211016.0,
            "매매실거래가":31500.0,
            "전세실거래년":20211220.0,
            "전세실거래가":22000.0,
            "전세가율":69.84,
            "장기전세가율평균":70.6,
            "전세가율거품지수":0.76,
            "검색코드":104970,
            "세대수":960.0,
            "준공년월":"2013-06-03",
            "준공년차":10.0,
            "가까운역이름":"신흥",
            "가까운역거리":687.4,
            "역세권여부":"준역세권",
            "30분이내주요거점역":3,
            "30분거점역이름":"['대전', '시청', '탄방']",
            "1시간이내주요거점역":6,
            "1시간거점역이름":"['대전', '유성온천', '시청', '반석', '정부청사', '탄방']",
            "3km이내백화점수":0,
            "5km이내아울렛몰수":0,
            "1km이내대형먀트수":1,
            "500m이내은행수":0,
            "500m이내병원수":0,
            "5km이내대형병원수":4,
            "500m이내공원수":3,
            "3km이내혐오시설수":0,
            "초등학교학업성취도":89.99,
            "중학교학업성취도":69.1,
            "용적률":208,
            "건폐율":17,
            "Y":36.315718,
            "X":127.442887,
            "rank":6.0,
            "area_info":"25평(82.8), 25평(82.8), 33평(110.87), 33평(110.93), 33평(111.03), 33평(111.04), 33평(111.03), 35평(115.83), 35평(118.52), 44평(147.53), 44평(147.53), 46평(152.56)",
            "last_sales":"2021-10-16,31500.0,25평(82.8)",
            "rank_history":[
                [
                    "202203",
                    6
                ],
                [
                    "202202",
                    6
                ],
                [
                    "202201",
                    8
                ]
            ],
            "rank_gap":0
        },
        {
            "index":243,
            "아파트명":"이스트시티2단지",
            "투자타입":"일반",
            "전용면적(m2)":"102.59",
            "전용면적(평)":"31평",
            "법정동주소":"대전시 동구 신흥동 262",
            "도로명주소":"대전시 동구 동대전로46번길 120",
            "세대수":50,
            "입주년차":80,
            "용적률점수":"--",
            "건폐율점수":"--",
            "세대당주차수":30,
            "난방방식":30,
            "공급면적":"--",
            "전용률":"--",
            "욕실수":100,
            "현관타입":100,
            "주거총점":61.0,
            "지역구공급총점":0.0,
            "역세권":50,
            "30분내 이동가능 거점":80,
            "1시간내 이동가능 거점":60,
            "교통총점":61.0,
            "백화점":0,
            "아울렛몰":0,
            "대형마트":100,
            "은행":0,
            "병원":0,
            "종합병원":100,
            "공원":100,
            "혐오시설":0,
            "인프라총점":38.0,
            "초등학군":90.0,
            "중학군":44.94,
            "학군총점":53.952,
            "인구수":23.68,
            "인구증감":2.48,
            "인구총점":17.32,
            "일자리":11.23,
            "소득수준":73.18,
            "일자리총점":29.815,
            "가치 총점":51.9856,
            "매매실거래년":20210914.0,
            "매매실거래가":50000.0,
            "전세실거래년":null,
            "전세실거래가":null,
            "전세가율":null,
            "장기전세가율평균":70.6,
            "전세가율거품지수":null,
            "검색코드":115235,
            "세대수":636.0,
            "준공년월":"2018-10-11",
            "준공년차":5.0,
            "가까운역이름":"대동",
            "가까운역거리":696.43,
            "역세권여부":"준역세권",
            "30분이내주요거점역":4,
            "30분거점역이름":"['대전', '시청', '정부청사', '탄방']",
            "1시간이내주요거점역":6,
            "1시간거점역이름":"['대전', '유성온천', '시청', '반석', '정부청사', '탄방']",
            "3km이내백화점수":0,
            "5km이내아울렛몰수":0,
            "1km이내대형먀트수":2,
            "500m이내은행수":1,
            "500m이내병원수":0,
            "5km이내대형병원수":4,
            "500m이내공원수":3,
            "3km이내혐오시설수":0,
            "초등학교학업성취도":90.0,
            "중학교학업성취도":73.9,
            "용적률":232,
            "건폐율":18,
            "Y":36.323822,
            "X":127.439796,
            "rank":7.0,
            "area_info":"31평(102.59), 31평(102.59), 31평(102.54)",
            "last_sales":"2021-09-14,50000.0,31평(102.54)",
            "rank_history":[
                [
                    "202203",
                    7
                ],
                [
                    "202202",
                    7
                ],
                [
                    "202201",
                    10
                ]
            ],
            "rank_gap":0
        },
        {
            "index":408,
            "아파트명":"삼정그린코아포레스트1단지",
            "투자타입":"일반",
            "전용면적(m2)":"81.16",
            "전용면적(평)":"24평",
            "법정동주소":"대전시 동구 판암동 839",
            "도로명주소":"대전시 동구 동부로10번길 55",
            "세대수":90,
            "입주년차":80,
            "용적률점수":"--",
            "건폐율점수":"--",
            "세대당주차수":30,
            "난방방식":30,
            "공급면적":"--",
            "전용률":"--",
            "욕실수":100,
            "현관타입":100,
            "주거총점":75.0,
            "지역구공급총점":0.0,
            "역세권":80,
            "30분내 이동가능 거점":80,
            "1시간내 이동가능 거점":60,
            "교통총점":76.0,
            "백화점":0,
            "아울렛몰":0,
            "대형마트":0,
            "은행":0,
            "병원":0,
            "종합병원":100,
            "공원":100,
            "혐오시설":0,
            "인프라총점":23.0,
            "초등학군":90.0,
            "중학군":35.04,
            "학군총점":46.032,
            "인구수":23.68,
            "인구증감":2.48,
            "인구총점":17.32,
            "일자리":11.23,
            "소득수준":73.18,
            "일자리총점":29.815,
            "가치 총점":50.8596,
            "매매실거래년":20211207.0,
            "매매실거래가":49000.0,
            "전세실거래년":20220129.0,
            "전세실거래가":30000.0,
            "전세가율":82.19,
            "장기전세가율평균":70.6,
            "전세가율거품지수":-11.59,
            "검색코드":110265,
            "세대수":1245.0,
            "준공년월":"2018-07-12",
            "준공년차":5.0,
            "가까운역이름":"판암",
            "가까운역거리":199.67,
            "역세권여부":"역세권",
            "30분이내주요거점역":4,
            "30분거점역이름":"['대전', '시청', '정부청사', '탄방']",
            "1시간이내주요거점역":6,
            "1시간거점역이름":"['대전', '유성온천', '시청', '반석', '정부청사', '탄방']",
            "3km이내백화점수":0,
            "5km이내아울렛몰수":0,
            "1km이내대형먀트수":0,
            "500m이내은행수":0,
            "500m이내병원수":0,
            "5km이내대형병원수":4,
            "500m이내공원수":6,
            "3km이내혐오시설수":0,
            "초등학교학업성취도":90.0,
            "중학교학업성취도":58.4,
            "용적률":225,
            "건폐율":17,
            "Y":36.318756,
            "X":127.458487,
            "rank":8.0,
            "area_info":"24평(81.16), 24평(82.32), 28평(94.53), 28평(94.53), 29평(97.9), 31평(103.63), 35평(118.61)",
            "last_sales":"2021-12-07,49000.0,31평(103.63)",
            "rank_history":[
                [
                    "202203",
                    8
                ],
                [
                    "202202",
                    9
                ],
                [
                    "202201",
                    17
                ]
            ],
            "rank_gap":1
        },
        {
            "index":356,
            "아파트명":"어진마을",
            "투자타입":"일반",
            "전용면적(m2)":"78.52",
            "전용면적(평)":"23평",
            "법정동주소":"대전시 동구 인동 353",
            "도로명주소":"대전시 동구 계족로 65",
            "세대수":80,
            "입주년차":40,
            "용적률점수":"--",
            "건폐율점수":"--",
            "세대당주차수":0,
            "난방방식":30,
            "공급면적":"--",
            "전용률":"--",
            "욕실수":100,
            "현관타입":100,
            "주거총점":59.0,
            "지역구공급총점":0.0,
            "역세권":50,
            "30분내 이동가능 거점":80,
            "1시간내 이동가능 거점":60,
            "교통총점":61.0,
            "백화점":0,
            "아울렛몰":0,
            "대형마트":80,
            "은행":0,
            "병원":0,
            "종합병원":100,
            "공원":100,
            "혐오시설":0,
            "인프라총점":35.0,
            "초등학군":90.0,
            "중학군":44.94,
            "학군총점":53.952,
            "인구수":23.68,
            "인구증감":2.48,
            "인구총점":17.32,
            "일자리":11.23,
            "소득수준":73.18,
            "일자리총점":29.815,
            "가치 총점":50.5856,
            "매매실거래년":20220210.0,
            "매매실거래가":35000.0,
            "전세실거래년":20220110.0,
            "전세실거래가":25000.0,
            "전세가율":86.21,
            "장기전세가율평균":70.6,
            "전세가율거품지수":-15.61,
            "검색코드":19734,
            "세대수":813.0,
            "준공년월":"2007-04-13",
            "준공년차":16.0,
            "가까운역이름":"신흥",
            "가까운역거리":602.83,
            "역세권여부":"준역세권",
            "30분이내주요거점역":4,
            "30분거점역이름":"['대전', '시청', '정부청사', '탄방']",
            "1시간이내주요거점역":6,
            "1시간거점역이름":"['대전', '유성온천', '시청', '반석', '정부청사', '탄방']",
            "3km이내백화점수":0,
            "5km이내아울렛몰수":0,
            "1km이내대형먀트수":1,
            "500m이내은행수":1,
            "500m이내병원수":0,
            "5km이내대형병원수":4,
            "500m이내공원수":3,
            "3km이내혐오시설수":0,
            "초등학교학업성취도":90.0,
            "중학교학업성취도":73.9,
            "용적률":213,
            "건폐율":14,
            "Y":36.321466,
            "X":127.442456,
            "rank":9.0,
            "area_info":"23평(78.52), 23평(79.23), 23평(79.16), 30평(100.11), 33평(111.95), 33평(112.25)",
            "last_sales":"2022-02-10,35000.0,33평(112.25)",
            "rank_history":[
                [
                    "202203",
                    9
                ],
                [
                    "202202",
                    12
                ],
                [
                    "202201",
                    12
                ]
            ],
            "rank_gap":3
        },
        {
            "index":444,
            "아파트명":"시영",
            "투자타입":"재건축",
            "전용면적(m2)":"56.3",
            "전용면적(평)":"17평",
            "법정동주소":"대전시 동구 홍도동 135-1",
            "도로명주소":"대전시 동구 대전로1002번길 24-4",
            "세대수":0,
            "입주년차":"--",
            "용적률점수":100,
            "건폐율점수":80,
            "세대당주차수":"--",
            "난방방식":"--",
            "공급면적":50,
            "전용률":100,
            "욕실수":"--",
            "현관타입":"--",
            "주거총점":63.5,
            "지역구공급총점":0.0,
            "역세권":0,
            "30분내 이동가능 거점":20,
            "1시간내 이동가능 거점":60,
            "교통총점":18.0,
            "백화점":100,
            "아울렛몰":0,
            "대형마트":0,
            "은행":0,
            "병원":0,
            "종합병원":100,
            "공원":100,
            "혐오시설":0,
            "인프라총점":53.0,
            "초등학군":90.02,
            "중학군":41.52,
            "학군총점":51.22,
            "인구수":23.68,
            "인구증감":2.48,
            "인구총점":17.32,
            "일자리":11.23,
            "소득수준":73.18,
            "일자리총점":29.815,
            "가치 총점":49.841,
            "매매실거래년":20211122.0,
            "매매실거래가":12000.0,
            "전세실거래년":20211118.0,
            "전세실거래가":3000.0,
            "전세가율":25.0,
            "장기전세가율평균":70.6,
            "전세가율거품지수":45.6,
            "검색코드":12100,
            "세대수":140.0,
            "준공년월":"1983-07-29",
            "준공년차":40.0,
            "가까운역이름":"중구청",
            "가까운역거리":2336.15,
            "역세권여부":"비역세권",
            "30분이내주요거점역":1,
            "30분거점역이름":"['대전']",
            "1시간이내주요거점역":6,
            "1시간거점역이름":"['대전', '유성온천', '시청', '반석', '정부청사', '탄방']",
            "3km이내백화점수":1,
            "5km이내아울렛몰수":0,
            "1km이내대형먀트수":0,
            "500m이내은행수":1,
            "500m이내병원수":0,
            "5km이내대형병원수":6,
            "500m이내공원수":6,
            "3km이내혐오시설수":0,
            "초등학교학업성취도":90.02,
            "중학교학업성취도":69.2,
            "용적률":118,
            "건폐율":23,
            "Y":36.345788,
            "X":127.420823,
            "rank":10.0,
            "area_info":"17평(56.3), 17평(58.92)",
            "last_sales":"2021-11-22,12000.0,17평(56.3)",
            "rank_history":[
                [
                    "202203",
                    10
                ],
                [
                    "202202",
                    8
                ],
                [
                    "202201",
                    2
                ]
            ],
            "rank_gap":-2
        },
        {
            "index":107,
            "아파트명":"은어송3단지아이파크",
            "투자타입":"일반",
            "전용면적(m2)":"119.87",
            "전용면적(평)":"36평",
            "법정동주소":"대전시 동구 가오동 496",
            "도로명주소":"대전시 동구 은어송로 117",
            "세대수":50,
            "입주년차":40,
            "용적률점수":"--",
            "건폐율점수":"--",
            "세대당주차수":60,
            "난방방식":30,
            "공급면적":"--",
            "전용률":"--",
            "욕실수":100,
            "현관타입":100,
            "주거총점":57.5,
            "지역구공급총점":0.0,
            "역세권":50,
            "30분내 이동가능 거점":40,
            "1시간내 이동가능 거점":60,
            "교통총점":49.0,
            "백화점":0,
            "아울렛몰":0,
            "대형마트":80,
            "은행":0,
            "병원":0,
            "종합병원":100,
            "공원":100,
            "혐오시설":0,
            "인프라총점":35.0,
            "초등학군":90.0,
            "중학군":48.42,
            "학군총점":56.736,
            "인구수":23.68,
            "인구증감":2.48,
            "인구총점":17.32,
            "일자리":11.23,
            "소득수준":73.18,
            "일자리총점":29.815,
            "가치 총점":49.2458,
            "매매실거래년":20211223.0,
            "매매실거래가":47000.0,
            "전세실거래년":20220224.0,
            "전세실거래가":27300.0,
            "전세가율":64.54,
            "장기전세가율평균":70.6,
            "전세가율거품지수":6.06,
            "검색코드":19383,
            "세대수":696.0,
            "준공년월":"2006-07-26",
            "준공년차":17.0,
            "가까운역이름":"판암",
            "가까운역거리":654.59,
            "역세권여부":"준역세권",
            "30분이내주요거점역":2,
            "30분거점역이름":"['시청', '탄방']",
            "1시간이내주요거점역":6,
            "1시간거점역이름":"['대전', '유성온천', '시청', '반석', '정부청사', '탄방']",
            "3km이내백화점수":0,
            "5km이내아울렛몰수":0,
            "1km이내대형먀트수":1,
            "500m이내은행수":0,
            "500m이내병원수":0,
            "5km이내대형병원수":3,
            "500m이내공원수":3,
            "3km이내혐오시설수":0,
            "초등학교학업성취도":90.0,
            "중학교학업성취도":78.9,
            "용적률":219,
            "건폐율":15,
            "Y":36.311338,
            "X":127.46059,
            "rank":11.0,
            "area_info":"36평(119.87), 36평(121.58), 42평(140.47), 43평(143.58), 51평(169.13)",
            "last_sales":"2021-12-23,47000.0,43평(143.58)",
            "rank_history":[
                [
                    "202203",
                    11
                ],
                [
                    "202202",
                    11
                ],
                [
                    "202201",
                    21
                ]
            ],
            "rank_gap":0
        },
        {
            "index":115,
            "아파트명":"은어송6단지풍림아이원",
            "투자타입":"일반",
            "전용면적(m2)":"114.46",
            "전용면적(평)":"34평",
            "법정동주소":"대전시 동구 가오동 497",
            "도로명주소":"대전시 동구 신기로 100",
            "세대수":50,
            "입주년차":40,
            "용적률점수":"--",
            "건폐율점수":"--",
            "세대당주차수":30,
            "난방방식":30,
            "공급면적":"--",
            "전용률":"--",
            "욕실수":100,
            "현관타입":100,
            "주거총점":53.0,
            "지역구공급총점":0.0,
            "역세권":50,
            "30분내 이동가능 거점":0,
            "1시간내 이동가능 거점":60,
            "교통총점":37.0,
            "백화점":0,
            "아울렛몰":0,
            "대형마트":80,
            "은행":70,
            "병원":0,
            "종합병원":100,
            "공원":100,
            "혐오시설":0,
            "인프라총점":42.0,
            "초등학군":90.0,
            "중학군":48.42,
            "학군총점":56.736,
            "인구수":23.68,
            "인구증감":2.48,
            "인구총점":17.32,
            "일자리":11.23,
            "소득수준":73.18,
            "일자리총점":29.815,
            "가치 총점":48.4208,
            "매매실거래년":20211101.0,
            "매매실거래가":33000.0,
            "전세실거래년":20220110.0,
            "전세실거래가":24000.0,
            "전세가율":62.02,
            "장기전세가율평균":70.6,
            "전세가율거품지수":8.58,
            "검색코드":27353,
            "세대수":451.0,
            "준공년월":"2007-10-26",
            "준공년차":16.0,
            "가까운역이름":"판암",
            "가까운역거리":756.09,
            "역세권여부":"준역세권",
            "30분이내주요거점역":0,
            "30분거점역이름":"[]",
            "1시간이내주요거점역":6,
            "1시간거점역이름":"['대전', '유성온천', '시청', '반석', '정부청사', '탄방']",
            "3km이내백화점수":0,
            "5km이내아울렛몰수":0,
            "1km이내대형먀트수":1,
            "500m이내은행수":3,
            "500m이내병원수":0,
            "5km이내대형병원수":3,
            "500m이내공원수":9,
            "3km이내혐오시설수":0,
            "초등학교학업성취도":90.0,
            "중학교학업성취도":78.9,
            "용적률":214,
            "건폐율":18,
            "Y":36.310215,
            "X":127.457369,
            "rank":12.0,
            "area_info":"34평(114.46), 34평(114.08), 34평(115.16)",
            "last_sales":"2021-11-01,33000.0,34평(115.16)",
            "rank_history":[
                [
                    "202203",
                    12
                ],
                [
                    "202202",
                    10
                ],
                [
                    "202201",
                    9
                ]
            ],
            "rank_gap":-2
        },
        {
            "index":178,
            "아파트명":"은어송2단지코오롱하늘채",
            "투자타입":"일반",
            "전용면적(m2)":"118.75",
            "전용면적(평)":"35평",
            "법정동주소":"대전시 동구 대성동 130",
            "도로명주소":"대전시 동구 동구청로 35",
            "세대수":90,
            "입주년차":40,
            "용적률점수":"--",
            "건폐율점수":"--",
            "세대당주차수":60,
            "난방방식":30,
            "공급면적":"--",
            "전용률":"--",
            "욕실수":100,
            "현관타입":100,
            "주거총점":71.5,
            "지역구공급총점":0.0,
            "역세권":0,
            "30분내 이동가능 거점":20,
            "1시간내 이동가능 거점":60,
            "교통총점":18.0,
            "백화점":0,
            "아울렛몰":0,
            "대형마트":80,
            "은행":0,
            "병원":0,
            "종합병원":100,
            "공원":100,
            "혐오시설":0,
            "인프라총점":35.0,
            "초등학군":89.99,
            "중학군":46.68,
            "학군총점":55.342,
            "인구수":23.68,
            "인구증감":2.48,
            "인구총점":17.32,
            "일자리":11.23,
            "소득수준":73.18,
            "일자리총점":29.815,
            "가치 총점":47.6776,
            "매매실거래년":20220129.0,
            "매매실거래가":46000.0,
            "전세실거래년":20220219.0,
            "전세실거래가":23100.0,
            "전세가율":50.22,
            "장기전세가율평균":70.6,
            "전세가율거품지수":20.38,
            "검색코드":19583,
            "세대수":1241.0,
            "준공년월":"2007-02-14",
            "준공년차":16.0,
            "가까운역이름":"판암",
            "가까운역거리":1695.21,
            "역세권여부":"비역세권",
            "30분이내주요거점역":1,
            "30분거점역이름":"['대전']",
            "1시간이내주요거점역":6,
            "1시간거점역이름":"['대전', '유성온천', '시청', '반석', '정부청사', '탄방']",
            "3km이내백화점수":0,
            "5km이내아울렛몰수":0,
            "1km이내대형먀트수":1,
            "500m이내은행수":0,
            "500m이내병원수":0,
            "5km이내대형병원수":2,
            "500m이내공원수":9,
            "3km이내혐오시설수":0,
            "초등학교학업성취도":89.99,
            "중학교학업성취도":77.0,
            "용적률":212,
            "건폐율":16,
            "Y":36.301719,
            "X":127.458029,
            "rank":13.0,
            "area_info":"35평(118.75), 35평(118.94), 35평(118.88), 40평(135.41), 46평(155.2)",
            "last_sales":"2022-01-29,46000.0,35평(118.75)",
            "rank_history":[
                [
                    "202203",
                    13
                ],
                [
                    "202202",
                    14
                ],
                [
                    "202201",
                    6
                ]
            ],
            "rank_gap":1
        },
        {
            "index":438,
            "아파트명":"힐링타운",
            "투자타입":"일반",
            "전용면적(m2)":"99.74",
            "전용면적(평)":"30평",
            "법정동주소":"대전시 동구 판암동 896",
            "도로명주소":"대전시 동구 달기장1길 9",
            "세대수":0,
            "입주년차":100,
            "용적률점수":"--",
            "건폐율점수":"--",
            "세대당주차수":0,
            "난방방식":30,
            "공급면적":"--",
            "전용률":"--",
            "욕실수":100,
            "현관타입":50,
            "주거총점":38.0,
            "지역구공급총점":0.0,
            "역세권":80,
            "30분내 이동가능 거점":80,
            "1시간내 이동가능 거점":60,
            "교통총점":76.0,
            "백화점":0,
            "아울렛몰":0,
            "대형마트":80,
            "은행":0,
            "병원":0,
            "종합병원":100,
            "공원":100,
            "혐오시설":0,
            "인프라총점":35.0,
            "초등학군":89.97,
            "중학군":44.94,
            "학군총점":53.946,
            "인구수":23.68,
            "인구증감":2.48,
            "인구총점":17.32,
            "일자리":11.23,
            "소득수준":73.18,
            "일자리총점":29.815,
            "가치 총점":47.5838,
            "매매실거래년":"18000101",
            "매매실거래가":null,
            "전세실거래년":null,
            "전세실거래가":null,
            "전세가율":null,
            "장기전세가율평균":70.6,
            "전세가율거품지수":null,
            "검색코드":145406,
            "세대수":55.0,
            "준공년월":"2021-11-19",
            "준공년차":2.0,
            "가까운역이름":"신흥",
            "가까운역거리":454.05,
            "역세권여부":"역세권",
            "30분이내주요거점역":4,
            "30분거점역이름":"['대전', '시청', '정부청사', '탄방']",
            "1시간이내주요거점역":6,
            "1시간거점역이름":"['대전', '유성온천', '시청', '반석', '정부청사', '탄방']",
            "3km이내백화점수":0,
            "5km이내아울렛몰수":0,
            "1km이내대형먀트수":1,
            "500m이내은행수":1,
            "500m이내병원수":0,
            "5km이내대형병원수":4,
            "500m이내공원수":9,
            "3km이내혐오시설수":0,
            "초등학교학업성취도":89.97,
            "중학교학업성취도":73.9,
            "용적률":191,
            "건폐율":17,
            "Y":36.323634,
            "X":127.447646,
            "rank":14.0,
            "area_info":"30평(99.74), 30평(99.73), 31평(102.93), 33평(110.53)",
            "last_sales":"1800-01-01,nan,30평(99.74)",
            "rank_history":[
                [
                    "202203",
                    14
                ],
                [
                    "202202",
                    9999
                ]
            ],
            "rank_gap":9999
        },
        {
            "index":112,
            "아파트명":"은어송5단지우미린",
            "투자타입":"일반",
            "전용면적(m2)":"89.52",
            "전용면적(평)":"27평",
            "법정동주소":"대전시 동구 가오동 556",
            "도로명주소":"대전시 동구 은어송로 100",
            "세대수":50,
            "입주년차":40,
            "용적률점수":"--",
            "건폐율점수":"--",
            "세대당주차수":30,
            "난방방식":30,
            "공급면적":"--",
            "전용률":"--",
            "욕실수":100,
            "현관타입":100,
            "주거총점":53.0,
            "지역구공급총점":0.0,
            "역세권":50,
            "30분내 이동가능 거점":0,
            "1시간내 이동가능 거점":60,
            "교통총점":37.0,
            "백화점":0,
            "아울렛몰":0,
            "대형마트":80,
            "은행":20,
            "병원":0,
            "종합병원":100,
            "공원":100,
            "혐오시설":0,
            "인프라총점":37.0,
            "초등학군":90.0,
            "중학군":48.42,
            "학군총점":56.736,
            "인구수":23.68,
            "인구증감":2.48,
            "인구총점":17.32,
            "일자리":11.23,
            "소득수준":73.18,
            "일자리총점":29.815,
            "가치 총점":46.9208,
            "매매실거래년":20220108.0,
            "매매실거래가":31200.0,
            "전세실거래년":20220215.0,
            "전세실거래가":20000.0,
            "전세가율":67.8,
            "장기전세가율평균":70.6,
            "전세가율거품지수":2.8,
            "검색코드":22434,
            "세대수":653.0,
            "준공년월":"2007-01-30",
            "준공년차":16.0,
            "가까운역이름":"판암",
            "가까운역거리":942.51,
            "역세권여부":"준역세권",
            "30분이내주요거점역":0,
            "30분거점역이름":"[]",
            "1시간이내주요거점역":6,
            "1시간거점역이름":"['대전', '유성온천', '시청', '반석', '정부청사', '탄방']",
            "3km이내백화점수":0,
            "5km이내아울렛몰수":0,
            "1km이내대형먀트수":1,
            "500m이내은행수":2,
            "500m이내병원수":0,
            "5km이내대형병원수":3,
            "500m이내공원수":12,
            "3km이내혐오시설수":0,
            "초등학교학업성취도":90.0,
            "중학교학업성취도":78.9,
            "용적률":209,
            "건폐율":15,
            "Y":36.308549,
            "X":127.459719,
            "rank":15.0,
            "area_info":"27평(89.52), 27평(89.57), 28평(95.05)",
            "last_sales":"2022-01-08,31200.0,28평(95.05)",
            "rank_history":[
                [
                    "202203",
                    15
                ],
                [
                    "202202",
                    13
                ],
                [
                    "202201",
                    16
                ]
            ],
            "rank_gap":-2
        },
        {
            "index":464,
            "아파트명":"효동현대",
            "투자타입":"일반",
            "전용면적(m2)":"77.47",
            "전용면적(평)":"23평",
            "법정동주소":"대전시 동구 효동 135-1",
            "도로명주소":"대전시 동구 대전로 646",
            "세대수":90,
            "입주년차":0,
            "용적률점수":"--",
            "건폐율점수":"--",
            "세대당주차수":30,
            "난방방식":30,
            "공급면적":"--",
            "전용률":"--",
            "욕실수":50,
            "현관타입":100,
            "주거총점":54.0,
            "지역구공급총점":0.0,
            "역세권":50,
            "30분내 이동가능 거점":40,
            "1시간내 이동가능 거점":60,
            "교통총점":49.0,
            "백화점":0,
            "아울렛몰":0,
            "대형마트":80,
            "은행":0,
            "병원":0,
            "종합병원":100,
            "공원":0,
            "혐오시설":0,
            "인프라총점":32.0,
            "초등학군":89.99,
            "중학군":44.94,
            "학군총점":53.95,
            "인구수":23.68,
            "인구증감":2.48,
            "인구총점":17.32,
            "일자리":11.23,
            "소득수준":73.18,
            "일자리총점":29.815,
            "가치 총점":46.635,
            "매매실거래년":20220210.0,
            "매매실거래가":26800.0,
            "전세실거래년":20211224.0,
            "전세실거래가":20000.0,
            "전세가율":74.63,
            "장기전세가율평균":70.6,
            "전세가율거품지수":-4.03,
            "검색코드":5730,
            "세대수":1056.0,
            "준공년월":"1998-09-19",
            "준공년차":25.0,
            "가까운역이름":"신흥",
            "가까운역거리":736.32,
            "역세권여부":"준역세권",
            "30분이내주요거점역":2,
            "30분거점역이름":"['대전', '시청']",
            "1시간이내주요거점역":6,
            "1시간거점역이름":"['대전', '유성온천', '시청', '반석', '정부청사', '탄방']",
            "3km이내백화점수":0,
            "5km이내아울렛몰수":0,
            "1km이내대형먀트수":1,
            "500m이내은행수":1,
            "500m이내병원수":0,
            "5km이내대형병원수":4,
            "500m이내공원수":0,
            "3km이내혐오시설수":0,
            "초등학교학업성취도":89.99,
            "중학교학업성취도":73.9,
            "용적률":230,
            "건폐율":19,
            "Y":36.318268,
            "X":127.440764,
            "rank":16.0,
            "area_info":"23평(77.47), 23평(77.36), 30평(99.26), 31평(103.84), 32평(106.0), 32평(106.92), 32평(107.87), 33평(109.52), 33평(112.37), 37평(123.12), 37평(123.14), 37평(125.02), 38평(128.25), 48평(161.4)",
            "last_sales":"2022-02-10,26800.0,23평(77.47)",
            "rank_history":[
                [
                    "202203",
                    16
                ],
                [
                    "202202",
                    15
                ],
                [
                    "202201",
                    24
                ]
            ],
            "rank_gap":-1
        },
        {
            "index":214,
            "아파트명":"한밭자이",
            "투자타입":"일반",
            "전용면적(m2)":"88.19",
            "전용면적(평)":"26평",
            "법정동주소":"대전시 동구 삼성동 479",
            "도로명주소":"대전시 동구 대전로 935",
            "세대수":90,
            "입주년차":40,
            "용적률점수":"--",
            "건폐율점수":"--",
            "세대당주차수":30,
            "난방방식":30,
            "공급면적":"--",
            "전용률":"--",
            "욕실수":100,
            "현관타입":100,
            "주거총점":67.0,
            "지역구공급총점":0.0,
            "역세권":0,
            "30분내 이동가능 거점":20,
            "1시간내 이동가능 거점":60,
            "교통총점":18.0,
            "백화점":0,
            "아울렛몰":0,
            "대형마트":0,
            "은행":0,
            "병원":0,
            "종합병원":100,
            "공원":100,
            "혐오시설":0,
            "인프라총점":23.0,
            "초등학군":90.0,
            "중학군":57.18,
            "학군총점":63.744,
            "인구수":23.68,
            "인구증감":2.48,
            "인구총점":17.32,
            "일자리":11.23,
            "소득수준":73.18,
            "일자리총점":29.815,
            "가치 총점":45.4732,
            "매매실거래년":20211127.0,
            "매매실거래가":65500.0,
            "전세실거래년":20220117.0,
            "전세실거래가":25000.0,
            "전세가율":71.84,
            "장기전세가율평균":70.6,
            "전세가율거품지수":-1.24,
            "검색코드":17579,
            "세대수":1063.0,
            "준공년월":"2006-08-21",
            "준공년차":17.0,
            "가까운역이름":"중구청",
            "가까운역거리":1811.27,
            "역세권여부":"비역세권",
            "30분이내주요거점역":1,
            "30분거점역이름":"['대전']",
            "1시간이내주요거점역":6,
            "1시간거점역이름":"['대전', '유성온천', '시청', '반석', '정부청사', '탄방']",
            "3km이내백화점수":0,
            "5km이내아울렛몰수":0,
            "1km이내대형먀트수":0,
            "500m이내은행수":0,
            "500m이내병원수":0,
            "5km이내대형병원수":6,
            "500m이내공원수":6,
            "3km이내혐오시설수":0,
            "초등학교학업성취도":90.0,
            "중학교학업성취도":95.3,
            "용적률":248,
            "건폐율":14,
            "Y":36.340666,
            "X":127.42415,
            "rank":17.0,
            "area_info":"26평(88.19), 34평(114.94), 35평(117.84), 49평(164.91)",
            "last_sales":"2021-11-27,65500.0,49평(164.91)",
            "rank_history":[
                [
                    "202203",
                    17
                ],
                [
                    "202202",
                    16
                ],
                [
                    "202201",
                    19
                ]
            ],
            "rank_gap":-1
        },
        {
            "index":224,
            "아파트명":"스마트뷰",
            "투자타입":"일반",
            "전용면적(m2)":"98.28",
            "전용면적(평)":"29평",
            "법정동주소":"대전시 동구 성남동 528",
            "도로명주소":"대전시 동구 성남로 15",
            "세대수":90,
            "입주년차":60,
            "용적률점수":"--",
            "건폐율점수":"--",
            "세대당주차수":30,
            "난방방식":30,
            "공급면적":"--",
            "전용률":"--",
            "욕실수":100,
            "현관타입":100,
            "주거총점":71.0,
            "지역구공급총점":0.0,
            "역세권":0,
            "30분내 이동가능 거점":20,
            "1시간내 이동가능 거점":60,
            "교통총점":18.0,
            "백화점":0,
            "아울렛몰":0,
            "대형마트":80,
            "은행":0,
            "병원":0,
            "종합병원":100,
            "공원":0,
            "혐오시설":0,
            "인프라총점":32.0,
            "초등학군":89.96,
            "중학군":40.74,
            "학군총점":50.584,
            "인구수":23.68,
            "인구증감":2.48,
            "인구총점":17.32,
            "일자리":11.23,
            "소득수준":73.18,
            "일자리총점":29.815,
            "가치 총점":45.2252,
            "매매실거래년":20220106.0,
            "매매실거래가":45900.0,
            "전세실거래년":20210112.0,
            "전세실거래가":21000.0,
            "전세가율":52.5,
            "장기전세가율평균":70.6,
            "전세가율거품지수":18.1,
            "검색코드":103235,
            "세대수":1115.0,
            "준공년월":"2011-12-01",
            "준공년차":12.0,
            "가까운역이름":"대동",
            "가까운역거리":1729.14,
            "역세권여부":"비역세권",
            "30분이내주요거점역":1,
            "30분거점역이름":"['대전']",
            "1시간이내주요거점역":6,
            "1시간거점역이름":"['대전', '유성온천', '시청', '반석', '정부청사', '탄방']",
            "3km이내백화점수":0,
            "5km이내아울렛몰수":0,
            "1km이내대형먀트수":1,
            "500m이내은행수":1,
            "500m이내병원수":0,
            "5km이내대형병원수":6,
            "500m이내공원수":0,
            "3km이내혐오시설수":0,
            "초등학교학업성취도":89.96,
            "중학교학업성취도":67.9,
            "용적률":243,
            "건폐율":14,
            "Y":36.342616,
            "X":127.432302,
            "rank":18.0,
            "area_info":"29평(98.28), 29평(98.15), 33평(111.72), 33평(111.6), 33평(111.57), 44평(148.19), 45평(151.8)",
            "last_sales":"2022-01-06,45900.0,33평(111.57)",
            "rank_history":[
                [
                    "202203",
                    18
                ],
                [
                    "202202",
                    17
                ],
                [
                    "202201",
                    7
                ]
            ],
            "rank_gap":-1
        },
        {
            "index":354,
            "아파트명":"듀오빌",
            "투자타입":"일반",
            "전용면적(m2)":"85.0",
            "전용면적(평)":"25평",
            "법정동주소":"대전시 동구 인동 78-4",
            "도로명주소":"대전시 동구 대전천동로 478",
            "세대수":0,
            "입주년차":40,
            "용적률점수":"--",
            "건폐율점수":"--",
            "세대당주차수":0,
            "난방방식":30,
            "공급면적":"--",
            "전용률":"--",
            "욕실수":100,
            "현관타입":100,
            "주거총점":31.0,
            "지역구공급총점":0.0,
            "역세권":50,
            "30분내 이동가능 거점":80,
            "1시간내 이동가능 거점":60,
            "교통총점":61.0,
            "백화점":0,
            "아울렛몰":0,
            "대형마트":100,
            "은행":0,
            "병원":0,
            "종합병원":100,
            "공원":0,
            "혐오시설":0,
            "인프라총점":35.0,
            "초등학군":90.0,
            "중학군":49.84,
            "학군총점":57.872,
            "인구수":23.68,
            "인구증감":2.48,
            "인구총점":17.32,
            "일자리":11.23,
            "소득수준":73.18,
            "일자리총점":29.815,
            "가치 총점":44.7616,
            "매매실거래년":20211122.0,
            "매매실거래가":13500.0,
            "전세실거래년":20211110.0,
            "전세실거래가":12000.0,
            "전세가율":88.89,
            "장기전세가율평균":70.6,
            "전세가율거품지수":-18.29,
            "검색코드":101061,
            "세대수":125.0,
            "준공년월":"2004-09-11",
            "준공년차":19.0,
            "가까운역이름":"대동",
            "가까운역거리":919.2,
            "역세권여부":"준역세권",
            "30분이내주요거점역":4,
            "30분거점역이름":"['대전', '시청', '정부청사', '탄방']",
            "1시간이내주요거점역":6,
            "1시간거점역이름":"['대전', '유성온천', '시청', '반석', '정부청사', '탄방']",
            "3km이내백화점수":0,
            "5km이내아울렛몰수":0,
            "1km이내대형먀트수":2,
            "500m이내은행수":0,
            "500m이내병원수":0,
            "5km이내대형병원수":5,
            "500m이내공원수":0,
            "3km이내혐오시설수":0,
            "초등학교학업성취도":90.0,
            "중학교학업성취도":82.4,
            "용적률":760,
            "건폐율":71,
            "Y":36.324476,
            "X":127.434772,
            "rank":19.0,
            "area_info":"25평(85.0)",
            "last_sales":"2021-11-22,13500.0,25평(85.0)",
            "rank_history":[
                [
                    "202203",
                    19
                ],
                [
                    "202202",
                    24
                ],
                [
                    "202201",
                    32
                ]
            ],
            "rank_gap":5
        },
        {
            "index":337,
            "아파트명":"뜰안채",
            "투자타입":"일반",
            "전용면적(m2)":"81.41",
            "전용면적(평)":"24평",
            "법정동주소":"대전시 동구 원동 35-3",
            "도로명주소":"대전시 동구 대전로 758",
            "세대수":0,
            "입주년차":40,
            "용적률점수":"--",
            "건폐율점수":"--",
            "세대당주차수":30,
            "난방방식":30,
            "공급면적":"--",
            "전용률":"--",
            "욕실수":50,
            "현관타입":100,
            "주거총점":30.5,
            "지역구공급총점":0.0,
            "역세권":50,
            "30분내 이동가능 거점":80,
            "1시간내 이동가능 거점":60,
            "교통총점":61.0,
            "백화점":0,
            "아울렛몰":0,
            "대형마트":80,
            "은행":20,
            "병원":0,
            "종합병원":100,
            "공원":0,
            "혐오시설":0,
            "인프라총점":34.0,
            "초등학군":90.0,
            "중학군":49.84,
            "학군총점":57.872,
            "인구수":23.68,
            "인구증감":2.48,
            "인구총점":17.32,
            "일자리":11.23,
            "소득수준":73.18,
            "일자리총점":29.815,
            "가치 총점":44.3366,
            "매매실거래년":20210831.0,
            "매매실거래가":19500.0,
            "전세실거래년":20170302.0,
            "전세실거래가":10500.0,
            "전세가율":73.17,
            "장기전세가율평균":70.6,
            "전세가율거품지수":-2.57,
            "검색코드":103996,
            "세대수":69.0,
            "준공년월":"2007-06-12",
            "준공년차":16.0,
            "가까운역이름":"대동",
            "가까운역거리":735.77,
            "역세권여부":"준역세권",
            "30분이내주요거점역":4,
            "30분거점역이름":"['대전', '시청', '정부청사', '탄방']",
            "1시간이내주요거점역":6,
            "1시간거점역이름":"['대전', '유성온천', '시청', '반석', '정부청사', '탄방']",
            "3km이내백화점수":0,
            "5km이내아울렛몰수":0,
            "1km이내대형먀트수":1,
            "500m이내은행수":2,
            "500m이내병원수":0,
            "5km이내대형병원수":5,
            "500m이내공원수":0,
            "3km이내혐오시설수":0,
            "초등학교학업성취도":90.0,
            "중학교학업성취도":82.4,
            "용적률":927,
            "건폐율":79,
            "Y":36.327623,
            "X":127.434994,
            "rank":20.0,
            "area_info":"24평(81.41), 30평(100.55), 31평(104.65), 32평(106.94), 32평(108.13), 33평(109.24), 33평(109.42), 39평(129.35), 42평(140.9)",
            "last_sales":"2021-08-31,19500.0,33평(109.42)",
            "rank_history":[
                [
                    "202203",
                    20
                ],
                [
                    "202202",
                    9999
                ]
            ],
            "rank_gap":9999
        },
        {
            "index":437,
            "아파트명":"판암참좋은",
            "투자타입":"일반",
            "전용면적(m2)":"106.65",
            "전용면적(평)":"32평",
            "법정동주소":"대전시 동구 판암동 335-7",
            "도로명주소":"대전시 동구 옥천로180번길 67",
            "세대수":0,
            "입주년차":60,
            "용적률점수":"--",
            "건폐율점수":"--",
            "세대당주차수":30,
            "난방방식":30,
            "공급면적":"--",
            "전용률":"--",
            "욕실수":100,
            "현관타입":50,
            "주거총점":34.5,
            "지역구공급총점":0.0,
            "역세권":80,
            "30분내 이동가능 거점":80,
            "1시간내 이동가능 거점":60,
            "교통총점":76.0,
            "백화점":0,
            "아울렛몰":0,
            "대형마트":80,
            "은행":0,
            "병원":0,
            "종합병원":100,
            "공원":100,
            "혐오시설":0,
            "인프라총점":35.0,
            "초등학군":90.0,
            "중학군":35.04,
            "학군총점":46.032,
            "인구수":23.68,
            "인구증감":2.48,
            "인구총점":17.32,
            "일자리":11.23,
            "소득수준":73.18,
            "일자리총점":29.815,
            "가치 총점":44.3346,
            "매매실거래년":"18000101",
            "매매실거래가":null,
            "전세실거래년":20180122.0,
            "전세실거래가":10000.0,
            "전세가율":null,
            "장기전세가율평균":70.6,
            "전세가율거품지수":null,
            "검색코드":106637,
            "세대수":54.0,
            "준공년월":"2010-11-08",
            "준공년차":13.0,
            "가까운역이름":"판암",
            "가까운역거리":329.06,
            "역세권여부":"역세권",
            "30분이내주요거점역":4,
            "30분거점역이름":"['대전', '시청', '정부청사', '탄방']",
            "1시간이내주요거점역":6,
            "1시간거점역이름":"['대전', '유성온천', '시청', '반석', '정부청사', '탄방']",
            "3km이내백화점수":0,
            "5km이내아울렛몰수":0,
            "1km이내대형먀트수":1,
            "500m이내은행수":0,
            "500m이내병원수":0,
            "5km이내대형병원수":3,
            "500m이내공원수":3,
            "3km이내혐오시설수":0,
            "초등학교학업성취도":90.0,
            "중학교학업성취도":58.4,
            "용적률":199,
            "건폐율":29,
            "Y":36.315,
            "X":127.461178,
            "rank":21.0,
            "area_info":"32평(106.65)",
            "last_sales":"1800-01-01,nan,32평(106.65)",
            "rank_history":[
                [
                    "202203",
                    21
                ],
                [
                    "202202",
                    9999
                ]
            ],
            "rank_gap":9999
        },
        {
            "index":257,
            "아파트명":"용방마을",
            "투자타입":"일반",
            "전용면적(m2)":"74.81",
            "전용면적(평)":"22평",
            "법정동주소":"대전시 동구 용운동 460",
            "도로명주소":"대전시 동구 용운로 80",
            "세대수":90,
            "입주년차":20,
            "용적률점수":"--",
            "건폐율점수":"--",
            "세대당주차수":0,
            "난방방식":30,
            "공급면적":"--",
            "전용률":"--",
            "욕실수":50,
            "현관타입":100,
            "주거총점":53.5,
            "지역구공급총점":0.0,
            "역세권":50,
            "30분내 이동가능 거점":60,
            "1시간내 이동가능 거점":60,
            "교통총점":55.0,
            "백화점":0,
            "아울렛몰":0,
            "대형마트":0,
            "은행":0,
            "병원":0,
            "종합병원":100,
            "공원":0,
            "혐오시설":0,
            "인프라총점":20.0,
            "초등학군":89.97,
            "중학군":46.6,
            "학군총점":55.274,
            "인구수":23.68,
            "인구증감":2.48,
            "인구총점":17.32,
            "일자리":11.23,
            "소득수준":73.18,
            "일자리총점":29.815,
            "가치 총점":44.2072,
            "매매실거래년":20211009.0,
            "매매실거래가":32000.0,
            "전세실거래년":20210601.0,
            "전세실거래가":14500.0,
            "전세가율":91.77,
            "장기전세가율평균":70.6,
            "전세가율거품지수":-21.17,
            "검색코드":12800,
            "세대수":1350.0,
            "준공년월":"2003-05-16",
            "준공년차":20.0,
            "가까운역이름":"신흥",
            "가까운역거리":811.82,
            "역세권여부":"준역세권",
            "30분이내주요거점역":3,
            "30분거점역이름":"['대전', '시청', '탄방']",
            "1시간이내주요거점역":6,
            "1시간거점역이름":"['대전', '유성온천', '시청', '반석', '정부청사', '탄방']",
            "3km이내백화점수":0,
            "5km이내아울렛몰수":0,
            "1km이내대형먀트수":0,
            "500m이내은행수":1,
            "500m이내병원수":0,
            "5km이내대형병원수":4,
            "500m이내공원수":0,
            "3km이내혐오시설수":0,
            "초등학교학업성취도":89.97,
            "중학교학업성취도":76.0,
            "용적률":166,
            "건폐율":18,
            "Y":36.326663,
            "X":127.451352,
            "rank":22.0,
            "area_info":"22평(74.81), 22평(75.26), 22평(75.26), 25평(84.28), 25평(84.46), 26평(89.14), 27평(89.85), 26평(89.17), 29평(98.45), 35평(115.98), 35평(116.93), 35평(116.9)",
            "last_sales":"2021-10-09,32000.0,35평(116.9)",
            "rank_history":[
                [
                    "202203",
                    22
                ],
                [
                    "202202",
                    22
                ],
                [
                    "202201",
                    22
                ]
            ],
            "rank_gap":0
        },
        {
            "index":331,
            "아파트명":"한숲",
            "투자타입":"일반",
            "전용면적(m2)":"78.56",
            "전용면적(평)":"23평",
            "법정동주소":"대전시 동구 용전동 194-3",
            "도로명주소":"대전시 동구 계족로489번길 73",
            "세대수":90,
            "입주년차":20,
            "용적률점수":"--",
            "건폐율점수":"--",
            "세대당주차수":0,
            "난방방식":30,
            "공급면적":"--",
            "전용률":"--",
            "욕실수":50,
            "현관타입":100,
            "주거총점":53.5,
            "지역구공급총점":0.0,
            "역세권":0,
            "30분내 이동가능 거점":40,
            "1시간내 이동가능 거점":60,
            "교통총점":24.0,
            "백화점":0,
            "아울렛몰":0,
            "대형마트":100,
            "은행":0,
            "병원":0,
            "종합병원":100,
            "공원":100,
            "혐오시설":0,
            "인프라총점":38.0,
            "초등학군":90.0,
            "중학군":43.08,
            "학군총점":52.464,
            "인구수":23.68,
            "인구증감":2.48,
            "인구총점":17.32,
            "일자리":11.23,
            "소득수준":73.18,
            "일자리총점":29.815,
            "가치 총점":44.1142,
            "매매실거래년":20220207.0,
            "매매실거래가":37000.0,
            "전세실거래년":null,
            "전세실거래가":null,
            "전세가율":null,
            "장기전세가율평균":70.6,
            "전세가율거품지수":null,
            "검색코드":5710,
            "세대수":1036.0,
            "준공년월":"1999-08-30",
            "준공년차":24.0,
            "가까운역이름":"대동",
            "가까운역거리":3075.17,
            "역세권여부":"비역세권",
            "30분이내주요거점역":2,
            "30분거점역이름":"['대전', '정부청사']",
            "1시간이내주요거점역":6,
            "1시간거점역이름":"['대전', '유성온천', '시청', '반석', '정부청사', '탄방']",
            "3km이내백화점수":0,
            "5km이내아울렛몰수":0,
            "1km이내대형먀트수":2,
            "500m이내은행수":0,
            "500m이내병원수":0,
            "5km이내대형병원수":6,
            "500m이내공원수":3,
            "3km이내혐오시설수":0,
            "초등학교학업성취도":90.0,
            "중학교학업성취도":71.8,
            "용적률":274,
            "건폐율":22,
            "Y":36.354765,
            "X":127.428637,
            "rank":23.0,
            "area_info":"23평(78.56), 24평(80.67), 31평(104.14), 32평(107.32), 37평(123.27), 42평(139.09)",
            "last_sales":"2022-02-07,37000.0,42평(139.09)",
            "rank_history":[
                [
                    "202203",
                    23
                ],
                [
                    "202202",
                    23
                ],
                [
                    "202201",
                    25
                ]
            ],
            "rank_gap":0
        },
        {
            "index":346,
            "아파트명":"동구인동참좋은",
            "투자타입":"일반",
            "전용면적(m2)":"105.09",
            "전용면적(평)":"31평",
            "법정동주소":"대전시 동구 인동 18-1",
            "도로명주소":"대전시 동구 대전로 706",
            "세대수":0,
            "입주년차":60,
            "용적률점수":"--",
            "건폐율점수":"--",
            "세대당주차수":30,
            "난방방식":30,
            "공급면적":"--",
            "전용률":"--",
            "욕실수":100,
            "현관타입":50,
            "주거총점":34.5,
            "지역구공급총점":0.0,
            "역세권":50,
            "30분내 이동가능 거점":60,
            "1시간내 이동가능 거점":60,
            "교통총점":55.0,
            "백화점":0,
            "아울렛몰":0,
            "대형마트":100,
            "은행":0,
            "병원":0,
            "종합병원":100,
            "공원":0,
            "혐오시설":0,
            "인프라총점":35.0,
            "초등학군":90.0,
            "중학군":44.94,
            "학군총점":53.952,
            "인구수":23.68,
            "인구증감":2.48,
            "인구총점":17.32,
            "일자리":11.23,
            "소득수준":73.18,
            "일자리총점":29.815,
            "가치 총점":43.5606,
            "매매실거래년":"18000101",
            "매매실거래가":null,
            "전세실거래년":20200728.0,
            "전세실거래가":13000.0,
            "전세가율":null,
            "장기전세가율평균":70.6,
            "전세가율거품지수":null,
            "검색코드":104430,
            "세대수":280.0,
            "준공년월":"2010-12-09",
            "준공년차":13.0,
            "가까운역이름":"대동",
            "가까운역거리":831.94,
            "역세권여부":"준역세권",
            "30분이내주요거점역":3,
            "30분거점역이름":"['대전', '시청', '탄방']",
            "1시간이내주요거점역":6,
            "1시간거점역이름":"['대전', '유성온천', '시청', '반석', '정부청사', '탄방']",
            "3km이내백화점수":0,
            "5km이내아울렛몰수":0,
            "1km이내대형먀트수":2,
            "500m이내은행수":1,
            "500m이내병원수":0,
            "5km이내대형병원수":4,
            "500m이내공원수":0,
            "3km이내혐오시설수":0,
            "초등학교학업성취도":90.0,
            "중학교학업성취도":73.9,
            "용적률":962,
            "건폐율":78,
            "Y":36.323569,
            "X":127.437318,
            "rank":24.0,
            "area_info":"31평(105.09), 34평(112.7), 34평(114.79), 34평(114.13), 34평(114.97), 34평(114.21), 34평(114.72), 35평(116.44)",
            "last_sales":"1800-01-01,nan,31평(105.09)",
            "rank_history":[
                [
                    "202203",
                    24
                ],
                [
                    "202202",
                    26
                ],
                [
                    "202201",
                    39
                ]
            ],
            "rank_gap":2
        },
        {
            "index":415,
            "아파트명":"삼정그린코아포레스트2단지",
            "투자타입":"일반",
            "전용면적(m2)":"82.02",
            "전용면적(평)":"24평",
            "법정동주소":"대전시 동구 판암동 834",
            "도로명주소":"대전시 동구 새울로 19",
            "세대수":30,
            "입주년차":80,
            "용적률점수":"--",
            "건폐율점수":"--",
            "세대당주차수":30,
            "난방방식":30,
            "공급면적":"--",
            "전용률":"--",
            "욕실수":100,
            "현관타입":100,
            "주거총점":54.0,
            "지역구공급총점":0.0,
            "역세권":50,
            "30분내 이동가능 거점":80,
            "1시간내 이동가능 거점":60,
            "교통총점":61.0,
            "백화점":0,
            "아울렛몰":0,
            "대형마트":0,
            "은행":0,
            "병원":0,
            "종합병원":100,
            "공원":100,
            "혐오시설":0,
            "인프라총점":23.0,
            "초등학군":89.98,
            "중학군":35.04,
            "학군총점":46.028,
            "인구수":23.68,
            "인구증감":2.48,
            "인구총점":17.32,
            "일자리":11.23,
            "소득수준":73.18,
            "일자리총점":29.815,
            "가치 총점":43.3584,
            "매매실거래년":20211105.0,
            "매매실거래가":35500.0,
            "전세실거래년":20211203.0,
            "전세실거래가":30000.0,
            "전세가율":84.51,
            "장기전세가율평균":70.6,
            "전세가율거품지수":-13.91,
            "검색코드":110264,
            "세대수":320.0,
            "준공년월":"2018-07-05",
            "준공년차":5.0,
            "가까운역이름":"판암",
            "가까운역거리":514.17,
            "역세권여부":"준역세권",
            "30분이내주요거점역":4,
            "30분거점역이름":"['대전', '시청', '정부청사', '탄방']",
            "1시간이내주요거점역":6,
            "1시간거점역이름":"['대전', '유성온천', '시청', '반석', '정부청사', '탄방']",
            "3km이내백화점수":0,
            "5km이내아울렛몰수":0,
            "1km이내대형먀트수":0,
            "500m이내은행수":0,
            "500m이내병원수":0,
            "5km이내대형병원수":4,
            "500m이내공원수":3,
            "3km이내혐오시설수":0,
            "초등학교학업성취도":89.98,
            "중학교학업성취도":58.4,
            "용적률":228,
            "건폐율":22,
            "Y":36.320769,
            "X":127.461683,
            "rank":25.0,
            "area_info":"24평(82.02), 28평(95.52), 28평(95.52), 29평(98.95), 31평(104.73)",
            "last_sales":"2021-11-05,35500.0,24평(82.02)",
            "rank_history":[
                [
                    "202203",
                    25
                ],
                [
                    "202202",
                    28
                ],
                [
                    "202201",
                    29
                ]
            ],
            "rank_gap":3
        },
        {
            "index":428,
            "아파트명":"주공5차",
            "투자타입":"재건축",
            "전용면적(m2)":"50.16",
            "전용면적(평)":"15평",
            "법정동주소":"대전시 동구 판암동 236",
            "도로명주소":"대전시 동구 동부로 73",
            "세대수":90,
            "입주년차":"--",
            "용적률점수":80,
            "건폐율점수":0,
            "세대당주차수":"--",
            "난방방식":"--",
            "공급면적":50,
            "전용률":60,
            "욕실수":"--",
            "현관타입":"--",
            "주거총점":64.5,
            "지역구공급총점":0.0,
            "역세권":50,
            "30분내 이동가능 거점":20,
            "1시간내 이동가능 거점":60,
            "교통총점":43.0,
            "백화점":0,
            "아울렛몰":0,
            "대형마트":0,
            "은행":0,
            "병원":0,
            "종합병원":100,
            "공원":100,
            "혐오시설":0,
            "인프라총점":23.0,
            "초등학군":89.98,
            "중학군":35.04,
            "학군총점":46.028,
            "인구수":23.68,
            "인구증감":2.48,
            "인구총점":17.32,
            "일자리":11.23,
            "소득수준":73.18,
            "일자리총점":29.815,
            "가치 총점":43.2834,
            "매매실거래년":20220209.0,
            "매매실거래가":10200.0,
            "전세실거래년":20211221.0,
            "전세실거래가":5000.0,
            "전세가율":49.02,
            "장기전세가율평균":70.6,
            "전세가율거품지수":21.58,
            "검색코드":5650,
            "세대수":1436.0,
            "준공년월":"1992-08-20",
            "준공년차":31.0,
            "가까운역이름":"판암",
            "가까운역거리":685.02,
            "역세권여부":"준역세권",
            "30분이내주요거점역":1,
            "30분거점역이름":"['탄방']",
            "1시간이내주요거점역":6,
            "1시간거점역이름":"['대전', '유성온천', '시청', '반석', '정부청사', '탄방']",
            "3km이내백화점수":0,
            "5km이내아울렛몰수":0,
            "1km이내대형먀트수":0,
            "500m이내은행수":0,
            "500m이내병원수":0,
            "5km이내대형병원수":4,
            "500m이내공원수":3,
            "3km이내혐오시설수":0,
            "초등학교학업성취도":89.98,
            "중학교학업성취도":58.4,
            "용적률":170,
            "건폐율":53,
            "Y":36.32311,
            "X":127.458894,
            "rank":26.0,
            "area_info":"15평(50.16), 16평(55.77), 17평(57.54), 17평(58.38), 20평(66.62), 20평(67.43), 23평(78.25)",
            "last_sales":"2022-02-09,10200.0,15평(50.16)",
            "rank_history":[
                [
                    "202203",
                    26
                ],
                [
                    "202202",
                    18
                ],
                [
                    "202201",
                    13
                ]
            ],
            "rank_gap":-8
        },
        {
            "index":104,
            "아파트명":"은어송1단지풍림아이원",
            "투자타입":"일반",
            "전용면적(m2)":"109.6",
            "전용면적(평)":"33평",
            "법정동주소":"대전시 동구 가오동 658",
            "도로명주소":"대전시 동구 동구청로 67",
            "세대수":50,
            "입주년차":40,
            "용적률점수":"--",
            "건폐율점수":"--",
            "세대당주차수":30,
            "난방방식":30,
            "공급면적":"--",
            "전용률":"--",
            "욕실수":100,
            "현관타입":100,
            "주거총점":53.0,
            "지역구공급총점":0.0,
            "역세권":0,
            "30분내 이동가능 거점":0,
            "1시간내 이동가능 거점":50,
            "교통총점":10.0,
            "백화점":0,
            "아울렛몰":0,
            "대형마트":80,
            "은행":20,
            "병원":0,
            "종합병원":100,
            "공원":100,
            "혐오시설":0,
            "인프라총점":37.0,
            "초등학군":89.99,
            "중학군":48.42,
            "학군총점":56.734,
            "인구수":23.68,
            "인구증감":2.48,
            "인구총점":17.32,
            "일자리":11.23,
            "소득수준":73.18,
            "일자리총점":29.815,
            "가치 총점":42.8702,
            "매매실거래년":20220114.0,
            "매매실거래가":40000.0,
            "전세실거래년":20211126.0,
            "전세실거래가":30000.0,
            "전세가율":77.92,
            "장기전세가율평균":70.6,
            "전세가율거품지수":-7.32,
            "검색코드":24171,
            "세대수":664.0,
            "준공년월":"2007-06-19",
            "준공년차":16.0,
            "가까운역이름":"판암",
            "가까운역거리":1334.66,
            "역세권여부":"비역세권",
            "30분이내주요거점역":0,
            "30분거점역이름":"[]",
            "1시간이내주요거점역":5,
            "1시간거점역이름":"['대전', '유성온천', '시청', '정부청사', '탄방']",
            "3km이내백화점수":0,
            "5km이내아울렛몰수":0,
            "1km이내대형먀트수":1,
            "500m이내은행수":2,
            "500m이내병원수":0,
            "5km이내대형병원수":2,
            "500m이내공원수":12,
            "3km이내혐오시설수":0,
            "초등학교학업성취도":89.99,
            "중학교학업성취도":78.9,
            "용적률":216,
            "건폐율":14,
            "Y":36.30498,
            "X":127.457528,
            "rank":27.0,
            "area_info":"33평(109.6), 33평(110.39), 34평(114.5)",
            "last_sales":"2022-01-14,40000.0,33평(110.39)",
            "rank_history":[
                [
                    "202203",
                    27
                ],
                [
                    "202202",
                    19
                ],
                [
                    "202201",
                    15
                ]
            ],
            "rank_gap":-8
        },
        {
            "index":246,
            "아파트명":"e편한세상대전에코포레",
            "투자타입":"일반",
            "전용면적(m2)":"64.68",
            "전용면적(평)":"19평",
            "법정동주소":"대전시 동구 용운동 783",
            "도로명주소":"대전시 동구 용운로 203",
            "세대수":100,
            "입주년차":100,
            "용적률점수":"--",
            "건폐율점수":"--",
            "세대당주차수":30,
            "난방방식":30,
            "공급면적":"--",
            "전용률":"--",
            "욕실수":50,
            "현관타입":100,
            "주거총점":77.5,
            "지역구공급총점":0.0,
            "역세권":0,
            "30분내 이동가능 거점":0,
            "1시간내 이동가능 거점":50,
            "교통총점":10.0,
            "백화점":0,
            "아울렛몰":0,
            "대형마트":0,
            "은행":0,
            "병원":0,
            "종합병원":100,
            "공원":100,
            "혐오시설":0,
            "인프라총점":23.0,
            "초등학군":90.03,
            "중학군":39.54,
            "학군총점":49.638,
            "인구수":23.68,
            "인구증감":2.48,
            "인구총점":17.32,
            "일자리":11.23,
            "소득수준":73.18,
            "일자리총점":29.815,
            "가치 총점":42.6664,
            "매매실거래년":20220107.0,
            "매매실거래가":30000.0,
            "전세실거래년":20220224.0,
            "전세실거래가":20000.0,
            "전세가율":66.67,
            "장기전세가율평균":70.6,
            "전세가율거품지수":3.93,
            "검색코드":120741,
            "세대수":2267.0,
            "준공년월":"2020-11-27",
            "준공년차":3.0,
            "가까운역이름":"판암",
            "가까운역거리":1402.94,
            "역세권여부":"비역세권",
            "30분이내주요거점역":0,
            "30분거점역이름":"[]",
            "1시간이내주요거점역":5,
            "1시간거점역이름":"['대전', '유성온천', '시청', '정부청사', '탄방']",
            "3km이내백화점수":0,
            "5km이내아울렛몰수":0,
            "1km이내대형먀트수":0,
            "500m이내은행수":0,
            "500m이내병원수":0,
            "5km이내대형병원수":4,
            "500m이내공원수":9,
            "3km이내혐오시설수":0,
            "초등학교학업성취도":90.03,
            "중학교학업성취도":65.9,
            "용적률":235,
            "건폐율":13,
            "Y":36.328753,
            "X":127.463997,
            "rank":28.0,
            "area_info":"19평(64.68), 25평(83.0), 29평(98.99), 30평(101.97), 33평(112.3)",
            "last_sales":"2022-01-07,30000.0,19평(64.68)",
            "rank_history":[
                [
                    "202203",
                    28
                ],
                [
                    "202202",
                    20
                ],
                [
                    "202201",
                    3
                ]
            ],
            "rank_gap":-8
        },
        {
            "index":183,
            "아파트명":"은어송코오롱하늘채2차",
            "투자타입":"일반",
            "전용면적(m2)":"61.29",
            "전용면적(평)":"18평",
            "법정동주소":"대전시 동구 대성동 420",
            "도로명주소":"대전시 동구 대전로340번길 15",
            "세대수":50,
            "입주년차":80,
            "용적률점수":"--",
            "건폐율점수":"--",
            "세대당주차수":30,
            "난방방식":30,
            "공급면적":"--",
            "전용률":"--",
            "욕실수":50,
            "현관타입":100,
            "주거총점":56.0,
            "지역구공급총점":0.0,
            "역세권":0,
            "30분내 이동가능 거점":0,
            "1시간내 이동가능 거점":50,
            "교통총점":10.0,
            "백화점":0,
            "아울렛몰":0,
            "대형마트":80,
            "은행":0,
            "병원":0,
            "종합병원":100,
            "공원":100,
            "혐오시설":0,
            "인프라총점":35.0,
            "초등학군":89.99,
            "중학군":46.68,
            "학군총점":55.342,
            "인구수":23.68,
            "인구증감":2.48,
            "인구총점":17.32,
            "일자리":11.23,
            "소득수준":73.18,
            "일자리총점":29.815,
            "가치 총점":42.6026,
            "매매실거래년":20220116.0,
            "매매실거래가":29500.0,
            "전세실거래년":20201215.0,
            "전세실거래가":10500.0,
            "전세가율":58.33,
            "장기전세가율평균":70.6,
            "전세가율거품지수":12.27,
            "검색코드":109057,
            "세대수":408.0,
            "준공년월":"2016-09-28",
            "준공년차":7.0,
            "가까운역이름":"판암",
            "가까운역거리":2005.15,
            "역세권여부":"비역세권",
            "30분이내주요거점역":0,
            "30분거점역이름":"[]",
            "1시간이내주요거점역":5,
            "1시간거점역이름":"['대전', '유성온천', '시청', '정부청사', '탄방']",
            "3km이내백화점수":0,
            "5km이내아울렛몰수":0,
            "1km이내대형먀트수":1,
            "500m이내은행수":0,
            "500m이내병원수":0,
            "5km이내대형병원수":2,
            "500m이내공원수":3,
            "3km이내혐오시설수":0,
            "초등학교학업성취도":89.99,
            "중학교학업성취도":77.0,
            "용적률":195,
            "건폐율":19,
            "Y":36.298959,
            "X":127.459733,
            "rank":29.0,
            "area_info":"18평(61.29), 27평(90.32), 29평(98.75), 29평(99.05), 34평(115.3), 35평(117.42)",
            "last_sales":"2022-01-16,29500.0,27평(90.32)",
            "rank_history":[
                [
                    "202203",
                    29
                ],
                [
                    "202202",
                    21
                ],
                [
                    "202201",
                    23
                ]
            ],
            "rank_gap":-8
        },
        {
            "index":355,
            "아파트명":"모닝빌",
            "투자타입":"일반",
            "전용면적(m2)":"100.06",
            "전용면적(평)":"30평",
            "법정동주소":"대전시 동구 인동 29-2",
            "도로명주소":"대전시 동구 대전천동로 458",
            "세대수":0,
            "입주년차":40,
            "용적률점수":"--",
            "건폐율점수":"--",
            "세대당주차수":30,
            "난방방식":30,
            "공급면적":"--",
            "전용률":"--",
            "욕실수":100,
            "현관타입":50,
            "주거총점":30.5,
            "지역구공급총점":0.0,
            "역세권":50,
            "30분내 이동가능 거점":60,
            "1시간내 이동가능 거점":60,
            "교통총점":55.0,
            "백화점":0,
            "아울렛몰":0,
            "대형마트":100,
            "은행":0,
            "병원":0,
            "종합병원":100,
            "공원":0,
            "혐오시설":0,
            "인프라총점":35.0,
            "초등학군":90.0,
            "중학군":44.94,
            "학군총점":53.952,
            "인구수":23.68,
            "인구증감":2.48,
            "인구총점":17.32,
            "일자리":11.23,
            "소득수준":73.18,
            "일자리총점":29.815,
            "가치 총점":42.5606,
            "매매실거래년":20220212.0,
            "매매실거래가":17300.0,
            "전세실거래년":20220212.0,
            "전세실거래가":14000.0,
            "전세가율":80.92,
            "장기전세가율평균":70.6,
            "전세가율거품지수":-10.32,
            "검색코드":106625,
            "세대수":162.0,
            "준공년월":"2006-06-08",
            "준공년차":17.0,
            "가까운역이름":"대동",
            "가까운역거리":962.8,
            "역세권여부":"준역세권",
            "30분이내주요거점역":3,
            "30분거점역이름":"['대전', '시청', '탄방']",
            "1시간이내주요거점역":6,
            "1시간거점역이름":"['대전', '유성온천', '시청', '반석', '정부청사', '탄방']",
            "3km이내백화점수":0,
            "5km이내아울렛몰수":0,
            "1km이내대형먀트수":2,
            "500m이내은행수":1,
            "500m이내병원수":0,
            "5km이내대형병원수":4,
            "500m이내공원수":0,
            "3km이내혐오시설수":0,
            "초등학교학업성취도":90.0,
            "중학교학업성취도":73.9,
            "용적률":945,
            "건폐율":73,
            "Y":36.323084,
            "X":127.43574,
            "rank":30.0,
            "area_info":"30평(100.06)",
            "last_sales":"2022-02-12,17300.0,30평(100.06)",
            "rank_history":[
                [
                    "202203",
                    30
                ],
                [
                    "202202",
                    30
                ],
                [
                    "202201",
                    44
                ]
            ],
            "rank_gap":0
        },
        {
            "index":21,
            "아파트명":"아침LH",
            "투자타입":"일반",
            "전용면적(m2)":"99.5",
            "전용면적(평)":"30평",
            "법정동주소":"대전시 동구 가양동 705",
            "도로명주소":"대전시 동구 우암로 192",
            "세대수":90,
            "입주년차":60,
            "용적률점수":"--",
            "건폐율점수":"--",
            "세대당주차수":30,
            "난방방식":30,
            "공급면적":"--",
            "전용률":"--",
            "욕실수":100,
            "현관타입":100,
            "주거총점":71.0,
            "지역구공급총점":0.0,
            "역세권":0,
            "30분내 이동가능 거점":20,
            "1시간내 이동가능 거점":60,
            "교통총점":18.0,
            "백화점":0,
            "아울렛몰":0,
            "대형마트":0,
            "은행":0,
            "병원":0,
            "종합병원":100,
            "공원":0,
            "혐오시설":0,
            "인프라총점":20.0,
            "초등학군":90.0,
            "중학군":43.2,
            "학군총점":52.56,
            "인구수":23.68,
            "인구증감":2.48,
            "인구총점":17.32,
            "일자리":11.23,
            "소득수준":73.18,
            "일자리총점":29.815,
            "가치 총점":42.218,
            "매매실거래년":20211110.0,
            "매매실거래가":45000.0,
            "전세실거래년":20200722.0,
            "전세실거래가":26000.0,
            "전세가율":68.6,
            "장기전세가율평균":70.6,
            "전세가율거품지수":2.0,
            "검색코드":103233,
            "세대수":1025.0,
            "준공년월":"2011-08-12",
            "준공년차":12.0,
            "가까운역이름":"대동",
            "가까운역거리":1247.86,
            "역세권여부":"비역세권",
            "30분이내주요거점역":1,
            "30분거점역이름":"['대전']",
            "1시간이내주요거점역":6,
            "1시간거점역이름":"['대전', '유성온천', '시청', '반석', '정부청사', '탄방']",
            "3km이내백화점수":0,
            "5km이내아울렛몰수":0,
            "1km이내대형먀트수":0,
            "500m이내은행수":0,
            "500m이내병원수":0,
            "5km이내대형병원수":5,
            "500m이내공원수":0,
            "3km이내혐오시설수":0,
            "초등학교학업성취도":90.0,
            "중학교학업성취도":72.0,
            "용적률":220,
            "건폐율":17,
            "Y":36.34045,
            "X":127.439347,
            "rank":31.0,
            "area_info":"30평(99.5), 30평(99.41), 30평(99.41), 34평(112.53), 34평(112.53), 34평(112.53), 34평(112.79), 34평(112.53), 34평(112.53), 34평(112.79), 46평(154.36), 46평(154.24), 46평(154.36), 46평(154.16)",
            "last_sales":"2021-11-10,45000.0,34평(112.79)",
            "rank_history":[
                [
                    "202203",
                    31
                ],
                [
                    "202202",
                    27
                ],
                [
                    "202201",
                    20
                ]
            ],
            "rank_gap":-4
        },
        {
            "index":406,
            "아파트명":"방주",
            "투자타입":"일반",
            "전용면적(m2)":"76.88",
            "전용면적(평)":"23평",
            "법정동주소":"대전시 동구 판암동 328",
            "도로명주소":"대전시 동구 동구청로204번길 46",
            "세대수":0,
            "입주년차":0,
            "용적률점수":"--",
            "건폐율점수":"--",
            "세대당주차수":0,
            "난방방식":30,
            "공급면적":"--",
            "전용률":"--",
            "욕실수":100,
            "현관타입":100,
            "주거총점":23.0,
            "지역구공급총점":0.0,
            "역세권":80,
            "30분내 이동가능 거점":80,
            "1시간내 이동가능 거점":60,
            "교통총점":76.0,
            "백화점":0,
            "아울렛몰":0,
            "대형마트":80,
            "은행":0,
            "병원":0,
            "종합병원":100,
            "공원":100,
            "혐오시설":0,
            "인프라총점":35.0,
            "초등학군":90.0,
            "중학군":35.04,
            "학군총점":46.032,
            "인구수":23.68,
            "인구증감":2.48,
            "인구총점":17.32,
            "일자리":11.23,
            "소득수준":73.18,
            "일자리총점":29.815,
            "가치 총점":41.4596,
            "매매실거래년":20211220.0,
            "매매실거래가":19800.0,
            "전세실거래년":20210507.0,
            "전세실거래가":10000.0,
            "전세가율":50.51,
            "장기전세가율평균":70.6,
            "전세가율거품지수":20.09,
            "검색코드":14586,
            "세대수":133.0,
            "준공년월":"1998-07-28",
            "준공년차":25.0,
            "가까운역이름":"판암",
            "가까운역거리":175.87,
            "역세권여부":"역세권",
            "30분이내주요거점역":4,
            "30분거점역이름":"['대전', '시청', '정부청사', '탄방']",
            "1시간이내주요거점역":6,
            "1시간거점역이름":"['대전', '유성온천', '시청', '반석', '정부청사', '탄방']",
            "3km이내백화점수":0,
            "5km이내아울렛몰수":0,
            "1km이내대형먀트수":1,
            "500m이내은행수":0,
            "500m이내병원수":0,
            "5km이내대형병원수":4,
            "500m이내공원수":3,
            "3km이내혐오시설수":0,
            "초등학교학업성취도":90.0,
            "중학교학업성취도":58.4,
            "용적률":0,
            "건폐율":0,
            "Y":36.315431,
            "X":127.458925,
            "rank":32.0,
            "area_info":"23평(76.88), 31평(104.56)",
            "last_sales":"2021-12-20,19800.0,23평(76.88)",
            "rank_history":[
                [
                    "202203",
                    32
                ],
                [
                    "202202",
                    37
                ],
                [
                    "202201",
                    47
                ]
            ],
            "rank_gap":5
        },
        {
            "index":371,
            "아파트명":"동아",
            "투자타입":"재건축",
            "전용면적(m2)":"102.3",
            "전용면적(평)":"30평",
            "법정동주소":"대전시 동구 자양동 201",
            "도로명주소":"대전시 동구 성동로 74",
            "세대수":50,
            "입주년차":"--",
            "용적률점수":60,
            "건폐율점수":100,
            "세대당주차수":"--",
            "난방방식":"--",
            "공급면적":90,
            "전용률":80,
            "욕실수":"--",
            "현관타입":"--",
            "주거총점":67.5,
            "지역구공급총점":0.0,
            "역세권":0,
            "30분내 이동가능 거점":20,
            "1시간내 이동가능 거점":60,
            "교통총점":18.0,
            "백화점":0,
            "아울렛몰":0,
            "대형마트":0,
            "은행":0,
            "병원":0,
            "종합병원":100,
            "공원":100,
            "혐오시설":0,
            "인프라총점":23.0,
            "초등학군":89.99,
            "중학군":39.84,
            "학군총점":49.87,
            "인구수":23.68,
            "인구증감":2.48,
            "인구총점":17.32,
            "일자리":11.23,
            "소득수준":73.18,
            "일자리총점":29.815,
            "가치 총점":41.436,
            "매매실거래년":20220128.0,
            "매매실거래가":31500.0,
            "전세실거래년":20211030.0,
            "전세실거래가":16000.0,
            "전세가율":65.84,
            "장기전세가율평균":70.6,
            "전세가율거품지수":4.76,
            "검색코드":5686,
            "세대수":590.0,
            "준공년월":"1990-10-30",
            "준공년차":33.0,
            "가까운역이름":"대동",
            "가까운역거리":1608.01,
            "역세권여부":"비역세권",
            "30분이내주요거점역":1,
            "30분거점역이름":"['대전']",
            "1시간이내주요거점역":6,
            "1시간거점역이름":"['대전', '유성온천', '시청', '반석', '정부청사', '탄방']",
            "3km이내백화점수":0,
            "5km이내아울렛몰수":0,
            "1km이내대형먀트수":0,
            "500m이내은행수":0,
            "500m이내병원수":0,
            "5km이내대형병원수":5,
            "500m이내공원수":6,
            "3km이내혐오시설수":0,
            "초등학교학업성취도":89.99,
            "중학교학업성취도":66.4,
            "용적률":198,
            "건폐율":13,
            "Y":36.341817,
            "X":127.452415,
            "rank":33.0,
            "area_info":"30평(102.3), 47평(155.76)",
            "last_sales":"2022-01-28,31500.0,47평(155.76)",
            "rank_history":[
                [
                    "202203",
                    33
                ],
                [
                    "202202",
                    31
                ],
                [
                    "202201",
                    26
                ]
            ],
            "rank_gap":-2
        },
        {
            "index":366,
            "아파트명":"현대",
            "투자타입":"재건축",
            "전용면적(m2)":"70.59",
            "전용면적(평)":"21평",
            "법정동주소":"대전시 동구 인동 179-1",
            "도로명주소":"대전시 동구 대전로 664",
            "세대수":80,
            "입주년차":"--",
            "용적률점수":0,
            "건폐율점수":0,
            "세대당주차수":"--",
            "난방방식":"--",
            "공급면적":50,
            "전용률":60,
            "욕실수":"--",
            "현관타입":"--",
            "주거총점":29.5,
            "지역구공급총점":0.0,
            "역세권":50,
            "30분내 이동가능 거점":40,
            "1시간내 이동가능 거점":60,
            "교통총점":49.0,
            "백화점":0,
            "아울렛몰":0,
            "대형마트":100,
            "은행":0,
            "병원":0,
            "종합병원":100,
            "공원":0,
            "혐오시설":0,
            "인프라총점":35.0,
            "초등학군":90.06,
            "중학군":44.94,
            "학군총점":53.964,
            "인구수":23.68,
            "인구증감":2.48,
            "인구총점":17.32,
            "일자리":11.23,
            "소득수준":73.18,
            "일자리총점":29.815,
            "가치 총점":41.4142,
            "매매실거래년":20211203.0,
            "매매실거래가":25000.0,
            "전세실거래년":20211102.0,
            "전세실거래가":12000.0,
            "전세가율":62.18,
            "장기전세가율평균":70.6,
            "전세가율거품지수":8.42,
            "검색코드":5646,
            "세대수":728.0,
            "준공년월":"1987-06-11",
            "준공년차":36.0,
            "가까운역이름":"신흥",
            "가까운역거리":811.66,
            "역세권여부":"준역세권",
            "30분이내주요거점역":2,
            "30분거점역이름":"['대전', '탄방']",
            "1시간이내주요거점역":6,
            "1시간거점역이름":"['대전', '유성온천', '시청', '반석', '정부청사', '탄방']",
            "3km이내백화점수":0,
            "5km이내아울렛몰수":0,
            "1km이내대형먀트수":2,
            "500m이내은행수":1,
            "500m이내병원수":0,
            "5km이내대형병원수":4,
            "500m이내공원수":0,
            "3km이내혐오시설수":0,
            "초등학교학업성취도":90.06,
            "중학교학업성취도":73.9,
            "용적률":0,
            "건폐율":0,
            "Y":36.319687,
            "X":127.43974,
            "rank":34.0,
            "area_info":"21평(70.59), 24평(81.72), 26평(86.94), 29평(97.78), 31평(104.07)",
            "last_sales":"2021-12-03,25000.0,31평(104.07)",
            "rank_history":[
                [
                    "202203",
                    34
                ],
                [
                    "202202",
                    32
                ],
                [
                    "202201",
                    35
                ]
            ],
            "rank_gap":-2
        },
        {
            "index":126,
            "아파트명":"남대전e편한세상",
            "투자타입":"일반",
            "전용면적(m2)":"111.04",
            "전용면적(평)":"33평",
            "법정동주소":"대전시 동구 낭월동 723",
            "도로명주소":"대전시 동구 산내로 1330",
            "세대수":80,
            "입주년차":60,
            "용적률점수":"--",
            "건폐율점수":"--",
            "세대당주차수":60,
            "난방방식":30,
            "공급면적":"--",
            "전용률":"--",
            "욕실수":100,
            "현관타입":100,
            "주거총점":72.0,
            "지역구공급총점":0.0,
            "역세권":0,
            "30분내 이동가능 거점":0,
            "1시간내 이동가능 거점":40,
            "교통총점":8.0,
            "백화점":0,
            "아울렛몰":0,
            "대형마트":100,
            "은행":0,
            "병원":0,
            "종합병원":0,
            "공원":100,
            "혐오시설":0,
            "인프라총점":18.0,
            "초등학군":90.0,
            "중학군":46.68,
            "학군총점":55.344,
            "인구수":23.68,
            "인구증감":2.48,
            "인구총점":17.32,
            "일자리":11.23,
            "소득수준":73.18,
            "일자리총점":29.815,
            "가치 총점":41.2032,
            "매매실거래년":20220129.0,
            "매매실거래가":35000.0,
            "전세실거래년":20220219.0,
            "전세실거래가":22050.0,
            "전세가율":63.0,
            "장기전세가율평균":70.6,
            "전세가율거품지수":7.6,
            "검색코드":103164,
            "세대수":713.0,
            "준공년월":"2011-09-28",
            "준공년차":12.0,
            "가까운역이름":"판암",
            "가까운역거리":3925.63,
            "역세권여부":"비역세권",
            "30분이내주요거점역":0,
            "30분거점역이름":"[]",
            "1시간이내주요거점역":4,
            "1시간거점역이름":"['대전', '시청', '정부청사', '탄방']",
            "3km이내백화점수":0,
            "5km이내아울렛몰수":0,
            "1km이내대형먀트수":2,
            "500m이내은행수":0,
            "500m이내병원수":0,
            "5km이내대형병원수":0,
            "500m이내공원수":9,
            "3km이내혐오시설수":0,
            "초등학교학업성취도":90.0,
            "중학교학업성취도":77.0,
            "용적률":223,
            "건폐율":18,
            "Y":36.282679,
            "X":127.468891,
            "rank":35.0,
            "area_info":"33평(111.04), 33평(111.96), 33평(112.02), 33평(112.02), 38평(128.74), 42평(139.25), 46평(153.54)",
            "last_sales":"2022-01-29,35000.0,33평(111.04)",
            "rank_history":[
                [
                    "202203",
                    35
                ],
                [
                    "202202",
                    25
                ],
                [
                    "202201",
                    30
                ]
            ],
            "rank_gap":-10
        },
        {
            "index":234,
            "아파트명":"효촌마을",
            "투자타입":"일반",
            "전용면적(m2)":"69.94",
            "전용면적(평)":"21평",
            "법정동주소":"대전시 동구 성남동 520",
            "도로명주소":"대전시 동구 계족로368번길 11",
            "세대수":80,
            "입주년차":20,
            "용적률점수":"--",
            "건폐율점수":"--",
            "세대당주차수":0,
            "난방방식":30,
            "공급면적":"--",
            "전용률":"--",
            "욕실수":50,
            "현관타입":10,
            "주거총점":41.0,
            "지역구공급총점":0.0,
            "역세권":0,
            "30분내 이동가능 거점":20,
            "1시간내 이동가능 거점":60,
            "교통총점":18.0,
            "백화점":0,
            "아울렛몰":0,
            "대형마트":100,
            "은행":20,
            "병원":0,
            "종합병원":100,
            "공원":100,
            "혐오시설":0,
            "인프라총점":40.0,
            "초등학군":89.96,
            "중학군":43.2,
            "학군총점":52.552,
            "인구수":23.68,
            "인구증감":2.48,
            "인구총점":17.32,
            "일자리":11.23,
            "소득수준":73.18,
            "일자리총점":29.815,
            "가치 총점":40.7156,
            "매매실거래년":20220108.0,
            "매매실거래가":35500.0,
            "전세실거래년":20210827.0,
            "전세실거래가":20000.0,
            "전세가율":74.07,
            "장기전세가율평균":70.6,
            "전세가율거품지수":-3.47,
            "검색코드":12930,
            "세대수":818.0,
            "준공년월":"2003-04-15",
            "준공년차":20.0,
            "가까운역이름":"대동",
            "가까운역거리":1923.45,
            "역세권여부":"비역세권",
            "30분이내주요거점역":1,
            "30분거점역이름":"['대전']",
            "1시간이내주요거점역":6,
            "1시간거점역이름":"['대전', '유성온천', '시청', '반석', '정부청사', '탄방']",
            "3km이내백화점수":0,
            "5km이내아울렛몰수":0,
            "1km이내대형먀트수":2,
            "500m이내은행수":2,
            "500m이내병원수":0,
            "5km이내대형병원수":6,
            "500m이내공원수":3,
            "3km이내혐오시설수":0,
            "초등학교학업성취도":89.96,
            "중학교학업성취도":72.0,
            "용적률":219,
            "건폐율":18,
            "Y":36.345611,
            "X":127.434753,
            "rank":36.0,
            "area_info":"21평(69.94), 24평(79.66), 24평(80.0), 32평(108.39), 32평(109.08)",
            "last_sales":"2022-01-08,35500.0,32평(108.39)",
            "rank_history":[
                [
                    "202203",
                    36
                ],
                [
                    "202202",
                    35
                ],
                [
                    "202201",
                    27
                ]
            ],
            "rank_gap":-1
        },
        {
            "index":133,
            "아파트명":"오투그란데",
            "투자타입":"일반",
            "전용면적(m2)":"113.54",
            "전용면적(평)":"34평",
            "법정동주소":"대전시 동구 낭월동 304",
            "도로명주소":"대전시 동구 산내로 1375",
            "세대수":80,
            "입주년차":40,
            "용적률점수":"--",
            "건폐율점수":"--",
            "세대당주차수":60,
            "난방방식":30,
            "공급면적":"--",
            "전용률":"--",
            "욕실수":100,
            "현관타입":100,
            "주거총점":68.0,
            "지역구공급총점":0.0,
            "역세권":0,
            "30분내 이동가능 거점":0,
            "1시간내 이동가능 거점":50,
            "교통총점":10.0,
            "백화점":0,
            "아울렛몰":0,
            "대형마트":100,
            "은행":0,
            "병원":0,
            "종합병원":0,
            "공원":100,
            "혐오시설":0,
            "인프라총점":18.0,
            "초등학군":90.0,
            "중학군":46.68,
            "학군총점":55.344,
            "인구수":23.68,
            "인구증감":2.48,
            "인구총점":17.32,
            "일자리":11.23,
            "소득수준":73.18,
            "일자리총점":29.815,
            "가치 총점":40.5032,
            "매매실거래년":20211117.0,
            "매매실거래가":44200.0,
            "전세실거래년":null,
            "전세실거래가":null,
            "전세가율":null,
            "장기전세가율평균":70.6,
            "전세가율거품지수":null,
            "검색코드":26064,
            "세대수":877.0,
            "준공년월":"2008-08-22",
            "준공년차":15.0,
            "가까운역이름":"판암",
            "가까운역거리":3471.04,
            "역세권여부":"비역세권",
            "30분이내주요거점역":0,
            "30분거점역이름":"[]",
            "1시간이내주요거점역":5,
            "1시간거점역이름":"['대전', '유성온천', '시청', '정부청사', '탄방']",
            "3km이내백화점수":0,
            "5km이내아울렛몰수":0,
            "1km이내대형먀트수":2,
            "500m이내은행수":0,
            "500m이내병원수":0,
            "5km이내대형병원수":0,
            "500m이내공원수":3,
            "3km이내혐오시설수":0,
            "초등학교학업성취도":90.0,
            "중학교학업성취도":77.0,
            "용적률":243,
            "건폐율":15,
            "Y":36.286139,
            "X":127.46456,
            "rank":37.0,
            "area_info":"34평(113.54), 34평(115.28), 35평(118.23), 43평(143.42)",
            "last_sales":"2021-11-17,44200.0,43평(143.42)",
            "rank_history":[
                [
                    "202203",
                    37
                ],
                [
                    "202202",
                    29
                ],
                [
                    "202201",
                    36
                ]
            ],
            "rank_gap":-8
        },
        {
            "index":362,
            "아파트명":"한울",
            "투자타입":"일반",
            "전용면적(m2)":"73.93",
            "전용면적(평)":"22평",
            "법정동주소":"대전시 동구 인동 73-1",
            "도로명주소":"대전시 동구 대흥로206번길 54",
            "세대수":0,
            "입주년차":20,
            "용적률점수":"--",
            "건폐율점수":"--",
            "세대당주차수":0,
            "난방방식":30,
            "공급면적":"--",
            "전용률":"--",
            "욕실수":50,
            "현관타입":100,
            "주거총점":22.0,
            "지역구공급총점":0.0,
            "역세권":50,
            "30분내 이동가능 거점":60,
            "1시간내 이동가능 거점":60,
            "교통총점":55.0,
            "백화점":0,
            "아울렛몰":0,
            "대형마트":100,
            "은행":0,
            "병원":0,
            "종합병원":100,
            "공원":0,
            "혐오시설":0,
            "인프라총점":35.0,
            "초등학군":90.0,
            "중학군":44.94,
            "학군총점":53.952,
            "인구수":23.68,
            "인구증감":2.48,
            "인구총점":17.32,
            "일자리":11.23,
            "소득수준":73.18,
            "일자리총점":29.815,
            "가치 총점":40.4356,
            "매매실거래년":20220128.0,
            "매매실거래가":22000.0,
            "전세실거래년":20180813.0,
            "전세실거래가":9000.0,
            "전세가율":66.18,
            "장기전세가율평균":70.6,
            "전세가율거품지수":4.42,
            "검색코드":14584,
            "세대수":225.0,
            "준공년월":"2003-06-25",
            "준공년차":20.0,
            "가까운역이름":"대동",
            "가까운역거리":897.36,
            "역세권여부":"준역세권",
            "30분이내주요거점역":3,
            "30분거점역이름":"['대전', '시청', '탄방']",
            "1시간이내주요거점역":6,
            "1시간거점역이름":"['대전', '유성온천', '시청', '반석', '정부청사', '탄방']",
            "3km이내백화점수":0,
            "5km이내아울렛몰수":0,
            "1km이내대형먀트수":2,
            "500m이내은행수":0,
            "500m이내병원수":0,
            "5km이내대형병원수":5,
            "500m이내공원수":0,
            "3km이내혐오시설수":0,
            "초등학교학업성취도":90.0,
            "중학교학업성취도":73.9,
            "용적률":428,
            "건폐율":35,
            "Y":36.324074,
            "X":127.435521,
            "rank":38.0,
            "area_info":"22평(73.93), 24평(79.57), 30평(101.37), 30평(102.0)",
            "last_sales":"2022-01-28,22000.0,30평(102.0)",
            "rank_history":[
                [
                    "202203",
                    38
                ],
                [
                    "202202",
                    38
                ],
                [
                    "202201",
                    48
                ]
            ],
            "rank_gap":0
        },
        {
            "index":280,
            "아파트명":"한화꿈에그린",
            "투자타입":"일반",
            "전용면적(m2)":"112.96",
            "전용면적(평)":"34평",
            "법정동주소":"대전시 동구 용운동 703",
            "도로명주소":"대전시 동구 대학로50번길 53",
            "세대수":50,
            "입주년차":40,
            "용적률점수":"--",
            "건폐율점수":"--",
            "세대당주차수":60,
            "난방방식":30,
            "공급면적":"--",
            "전용률":"--",
            "욕실수":100,
            "현관타입":100,
            "주거총점":57.5,
            "지역구공급총점":0.0,
            "역세권":0,
            "30분내 이동가능 거점":20,
            "1시간내 이동가능 거점":50,
            "교통총점":16.0,
            "백화점":0,
            "아울렛몰":0,
            "대형마트":0,
            "은행":0,
            "병원":0,
            "종합병원":100,
            "공원":100,
            "혐오시설":0,
            "인프라총점":23.0,
            "초등학군":89.99,
            "중학군":46.6,
            "학군총점":55.278,
            "인구수":23.68,
            "인구증감":2.48,
            "인구총점":17.32,
            "일자리":11.23,
            "소득수준":73.18,
            "일자리총점":29.815,
            "가치 총점":40.2584,
            "매매실거래년":20220122.0,
            "매매실거래가":40700.0,
            "전세실거래년":20220124.0,
            "전세실거래가":26000.0,
            "전세가율":75.8,
            "장기전세가율평균":70.6,
            "전세가율거품지수":-5.2,
            "검색코드":15501,
            "세대수":641.0,
            "준공년월":"2006-01-26",
            "준공년차":17.0,
            "가까운역이름":"대동",
            "가까운역거리":1277.06,
            "역세권여부":"비역세권",
            "30분이내주요거점역":1,
            "30분거점역이름":"['대전']",
            "1시간이내주요거점역":5,
            "1시간거점역이름":"['대전', '유성온천', '시청', '정부청사', '탄방']",
            "3km이내백화점수":0,
            "5km이내아울렛몰수":0,
            "1km이내대형먀트수":0,
            "500m이내은행수":0,
            "500m이내병원수":0,
            "5km이내대형병원수":5,
            "500m이내공원수":9,
            "3km이내혐오시설수":0,
            "초등학교학업성취도":89.99,
            "중학교학업성취도":76.0,
            "용적률":183,
            "건폐율":15,
            "Y":36.331789,
            "X":127.456829,
            "rank":39.0,
            "area_info":"34평(112.96), 37평(123.82), 45평(151.46), 52평(173.79)",
            "last_sales":"2022-01-22,40700.0,45평(151.46)",
            "rank_history":[
                [
                    "202203",
                    39
                ],
                [
                    "202202",
                    36
                ],
                [
                    "202201",
                    14
                ]
            ],
            "rank_gap":-3
        },
        {
            "index":420,
            "아파트명":"주공1차",
            "투자타입":"재건축",
            "전용면적(m2)":"63.6",
            "전용면적(평)":"19평",
            "법정동주소":"대전시 동구 판암동 178",
            "도로명주소":"대전시 동구 옥천로180번길 47-2",
            "세대수":90,
            "입주년차":"--",
            "용적률점수":0,
            "건폐율점수":0,
            "세대당주차수":"--",
            "난방방식":"--",
            "공급면적":50,
            "전용률":60,
            "욕실수":"--",
            "현관타입":"--",
            "주거총점":32.5,
            "지역구공급총점":0.0,
            "역세권":80,
            "30분내 이동가능 거점":80,
            "1시간내 이동가능 거점":60,
            "교통총점":76.0,
            "백화점":0,
            "아울렛몰":0,
            "대형마트":0,
            "은행":0,
            "병원":0,
            "종합병원":100,
            "공원":100,
            "혐오시설":0,
            "인프라총점":23.0,
            "초등학군":90.0,
            "중학군":35.04,
            "학군총점":46.032,
            "인구수":23.68,
            "인구증감":2.48,
            "인구총점":17.32,
            "일자리":11.23,
            "소득수준":73.18,
            "일자리총점":29.815,
            "가치 총점":40.2346,
            "매매실거래년":20211127.0,
            "매매실거래가":24000.0,
            "전세실거래년":20211103.0,
            "전세실거래가":10000.0,
            "전세가율":67.11,
            "장기전세가율평균":70.6,
            "전세가율거품지수":3.49,
            "검색코드":5659,
            "세대수":1016.0,
            "준공년월":"1990-03-15",
            "준공년차":33.0,
            "가까운역이름":"판암",
            "가까운역거리":491.59,
            "역세권여부":"역세권",
            "30분이내주요거점역":4,
            "30분거점역이름":"['대전', '시청', '정부청사', '탄방']",
            "1시간이내주요거점역":6,
            "1시간거점역이름":"['대전', '유성온천', '시청', '반석', '정부청사', '탄방']",
            "3km이내백화점수":0,
            "5km이내아울렛몰수":0,
            "1km이내대형먀트수":0,
            "500m이내은행수":0,
            "500m이내병원수":0,
            "5km이내대형병원수":3,
            "500m이내공원수":3,
            "3km이내혐오시설수":0,
            "초등학교학업성취도":90.0,
            "중학교학업성취도":58.4,
            "용적률":0,
            "건폐율":0,
            "Y":36.316427,
            "X":127.463874,
            "rank":40.0,
            "area_info":"19평(63.6), 24평(80.17), 24평(82.53), 31평(105.49)",
            "last_sales":"2021-11-27,24000.0,31평(105.49)",
            "rank_history":[
                [
                    "202203",
                    40
                ],
                [
                    "202202",
                    40
                ],
                [
                    "202201",
                    51
                ]
            ],
            "rank_gap":0
        },
        {
            "index":424,
            "아파트명":"주공2차",
            "투자타입":"재건축",
            "전용면적(m2)":"63.6",
            "전용면적(평)":"19평",
            "법정동주소":"대전시 동구 판암동 202",
            "도로명주소":"대전시 동구 옥천로180번길 23",
            "세대수":90,
            "입주년차":"--",
            "용적률점수":0,
            "건폐율점수":0,
            "세대당주차수":"--",
            "난방방식":"--",
            "공급면적":50,
            "전용률":60,
            "욕실수":"--",
            "현관타입":"--",
            "주거총점":32.5,
            "지역구공급총점":0.0,
            "역세권":80,
            "30분내 이동가능 거점":80,
            "1시간내 이동가능 거점":60,
            "교통총점":76.0,
            "백화점":0,
            "아울렛몰":0,
            "대형마트":0,
            "은행":0,
            "병원":0,
            "종합병원":100,
            "공원":100,
            "혐오시설":0,
            "인프라총점":23.0,
            "초등학군":90.0,
            "중학군":35.04,
            "학군총점":46.032,
            "인구수":23.68,
            "인구증감":2.48,
            "인구총점":17.32,
            "일자리":11.23,
            "소득수준":73.18,
            "일자리총점":29.815,
            "가치 총점":40.2346,
            "매매실거래년":20220127.0,
            "매매실거래가":19000.0,
            "전세실거래년":20210929.0,
            "전세실거래가":12000.0,
            "전세가율":88.89,
            "장기전세가율평균":70.6,
            "전세가율거품지수":-18.29,
            "검색코드":5661,
            "세대수":1130.0,
            "준공년월":"1990-10-01",
            "준공년차":33.0,
            "가까운역이름":"판암",
            "가까운역거리":403.0,
            "역세권여부":"역세권",
            "30분이내주요거점역":4,
            "30분거점역이름":"['대전', '시청', '정부청사', '탄방']",
            "1시간이내주요거점역":6,
            "1시간거점역이름":"['대전', '유성온천', '시청', '반석', '정부청사', '탄방']",
            "3km이내백화점수":0,
            "5km이내아울렛몰수":0,
            "1km이내대형먀트수":0,
            "500m이내은행수":0,
            "500m이내병원수":0,
            "5km이내대형병원수":3,
            "500m이내공원수":3,
            "3km이내혐오시설수":0,
            "초등학교학업성취도":90.0,
            "중학교학업성취도":58.4,
            "용적률":0,
            "건폐율":0,
            "Y":36.317261,
            "X":127.46291,
            "rank":40.0,
            "area_info":"19평(63.6), 24평(81.63), 24평(82.53), 31평(105.49)",
            "last_sales":"2022-01-27,19000.0,24평(82.53)",
            "rank_history":[
                [
                    "202203",
                    40
                ],
                [
                    "202202",
                    40
                ],
                [
                    "202201",
                    51
                ]
            ],
            "rank_gap":0
        },
        {
            "index":446,
            "아파트명":"신동아파밀리에1단지",
            "투자타입":"일반",
            "전용면적(m2)":"95.5",
            "전용면적(평)":"28평",
            "법정동주소":"대전시 동구 홍도동 1003",
            "도로명주소":"대전시 동구 동산초교로 46",
            "세대수":30,
            "입주년차":40,
            "용적률점수":"--",
            "건폐율점수":"--",
            "세대당주차수":30,
            "난방방식":30,
            "공급면적":"--",
            "전용률":"--",
            "욕실수":100,
            "현관타입":100,
            "주거총점":46.0,
            "지역구공급총점":0.0,
            "역세권":0,
            "30분내 이동가능 거점":0,
            "1시간내 이동가능 거점":60,
            "교통총점":12.0,
            "백화점":0,
            "아울렛몰":0,
            "대형마트":80,
            "은행":20,
            "병원":0,
            "종합병원":100,
            "공원":100,
            "혐오시설":0,
            "인프라총점":37.0,
            "초등학군":89.99,
            "중학군":41.52,
            "학군총점":51.214,
            "인구수":23.68,
            "인구증감":2.48,
            "인구총점":17.32,
            "일자리":11.23,
            "소득수준":73.18,
            "일자리총점":29.815,
            "가치 총점":39.7642,
            "매매실거래년":20211207.0,
            "매매실거래가":34000.0,
            "전세실거래년":20220112.0,
            "전세실거래가":20000.0,
            "전세가율":58.82,
            "장기전세가율평균":70.6,
            "전세가율거품지수":11.78,
            "검색코드":101062,
            "세대수":349.0,
            "준공년월":"2007-07-01",
            "준공년차":16.0,
            "가까운역이름":"대동",
            "가까운역거리":2506.68,
            "역세권여부":"비역세권",
            "30분이내주요거점역":0,
            "30분거점역이름":"[]",
            "1시간이내주요거점역":6,
            "1시간거점역이름":"['대전', '유성온천', '시청', '반석', '정부청사', '탄방']",
            "3km이내백화점수":0,
            "5km이내아울렛몰수":0,
            "1km이내대형먀트수":1,
            "500m이내은행수":2,
            "500m이내병원수":0,
            "5km이내대형병원수":6,
            "500m이내공원수":6,
            "3km이내혐오시설수":0,
            "초등학교학업성취도":89.99,
            "중학교학업성취도":69.2,
            "용적률":199,
            "건폐율":21,
            "Y":36.347533,
            "X":127.425903,
            "rank":41.0,
            "area_info":"28평(95.5), 33평(109.75), 33평(110.52), 33평(111.06)",
            "last_sales":"2021-12-07,34000.0,28평(95.5)",
            "rank_history":[
                [
                    "202203",
                    41
                ],
                [
                    "202202",
                    33
                ],
                [
                    "202201",
                    38
                ]
            ],
            "rank_gap":-8
        },
        {
            "index":311,
            "아파트명":"신동아",
            "투자타입":"재건축",
            "전용면적(m2)":"82.88",
            "전용면적(평)":"25평",
            "법정동주소":"대전시 동구 용전동 1",
            "도로명주소":"대전시 동구 한밭대로1237번길 52",
            "세대수":90,
            "입주년차":"--",
            "용적률점수":0,
            "건폐율점수":0,
            "세대당주차수":"--",
            "난방방식":"--",
            "공급면적":70,
            "전용률":80,
            "욕실수":"--",
            "현관타입":"--",
            "주거총점":34.5,
            "지역구공급총점":0.0,
            "역세권":0,
            "30분내 이동가능 거점":20,
            "1시간내 이동가능 거점":60,
            "교통총점":18.0,
            "백화점":0,
            "아울렛몰":0,
            "대형마트":100,
            "은행":0,
            "병원":0,
            "종합병원":100,
            "공원":0,
            "혐오시설":0,
            "인프라총점":35.0,
            "초등학군":89.98,
            "중학군":49.9,
            "학군총점":57.916,
            "인구수":23.68,
            "인구증감":2.48,
            "인구총점":17.32,
            "일자리":11.23,
            "소득수준":73.18,
            "일자리총점":29.815,
            "가치 총점":39.1998,
            "매매실거래년":20211225.0,
            "매매실거래가":21000.0,
            "전세실거래년":20220116.0,
            "전세실거래가":16000.0,
            "전세가율":76.19,
            "장기전세가율평균":70.6,
            "전세가율거품지수":-5.59,
            "검색코드":5698,
            "세대수":914.0,
            "준공년월":"1990-09-27",
            "준공년차":33.0,
            "가까운역이름":"대동",
            "가까운역거리":3275.39,
            "역세권여부":"비역세권",
            "30분이내주요거점역":1,
            "30분거점역이름":"['대전']",
            "1시간이내주요거점역":6,
            "1시간거점역이름":"['대전', '유성온천', '시청', '반석', '정부청사', '탄방']",
            "3km이내백화점수":0,
            "5km이내아울렛몰수":0,
            "1km이내대형먀트수":2,
            "500m이내은행수":1,
            "500m이내병원수":0,
            "5km이내대형병원수":4,
            "500m이내공원수":0,
            "3km이내혐오시설수":0,
            "초등학교학업성취도":89.98,
            "중학교학업성취도":81.9,
            "용적률":0,
            "건폐율":0,
            "Y":36.358765,
            "X":127.437834,
            "rank":42.0,
            "area_info":"25평(82.88), 30평(101.61), 39평(130.36), 44평(145.96)",
            "last_sales":"2021-12-25,21000.0,25평(82.88)",
            "rank_history":[
                [
                    "202203",
                    42
                ],
                [
                    "202202",
                    39
                ],
                [
                    "202201",
                    31
                ]
            ],
            "rank_gap":-3
        },
        {
            "index":10,
            "아파트명":"드림팰리스5차(도시형)",
            "투자타입":"일반",
            "전용면적(m2)":"44.44",
            "전용면적(평)":"13평",
            "법정동주소":"대전시 동구 가양동 425-6",
            "도로명주소":"대전시 동구 가양로 154",
            "세대수":0,
            "입주년차":80,
            "용적률점수":"--",
            "건폐율점수":"--",
            "세대당주차수":0,
            "난방방식":30,
            "공급면적":"--",
            "전용률":"--",
            "욕실수":50,
            "현관타입":100,
            "주거총점":34.0,
            "지역구공급총점":0.0,
            "역세권":0,
            "30분내 이동가능 거점":40,
            "1시간내 이동가능 거점":60,
            "교통총점":24.0,
            "백화점":0,
            "아울렛몰":0,
            "대형마트":100,
            "은행":0,
            "병원":0,
            "종합병원":100,
            "공원":100,
            "혐오시설":0,
            "인프라총점":38.0,
            "초등학군":90.0,
            "중학군":39.26,
            "학군총점":49.408,
            "인구수":23.68,
            "인구증감":2.48,
            "인구총점":17.32,
            "일자리":11.23,
            "소득수준":73.18,
            "일자리총점":29.815,
            "가치 총점":38.3224,
            "매매실거래년":20211116.0,
            "매매실거래가":18250.0,
            "전세실거래년":null,
            "전세실거래가":null,
            "전세가율":null,
            "장기전세가율평균":70.6,
            "전세가율거품지수":null,
            "검색코드":118965,
            "세대수":90.0,
            "준공년월":"2018-07-31",
            "준공년차":5.0,
            "가까운역이름":"대동",
            "가까운역거리":2284.56,
            "역세권여부":"비역세권",
            "30분이내주요거점역":2,
            "30분거점역이름":"['대전', '정부청사']",
            "1시간이내주요거점역":6,
            "1시간거점역이름":"['대전', '유성온천', '시청', '반석', '정부청사', '탄방']",
            "3km이내백화점수":0,
            "5km이내아울렛몰수":0,
            "1km이내대형먀트수":2,
            "500m이내은행수":1,
            "500m이내병원수":0,
            "5km이내대형병원수":5,
            "500m이내공원수":6,
            "3km이내혐오시설수":0,
            "초등학교학업성취도":90.0,
            "중학교학업성취도":65.1,
            "용적률":582,
            "건폐율":79,
            "Y":36.35011,
            "X":127.441676,
            "rank":43.0,
            "area_info":"13평(44.44), 13평(44.19), 21평(70.83), 21평(72.08), 22평(73.43), 22평(73.55)",
            "last_sales":"2021-11-16,18250.0,22평(73.55)",
            "rank_history":[
                [
                    "202203",
                    43
                ],
                [
                    "202202",
                    9999
                ]
            ],
            "rank_gap":9999
        },
        {
            "index":450,
            "아파트명":"신동아파밀리에2단지",
            "투자타입":"일반",
            "전용면적(m2)":"109.92",
            "전용면적(평)":"33평",
            "법정동주소":"대전시 동구 홍도동 1004",
            "도로명주소":"대전시 동구 동산초교로 34",
            "세대수":0,
            "입주년차":40,
            "용적률점수":"--",
            "건폐율점수":"--",
            "세대당주차수":30,
            "난방방식":30,
            "공급면적":"--",
            "전용률":"--",
            "욕실수":100,
            "현관타입":100,
            "주거총점":35.5,
            "지역구공급총점":0.0,
            "역세권":0,
            "30분내 이동가능 거점":20,
            "1시간내 이동가능 거점":60,
            "교통총점":18.0,
            "백화점":0,
            "아울렛몰":0,
            "대형마트":80,
            "은행":20,
            "병원":0,
            "종합병원":100,
            "공원":100,
            "혐오시설":0,
            "인프라총점":37.0,
            "초등학군":89.96,
            "중학군":41.52,
            "학군총점":51.208,
            "인구수":23.68,
            "인구증감":2.48,
            "인구총점":17.32,
            "일자리":11.23,
            "소득수준":73.18,
            "일자리총점":29.815,
            "가치 총점":38.0374,
            "매매실거래년":20210420.0,
            "매매실거래가":37000.0,
            "전세실거래년":20210911.0,
            "전세실거래가":26000.0,
            "전세가율":91.87,
            "장기전세가율평균":70.6,
            "전세가율거품지수":-21.27,
            "검색코드":24828,
            "세대수":91.0,
            "준공년월":"2007-07-31",
            "준공년차":16.0,
            "가까운역이름":"대동",
            "가까운역거리":2410.22,
            "역세권여부":"비역세권",
            "30분이내주요거점역":1,
            "30분거점역이름":"['대전']",
            "1시간이내주요거점역":6,
            "1시간거점역이름":"['대전', '유성온천', '시청', '반석', '정부청사', '탄방']",
            "3km이내백화점수":0,
            "5km이내아울렛몰수":0,
            "1km이내대형먀트수":1,
            "500m이내은행수":2,
            "500m이내병원수":0,
            "5km이내대형병원수":6,
            "500m이내공원수":3,
            "3km이내혐오시설수":0,
            "초등학교학업성취도":89.96,
            "중학교학업성취도":69.2,
            "용적률":177,
            "건폐율":19,
            "Y":36.346924,
            "X":127.426689,
            "rank":44.0,
            "area_info":"33평(109.92), 33평(109.92), 33평(111.49)",
            "last_sales":"2021-04-20,37000.0,33평(111.49)",
            "rank_history":[
                [
                    "202203",
                    44
                ],
                [
                    "202202",
                    9999
                ]
            ],
            "rank_gap":9999
        },
        {
            "index":0,
            "아파트명":"대주파크빌",
            "투자타입":"일반",
            "전용면적(m2)":"82.26",
            "전용면적(평)":"24평",
            "법정동주소":"대전시 동구 가양동 652-1",
            "도로명주소":"대전시 동구 충정로 136",
            "세대수":50,
            "입주년차":40,
            "용적률점수":"--",
            "건폐율점수":"--",
            "세대당주차수":30,
            "난방방식":30,
            "공급면적":"--",
            "전용률":"--",
            "욕실수":100,
            "현관타입":100,
            "주거총점":53.0,
            "지역구공급총점":0.0,
            "역세권":0,
            "30분내 이동가능 거점":20,
            "1시간내 이동가능 거점":60,
            "교통총점":18.0,
            "백화점":0,
            "아울렛몰":0,
            "대형마트":0,
            "은행":0,
            "병원":0,
            "종합병원":100,
            "공원":100,
            "혐오시설":0,
            "인프라총점":23.0,
            "초등학군":89.99,
            "중학군":39.84,
            "학군총점":49.87,
            "인구수":23.68,
            "인구증감":2.48,
            "인구총점":17.32,
            "일자리":11.23,
            "소득수준":73.18,
            "일자리총점":29.815,
            "가치 총점":37.811,
            "매매실거래년":20220106.0,
            "매매실거래가":35000.0,
            "전세실거래년":20220204.0,
            "전세실거래가":24000.0,
            "전세가율":83.92,
            "장기전세가율평균":70.6,
            "전세가율거품지수":-13.32,
            "검색코드":17582,
            "세대수":670.0,
            "준공년월":"2006-01-12",
            "준공년차":17.0,
            "가까운역이름":"대동",
            "가까운역거리":1610.76,
            "역세권여부":"비역세권",
            "30분이내주요거점역":1,
            "30분거점역이름":"['대전']",
            "1시간이내주요거점역":6,
            "1시간거점역이름":"['대전', '유성온천', '시청', '반석', '정부청사', '탄방']",
            "3km이내백화점수":0,
            "5km이내아울렛몰수":0,
            "1km이내대형먀트수":0,
            "500m이내은행수":1,
            "500m이내병원수":0,
            "5km이내대형병원수":5,
            "500m이내공원수":3,
            "3km이내혐오시설수":0,
            "초등학교학업성취도":89.99,
            "중학교학업성취도":66.4,
            "용적률":307,
            "건폐율":22,
            "Y":36.343199,
            "X":127.448985,
            "rank":45.0,
            "area_info":"24평(82.26), 30평(102.23), 30평(102.33), 30평(102.19), 32평(108.84)",
            "last_sales":"2022-01-06,35000.0,32평(108.84)",
            "rank_history":[
                [
                    "202203",
                    45
                ],
                [
                    "202202",
                    42
                ],
                [
                    "202201",
                    28
                ]
            ],
            "rank_gap":-3
        },
        {
            "index":91,
            "아파트명":"한울",
            "투자타입":"일반",
            "전용면적(m2)":"93.7",
            "전용면적(평)":"28평",
            "법정동주소":"대전시 동구 가양동 28-6",
            "도로명주소":"대전시 동구 동서대로1770번길 76",
            "세대수":0,
            "입주년차":40,
            "용적률점수":"--",
            "건폐율점수":"--",
            "세대당주차수":30,
            "난방방식":30,
            "공급면적":"--",
            "전용률":"--",
            "욕실수":100,
            "현관타입":100,
            "주거총점":35.5,
            "지역구공급총점":0.0,
            "역세권":0,
            "30분내 이동가능 거점":20,
            "1시간내 이동가능 거점":60,
            "교통총점":18.0,
            "백화점":0,
            "아울렛몰":0,
            "대형마트":100,
            "은행":0,
            "병원":0,
            "종합병원":100,
            "공원":100,
            "혐오시설":0,
            "인프라총점":38.0,
            "초등학군":90.0,
            "중학군":39.26,
            "학군총점":49.408,
            "인구수":23.68,
            "인구증감":2.48,
            "인구총점":17.32,
            "일자리":11.23,
            "소득수준":73.18,
            "일자리총점":29.815,
            "가치 총점":37.7974,
            "매매실거래년":20210929.0,
            "매매실거래가":29900.0,
            "전세실거래년":20140524.0,
            "전세실거래가":12000.0,
            "전세가율":60.3,
            "장기전세가율평균":70.6,
            "전세가율거품지수":10.3,
            "검색코드":17760,
            "세대수":110.0,
            "준공년월":"2004-07-30",
            "준공년차":19.0,
            "가까운역이름":"대동",
            "가까운역거리":2530.47,
            "역세권여부":"비역세권",
            "30분이내주요거점역":1,
            "30분거점역이름":"['대전']",
            "1시간이내주요거점역":6,
            "1시간거점역이름":"['대전', '유성온천', '시청', '반석', '정부청사', '탄방']",
            "3km이내백화점수":0,
            "5km이내아울렛몰수":0,
            "1km이내대형먀트수":2,
            "500m이내은행수":1,
            "500m이내병원수":0,
            "5km이내대형병원수":5,
            "500m이내공원수":3,
            "3km이내혐오시설수":0,
            "초등학교학업성취도":90.0,
            "중학교학업성취도":65.1,
            "용적률":199,
            "건폐율":20,
            "Y":36.352076,
            "X":127.447151,
            "rank":46.0,
            "area_info":"28평(93.7), 32평(107.26), 32평(108.59)",
            "last_sales":"2021-09-29,29900.0,32평(107.26)",
            "rank_history":[
                [
                    "202203",
                    46
                ],
                [
                    "202202",
                    41
                ],
                [
                    "202201",
                    33
                ]
            ],
            "rank_gap":-5
        },
        {
            "index":403,
            "아파트명":"미리내",
            "투자타입":"일반",
            "전용면적(m2)":"76.89",
            "전용면적(평)":"23평",
            "법정동주소":"대전시 동구 판암동 460",
            "도로명주소":"대전시 동구 동구청로203번길 35",
            "세대수":0,
            "입주년차":20,
            "용적률점수":"--",
            "건폐율점수":"--",
            "세대당주차수":0,
            "난방방식":30,
            "공급면적":"--",
            "전용률":"--",
            "욕실수":50,
            "현관타입":100,
            "주거총점":22.0,
            "지역구공급총점":0.0,
            "역세권":80,
            "30분내 이동가능 거점":80,
            "1시간내 이동가능 거점":60,
            "교통총점":76.0,
            "백화점":0,
            "아울렛몰":0,
            "대형마트":0,
            "은행":0,
            "병원":0,
            "종합병원":100,
            "공원":100,
            "혐오시설":0,
            "인프라총점":23.0,
            "초등학군":90.0,
            "중학군":35.04,
            "학군총점":46.032,
            "인구수":23.68,
            "인구증감":2.48,
            "인구총점":17.32,
            "일자리":11.23,
            "소득수준":73.18,
            "일자리총점":29.815,
            "가치 총점":37.6096,
            "매매실거래년":20211104.0,
            "매매실거래가":24000.0,
            "전세실거래년":20210707.0,
            "전세실거래가":13000.0,
            "전세가율":67.71,
            "장기전세가율평균":70.6,
            "전세가율거품지수":2.89,
            "검색코드":5658,
            "세대수":276.0,
            "준공년월":"1999-07-31",
            "준공년차":24.0,
            "가까운역이름":"판암",
            "가까운역거리":333.02,
            "역세권여부":"역세권",
            "30분이내주요거점역":4,
            "30분거점역이름":"['대전', '시청', '정부청사', '탄방']",
            "1시간이내주요거점역":6,
            "1시간거점역이름":"['대전', '유성온천', '시청', '반석', '정부청사', '탄방']",
            "3km이내백화점수":0,
            "5km이내아울렛몰수":0,
            "1km이내대형먀트수":0,
            "500m이내은행수":1,
            "500m이내병원수":0,
            "5km이내대형병원수":4,
            "500m이내공원수":3,
            "3km이내혐오시설수":0,
            "초등학교학업성취도":90.0,
            "중학교학업성취도":58.4,
            "용적률":200,
            "건폐율":20,
            "Y":36.316044,
            "X":127.454889,
            "rank":47.0,
            "area_info":"23평(76.89), 23평(77.46), 32평(106.11)",
            "last_sales":"2021-11-04,24000.0,32평(106.11)",
            "rank_history":[
                [
                    "202203",
                    47
                ],
                [
                    "202202",
                    44
                ],
                [
                    "202201",
                    63
                ]
            ],
            "rank_gap":-3
        },
        {
            "index":36,
            "아파트명":"에스테반(도시형)",
            "투자타입":"일반",
            "전용면적(m2)":"24.5",
            "전용면적(평)":"7평",
            "법정동주소":"대전시 동구 가양동 451-25",
            "도로명주소":"대전시 동구 동서대로 1712",
            "세대수":0,
            "입주년차":60,
            "용적률점수":"--",
            "건폐율점수":"--",
            "세대당주차수":0,
            "난방방식":30,
            "공급면적":"--",
            "전용률":"--",
            "욕실수":50,
            "현관타입":100,
            "주거총점":30.0,
            "지역구공급총점":0.0,
            "역세권":0,
            "30분내 이동가능 거점":40,
            "1시간내 이동가능 거점":60,
            "교통총점":24.0,
            "백화점":0,
            "아울렛몰":0,
            "대형마트":100,
            "은행":0,
            "병원":0,
            "종합병원":100,
            "공원":100,
            "혐오시설":0,
            "인프라총점":38.0,
            "초등학군":90.0,
            "중학군":39.26,
            "학군총점":49.408,
            "인구수":23.68,
            "인구증감":2.48,
            "인구총점":17.32,
            "일자리":11.23,
            "소득수준":73.18,
            "일자리총점":29.815,
            "가치 총점":37.3224,
            "매매실거래년":"18000101",
            "매매실거래가":null,
            "전세실거래년":null,
            "전세실거래가":null,
            "전세가율":null,
            "장기전세가율평균":70.6,
            "전세가율거품지수":null,
            "검색코드":125624,
            "세대수":53.0,
            "준공년월":"2013-03-04",
            "준공년차":10.0,
            "가까운역이름":"대동",
            "가까운역거리":2267.27,
            "역세권여부":"비역세권",
            "30분이내주요거점역":2,
            "30분거점역이름":"['대전', '정부청사']",
            "1시간이내주요거점역":6,
            "1시간거점역이름":"['대전', '유성온천', '시청', '반석', '정부청사', '탄방']",
            "3km이내백화점수":0,
            "5km이내아울렛몰수":0,
            "1km이내대형먀트수":2,
            "500m이내은행수":1,
            "500m이내병원수":0,
            "5km이내대형병원수":5,
            "500m이내공원수":6,
            "3km이내혐오시설수":0,
            "초등학교학업성취도":90.0,
            "중학교학업성취도":65.1,
            "용적률":452,
            "건폐율":73,
            "Y":36.349817,
            "X":127.439685,
            "rank":48.0,
            "area_info":"7평(24.5), 7평(24.29), 7평(24.6), 7평(25.15), 7평(25.35), 9평(30.38)",
            "last_sales":"1800-01-01,nan,7평(24.5)",
            "rank_history":[
                [
                    "202203",
                    48
                ],
                [
                    "202202",
                    9999
                ]
            ],
            "rank_gap":9999
        },
        {
            "index":212,
            "아파트명":"주공삼성타운",
            "투자타입":"일반",
            "전용면적(m2)":"79.19",
            "전용면적(평)":"23평",
            "법정동주소":"대전시 동구 삼성동 481",
            "도로명주소":"대전시 동구 우암로 133-1",
            "세대수":50,
            "입주년차":40,
            "용적률점수":"--",
            "건폐율점수":"--",
            "세대당주차수":0,
            "난방방식":30,
            "공급면적":"--",
            "전용률":"--",
            "욕실수":100,
            "현관타입":100,
            "주거총점":48.5,
            "지역구공급총점":0.0,
            "역세권":0,
            "30분내 이동가능 거점":40,
            "1시간내 이동가능 거점":60,
            "교통총점":24.0,
            "백화점":0,
            "아울렛몰":0,
            "대형마트":0,
            "은행":0,
            "병원":0,
            "종합병원":100,
            "공원":0,
            "혐오시설":0,
            "인프라총점":20.0,
            "초등학군":89.96,
            "중학군":40.74,
            "학군총점":50.584,
            "인구수":23.68,
            "인구증감":2.48,
            "인구총점":17.32,
            "일자리":11.23,
            "소득수준":73.18,
            "일자리총점":29.815,
            "가치 총점":36.9002,
            "매매실거래년":20210925.0,
            "매매실거래가":30000.0,
            "전세실거래년":20210617.0,
            "전세실거래가":23000.0,
            "전세가율":76.67,
            "장기전세가율평균":70.6,
            "전세가율거품지수":-6.07,
            "검색코드":23829,
            "세대수":613.0,
            "준공년월":"2007-09-17",
            "준공년차":16.0,
            "가까운역이름":"대동",
            "가까운역거리":1552.05,
            "역세권여부":"비역세권",
            "30분이내주요거점역":2,
            "30분거점역이름":"['대전', '탄방']",
            "1시간이내주요거점역":6,
            "1시간거점역이름":"['대전', '유성온천', '시청', '반석', '정부청사', '탄방']",
            "3km이내백화점수":0,
            "5km이내아울렛몰수":0,
            "1km이내대형먀트수":0,
            "500m이내은행수":0,
            "500m이내병원수":0,
            "5km이내대형병원수":6,
            "500m이내공원수":0,
            "3km이내혐오시설수":0,
            "초등학교학업성취도":89.96,
            "중학교학업성취도":67.9,
            "용적률":186,
            "건폐율":13,
            "Y":36.340451,
            "X":127.431961,
            "rank":49.0,
            "area_info":"23평(79.19), 34평(114.28)",
            "last_sales":"2021-09-25,30000.0,23평(79.19)",
            "rank_history":[
                [
                    "202203",
                    49
                ],
                [
                    "202202",
                    34
                ],
                [
                    "202201",
                    34
                ]
            ],
            "rank_gap":-15
        },
        {
            "index":8,
            "아파트명":"드림팰리스(A,B동)",
            "투자타입":"일반",
            "전용면적(m2)":"79.24",
            "전용면적(평)":"23평",
            "법정동주소":"대전시 동구 가양동 288-27",
            "도로명주소":"대전시 동구 동대전로263번길 68",
            "세대수":0,
            "입주년차":80,
            "용적률점수":"--",
            "건폐율점수":"--",
            "세대당주차수":0,
            "난방방식":30,
            "공급면적":"--",
            "전용률":"--",
            "욕실수":50,
            "현관타입":100,
            "주거총점":34.0,
            "지역구공급총점":0.0,
            "역세권":0,
            "30분내 이동가능 거점":20,
            "1시간내 이동가능 거점":60,
            "교통총점":18.0,
            "백화점":0,
            "아울렛몰":0,
            "대형마트":80,
            "은행":0,
            "병원":0,
            "종합병원":100,
            "공원":0,
            "혐오시설":0,
            "인프라총점":32.0,
            "초등학군":90.0,
            "중학군":43.2,
            "학군총점":52.56,
            "인구수":23.68,
            "인구증감":2.48,
            "인구총점":17.32,
            "일자리":11.23,
            "소득수준":73.18,
            "일자리총점":29.815,
            "가치 총점":36.568,
            "매매실거래년":20210705.0,
            "매매실거래가":17300.0,
            "전세실거래년":null,
            "전세실거래가":null,
            "전세가율":null,
            "장기전세가율평균":70.6,
            "전세가율거품지수":null,
            "검색코드":115293,
            "세대수":54.0,
            "준공년월":"2015-08-18",
            "준공년차":8.0,
            "가까운역이름":"대동",
            "가까운역거리":1538.74,
            "역세권여부":"비역세권",
            "30분이내주요거점역":1,
            "30분거점역이름":"['대전']",
            "1시간이내주요거점역":6,
            "1시간거점역이름":"['대전', '유성온천', '시청', '반석', '정부청사', '탄방']",
            "3km이내백화점수":0,
            "5km이내아울렛몰수":0,
            "1km이내대형먀트수":1,
            "500m이내은행수":1,
            "500m이내병원수":0,
            "5km이내대형병원수":5,
            "500m이내공원수":0,
            "3km이내혐오시설수":0,
            "초등학교학업성취도":90.0,
            "중학교학업성취도":72.0,
            "용적률":0,
            "건폐율":0,
            "Y":36.343424,
            "X":127.442841,
            "rank":50.0,
            "area_info":"23평(79.24), 26평(88.82)",
            "last_sales":"2021-07-05,17300.0,23평(79.24)",
            "rank_history":[
                [
                    "202203",
                    50
                ],
                [
                    "202202",
                    9999
                ]
            ],
            "rank_gap":9999
        },
        {
            "index":329,
            "아파트명":"푸른",
            "투자타입":"일반",
            "전용면적(m2)":"62.3",
            "전용면적(평)":"18평",
            "법정동주소":"대전시 동구 용전동 57-21",
            "도로명주소":"대전시 동구 계족로512번길 96",
            "세대수":0,
            "입주년차":20,
            "용적률점수":"--",
            "건폐율점수":"--",
            "세대당주차수":0,
            "난방방식":30,
            "공급면적":"--",
            "전용률":"--",
            "욕실수":50,
            "현관타입":100,
            "주거총점":22.0,
            "지역구공급총점":0.0,
            "역세권":0,
            "30분내 이동가능 거점":40,
            "1시간내 이동가능 거점":60,
            "교통총점":24.0,
            "백화점":0,
            "아울렛몰":0,
            "대형마트":100,
            "은행":0,
            "병원":0,
            "종합병원":100,
            "공원":100,
            "혐오시설":0,
            "인프라총점":38.0,
            "초등학군":90.0,
            "중학군":43.08,
            "학군총점":52.464,
            "인구수":23.68,
            "인구증감":2.48,
            "인구총점":17.32,
            "일자리":11.23,
            "소득수준":73.18,
            "일자리총점":29.815,
            "가치 총점":36.2392,
            "매매실거래년":20220221.0,
            "매매실거래가":14000.0,
            "전세실거래년":20220125.0,
            "전세실거래가":10000.0,
            "전세가율":86.96,
            "장기전세가율평균":70.6,
            "전세가율거품지수":-16.36,
            "검색코드":26446,
            "세대수":298.0,
            "준공년월":"2000-04-15",
            "준공년차":23.0,
            "가까운역이름":"대동",
            "가까운역거리":2809.58,
            "역세권여부":"비역세권",
            "30분이내주요거점역":2,
            "30분거점역이름":"['대전', '정부청사']",
            "1시간이내주요거점역":6,
            "1시간거점역이름":"['대전', '유성온천', '시청', '반석', '정부청사', '탄방']",
            "3km이내백화점수":0,
            "5km이내아울렛몰수":0,
            "1km이내대형먀트수":2,
            "500m이내은행수":1,
            "500m이내병원수":0,
            "5km이내대형병원수":6,
            "500m이내공원수":3,
            "3km이내혐오시설수":0,
            "초등학교학업성취도":90.0,
            "중학교학업성취도":71.8,
            "용적률":360,
            "건폐율":27,
            "Y":36.35431,
            "X":127.43637,
            "rank":51.0,
            "area_info":"18평(62.3), 21평(71.96)",
            "last_sales":"2022-02-21,14000.0,21평(71.96)",
            "rank_history":[
                [
                    "202203",
                    51
                ],
                [
                    "202202",
                    47
                ],
                [
                    "202201",
                    46
                ]
            ],
            "rank_gap":-4
        },
        {
            "index":299,
            "아파트명":"부성한울",
            "투자타입":"일반",
            "전용면적(m2)":"32.51",
            "전용면적(평)":"9평",
            "법정동주소":"대전시 동구 용전동 131-1",
            "도로명주소":"대전시 동구 계족로450번길 52",
            "세대수":0,
            "입주년차":20,
            "용적률점수":"--",
            "건폐율점수":"--",
            "세대당주차수":0,
            "난방방식":30,
            "공급면적":"--",
            "전용률":"--",
            "욕실수":50,
            "현관타입":100,
            "주거총점":22.0,
            "지역구공급총점":0.0,
            "역세권":0,
            "30분내 이동가능 거점":40,
            "1시간내 이동가능 거점":60,
            "교통총점":24.0,
            "백화점":0,
            "아울렛몰":0,
            "대형마트":100,
            "은행":0,
            "병원":0,
            "종합병원":100,
            "공원":100,
            "혐오시설":0,
            "인프라총점":38.0,
            "초등학군":90.0,
            "중학군":43.08,
            "학군총점":52.464,
            "인구수":23.68,
            "인구증감":2.48,
            "인구총점":17.32,
            "일자리":11.23,
            "소득수준":73.18,
            "일자리총점":29.815,
            "가치 총점":36.2392,
            "매매실거래년":20211215.0,
            "매매실거래가":8400.0,
            "전세실거래년":20150920.0,
            "전세실거래가":3500.0,
            "전세가율":66.67,
            "장기전세가율평균":70.6,
            "전세가율거품지수":3.93,
            "검색코드":101995,
            "세대수":177.0,
            "준공년월":"2002-02-04",
            "준공년차":21.0,
            "가까운역이름":"대동",
            "가까운역거리":2525.51,
            "역세권여부":"비역세권",
            "30분이내주요거점역":2,
            "30분거점역이름":"['대전', '정부청사']",
            "1시간이내주요거점역":6,
            "1시간거점역이름":"['대전', '유성온천', '시청', '반석', '정부청사', '탄방']",
            "3km이내백화점수":0,
            "5km이내아울렛몰수":0,
            "1km이내대형먀트수":2,
            "500m이내은행수":1,
            "500m이내병원수":0,
            "5km이내대형병원수":6,
            "500m이내공원수":9,
            "3km이내혐오시설수":0,
            "초등학교학업성취도":90.0,
            "중학교학업성취도":71.8,
            "용적률":338,
            "건폐율":36,
            "Y":36.351462,
            "X":127.435257,
            "rank":51.0,
            "area_info":"9평(32.51), 10평(34.26), 11평(36.96), 11평(37.38), 12평(40.4), 12평(42.05), 13평(44.78), 14평(46.92), 15평(49.66)",
            "last_sales":"2021-12-15,8400.0,15평(49.66)",
            "rank_history":[
                [
                    "202203",
                    51
                ],
                [
                    "202202",
                    47
                ],
                [
                    "202201",
                    45
                ]
            ],
            "rank_gap":-4
        },
        {
            "index":118,
            "아파트명":"주공(210)",
            "투자타입":"재건축",
            "전용면적(m2)":"47.57",
            "전용면적(평)":"14평",
            "법정동주소":"대전시 동구 가오동 210",
            "도로명주소":"대전시 동구 대전로448번길 11",
            "세대수":50,
            "입주년차":"--",
            "용적률점수":0,
            "건폐율점수":0,
            "세대당주차수":"--",
            "난방방식":"--",
            "공급면적":50,
            "전용률":100,
            "욕실수":"--",
            "현관타입":"--",
            "주거총점":22.5,
            "지역구공급총점":0.0,
            "역세권":0,
            "30분내 이동가능 거점":20,
            "1시간내 이동가능 거점":50,
            "교통총점":16.0,
            "백화점":0,
            "아울렛몰":0,
            "대형마트":80,
            "은행":20,
            "병원":0,
            "종합병원":100,
            "공원":100,
            "혐오시설":0,
            "인프라총점":37.0,
            "초등학군":89.99,
            "중학군":48.42,
            "학군총점":56.734,
            "인구수":23.68,
            "인구증감":2.48,
            "인구총점":17.32,
            "일자리":11.23,
            "소득수준":73.18,
            "일자리총점":29.815,
            "가치 총점":36.1452,
            "매매실거래년":20211023.0,
            "매매실거래가":24700.0,
            "전세실거래년":20210714.0,
            "전세실거래가":3000.0,
            "전세가율":18.75,
            "장기전세가율평균":70.6,
            "전세가율거품지수":51.85,
            "검색코드":5672,
            "세대수":460.0,
            "준공년월":"1985-10-26",
            "준공년차":38.0,
            "가까운역이름":"판암",
            "가까운역거리":1227.54,
            "역세권여부":"비역세권",
            "30분이내주요거점역":1,
            "30분거점역이름":"['대전']",
            "1시간이내주요거점역":5,
            "1시간거점역이름":"['대전', '유성온천', '시청', '정부청사', '탄방']",
            "3km이내백화점수":0,
            "5km이내아울렛몰수":0,
            "1km이내대형먀트수":1,
            "500m이내은행수":2,
            "500m이내병원수":0,
            "5km이내대형병원수":3,
            "500m이내공원수":6,
            "3km이내혐오시설수":0,
            "초등학교학업성취도":89.99,
            "중학교학업성취도":78.9,
            "용적률":0,
            "건폐율":0,
            "Y":36.306718,
            "X":127.453318,
            "rank":52.0,
            "area_info":"14평(47.57), 16평(54.77), 19평(63.99), 19평(65.99)",
            "last_sales":"2021-10-23,24700.0,19평(65.99)",
            "rank_history":[
                [
                    "202203",
                    52
                ],
                [
                    "202202",
                    43
                ],
                [
                    "202201",
                    37
                ]
            ],
            "rank_gap":-9
        },
        {
            "index":218,
            "아파트명":"석촌주공",
            "투자타입":"일반",
            "전용면적(m2)":"65.51",
            "전용면적(평)":"19평",
            "법정동주소":"대전시 동구 성남동 518",
            "도로명주소":"대전시 동구 우암로 186",
            "세대수":50,
            "입주년차":20,
            "용적률점수":"--",
            "건폐율점수":"--",
            "세대당주차수":0,
            "난방방식":30,
            "공급면적":"--",
            "전용률":"--",
            "욕실수":50,
            "현관타입":10,
            "주거총점":30.5,
            "지역구공급총점":0.0,
            "역세권":0,
            "30분내 이동가능 거점":20,
            "1시간내 이동가능 거점":60,
            "교통총점":18.0,
            "백화점":0,
            "아울렛몰":0,
            "대형마트":80,
            "은행":0,
            "병원":0,
            "종합병원":100,
            "공원":0,
            "혐오시설":0,
            "인프라총점":32.0,
            "초등학군":90.0,
            "중학군":43.2,
            "학군총점":52.56,
            "인구수":23.68,
            "인구증감":2.48,
            "인구총점":17.32,
            "일자리":11.23,
            "소득수준":73.18,
            "일자리총점":29.815,
            "가치 총점":35.693,
            "매매실거래년":20210816.0,
            "매매실거래가":34000.0,
            "전세실거래년":20220117.0,
            "전세실거래가":13000.0,
            "전세가율":76.47,
            "장기전세가율평균":70.6,
            "전세가율거품지수":-5.87,
            "검색코드":17019,
            "세대수":451.0,
            "준공년월":"2000-07-24",
            "준공년차":23.0,
            "가까운역이름":"대동",
            "가까운역거리":1347.95,
            "역세권여부":"비역세권",
            "30분이내주요거점역":1,
            "30분거점역이름":"['대전']",
            "1시간이내주요거점역":6,
            "1시간거점역이름":"['대전', '유성온천', '시청', '반석', '정부청사', '탄방']",
            "3km이내백화점수":0,
            "5km이내아울렛몰수":0,
            "1km이내대형먀트수":1,
            "500m이내은행수":0,
            "500m이내병원수":0,
            "5km이내대형병원수":5,
            "500m이내공원수":0,
            "3km이내혐오시설수":0,
            "초등학교학업성취도":90.0,
            "중학교학업성취도":72.0,
            "용적률":272,
            "건폐율":26,
            "Y":36.341203,
            "X":127.438539,
            "rank":53.0,
            "area_info":"19평(65.51), 19평(65.28), 23평(78.32), 23평(78.18), 23평(78.29), 33평(110.36)",
            "last_sales":"2021-08-16,34000.0,33평(110.36)",
            "rank_history":[
                [
                    "202203",
                    53
                ],
                [
                    "202202",
                    45
                ],
                [
                    "202201",
                    42
                ]
            ],
            "rank_gap":-8
        },
        {
            "index":94,
            "아파트명":"두둥실(도시형)",
            "투자타입":"일반",
            "전용면적(m2)":"23.31",
            "전용면적(평)":"7평",
            "법정동주소":"대전시 동구 가오동 607",
            "도로명주소":"대전시 동구 은어송로 59",
            "세대수":0,
            "입주년차":60,
            "용적률점수":"--",
            "건폐율점수":"--",
            "세대당주차수":0,
            "난방방식":30,
            "공급면적":"--",
            "전용률":"--",
            "욕실수":50,
            "현관타입":10,
            "주거총점":21.0,
            "지역구공급총점":0.0,
            "역세권":0,
            "30분내 이동가능 거점":0,
            "1시간내 이동가능 거점":60,
            "교통총점":12.0,
            "백화점":0,
            "아울렛몰":0,
            "대형마트":80,
            "은행":20,
            "병원":0,
            "종합병원":100,
            "공원":100,
            "혐오시설":0,
            "인프라총점":37.0,
            "초등학군":89.99,
            "중학군":48.42,
            "학군총점":56.734,
            "인구수":23.68,
            "인구증감":2.48,
            "인구총점":17.32,
            "일자리":11.23,
            "소득수준":73.18,
            "일자리총점":29.815,
            "가치 총점":35.1702,
            "매매실거래년":20211221.0,
            "매매실거래가":4500.0,
            "전세실거래년":20220209.0,
            "전세실거래가":4000.0,
            "전세가율":88.89,
            "장기전세가율평균":70.6,
            "전세가율거품지수":-18.29,
            "검색코드":106255,
            "세대수":96.0,
            "준공년월":"2013-01-22",
            "준공년차":10.0,
            "가까운역이름":"판암",
            "가까운역거리":1188.29,
            "역세권여부":"비역세권",
            "30분이내주요거점역":0,
            "30분거점역이름":"[]",
            "1시간이내주요거점역":6,
            "1시간거점역이름":"['대전', '유성온천', '시청', '반석', '정부청사', '탄방']",
            "3km이내백화점수":0,
            "5km이내아울렛몰수":0,
            "1km이내대형먀트수":1,
            "500m이내은행수":2,
            "500m이내병원수":0,
            "5km이내대형병원수":3,
            "500m이내공원수":12,
            "3km이내혐오시설수":0,
            "초등학교학업성취도":89.99,
            "중학교학업성취도":78.9,
            "용적률":550,
            "건폐율":68,
            "Y":36.306486,
            "X":127.455802,
            "rank":54.0,
            "area_info":"7평(23.31), 6평(23.1), 7평(23.2)",
            "last_sales":"2021-12-21,4500.0,7평(23.31)",
            "rank_history":[
                [
                    "202203",
                    54
                ],
                [
                    "202202",
                    9999
                ]
            ],
            "rank_gap":9999
        },
        {
            "index":122,
            "아파트명":"주공(394)",
            "투자타입":"재건축",
            "전용면적(m2)":"44.52",
            "전용면적(평)":"13평",
            "법정동주소":"대전시 동구 가오동 394",
            "도로명주소":"대전시 동구 대전로 499",
            "세대수":50,
            "입주년차":"--",
            "용적률점수":0,
            "건폐율점수":0,
            "세대당주차수":"--",
            "난방방식":"--",
            "공급면적":50,
            "전용률":80,
            "욕실수":"--",
            "현관타입":"--",
            "주거총점":21.5,
            "지역구공급총점":0.0,
            "역세권":0,
            "30분내 이동가능 거점":20,
            "1시간내 이동가능 거점":60,
            "교통총점":18.0,
            "백화점":0,
            "아울렛몰":0,
            "대형마트":80,
            "은행":0,
            "병원":0,
            "종합병원":100,
            "공원":0,
            "혐오시설":0,
            "인프라총점":32.0,
            "초등학군":90.04,
            "중학군":48.42,
            "학군총점":56.744,
            "인구수":23.68,
            "인구증감":2.48,
            "인구총점":17.32,
            "일자리":11.23,
            "소득수준":73.18,
            "일자리총점":29.815,
            "가치 총점":34.6982,
            "매매실거래년":20200618.0,
            "매매실거래가":16000.0,
            "전세실거래년":20121129.0,
            "전세실거래가":2500.0,
            "전세가율":null,
            "장기전세가율평균":70.6,
            "전세가율거품지수":null,
            "검색코드":5727,
            "세대수":560.0,
            "준공년월":"1985-11-13",
            "준공년차":38.0,
            "가까운역이름":"신흥",
            "가까운역거리":1118.57,
            "역세권여부":"비역세권",
            "30분이내주요거점역":1,
            "30분거점역이름":"['대전']",
            "1시간이내주요거점역":6,
            "1시간거점역이름":"['대전', '유성온천', '시청', '반석', '정부청사', '탄방']",
            "3km이내백화점수":0,
            "5km이내아울렛몰수":0,
            "1km이내대형먀트수":1,
            "500m이내은행수":0,
            "500m이내병원수":0,
            "5km이내대형병원수":4,
            "500m이내공원수":0,
            "3km이내혐오시설수":0,
            "초등학교학업성취도":90.04,
            "중학교학업성취도":78.9,
            "용적률":0,
            "건폐율":0,
            "Y":36.309599,
            "X":127.448654,
            "rank":55.0,
            "area_info":"13평(44.52), 13평(45.12), 15평(52.5), 15평(52.41)",
            "last_sales":"2020-06-18,16000.0,15평(52.41)",
            "rank_history":[
                [
                    "202203",
                    55
                ],
                [
                    "202202",
                    49
                ],
                [
                    "202201",
                    52
                ]
            ],
            "rank_gap":-6
        },
        {
            "index":284,
            "아파트명":"로하스빌(도시형)",
            "투자타입":"일반",
            "전용면적(m2)":"19.74",
            "전용면적(평)":"5평",
            "법정동주소":"대전시 동구 용전동 23-3",
            "도로명주소":"대전시 동구 송촌남로19번길 9",
            "세대수":0,
            "입주년차":80,
            "용적률점수":"--",
            "건폐율점수":"--",
            "세대당주차수":0,
            "난방방식":30,
            "공급면적":"--",
            "전용률":"--",
            "욕실수":50,
            "현관타입":10,
            "주거총점":25.0,
            "지역구공급총점":0.0,
            "역세권":0,
            "30분내 이동가능 거점":20,
            "1시간내 이동가능 거점":60,
            "교통총점":18.0,
            "백화점":0,
            "아울렛몰":0,
            "대형마트":100,
            "은행":0,
            "병원":0,
            "종합병원":100,
            "공원":0,
            "혐오시설":0,
            "인프라총점":35.0,
            "초등학군":90.0,
            "중학군":39.26,
            "학군총점":49.408,
            "인구수":23.68,
            "인구증감":2.48,
            "인구총점":17.32,
            "일자리":11.23,
            "소득수준":73.18,
            "일자리총점":29.815,
            "가치 총점":34.2724,
            "매매실거래년":"18000101",
            "매매실거래가":null,
            "전세실거래년":null,
            "전세실거래가":null,
            "전세가율":null,
            "장기전세가율평균":70.6,
            "전세가율거품지수":null,
            "검색코드":145658,
            "세대수":50.0,
            "준공년월":"2014-02-27",
            "준공년차":9.0,
            "가까운역이름":"대동",
            "가까운역거리":2699.97,
            "역세권여부":"비역세권",
            "30분이내주요거점역":1,
            "30분거점역이름":"['대전']",
            "1시간이내주요거점역":6,
            "1시간거점역이름":"['대전', '유성온천', '시청', '반석', '정부청사', '탄방']",
            "3km이내백화점수":0,
            "5km이내아울렛몰수":0,
            "1km이내대형먀트수":2,
            "500m이내은행수":0,
            "500m이내병원수":0,
            "5km이내대형병원수":5,
            "500m이내공원수":0,
            "3km이내혐오시설수":0,
            "초등학교학업성취도":90.0,
            "중학교학업성취도":65.1,
            "용적률":195,
            "건폐율":40,
            "Y":36.353821,
            "X":127.44098,
            "rank":56.0,
            "area_info":"5평(19.74), 6평(22.73), 7평(25.72), 7평(25.45), 7평(25.21), 8평(28.49), 8평(29.59), 9평(30.68), 9평(30.56), 9평(30.41), 9평(30.44), 9평(30.52), 9평(30.54), 13평(43.46), 15평(52.47)",
            "last_sales":"1800-01-01,nan,5평(19.74)",
            "rank_history":[
                [
                    "202203",
                    56
                ],
                [
                    "202202",
                    9999
                ]
            ],
            "rank_gap":9999
        },
        {
            "index":176,
            "아파트명":"삼익세라믹",
            "투자타입":"재건축",
            "전용면적(m2)":"88.48",
            "전용면적(평)":"26평",
            "법정동주소":"대전시 동구 대성동 30",
            "도로명주소":"대전시 동구 대전로340번길 20",
            "세대수":50,
            "입주년차":"--",
            "용적률점수":0,
            "건폐율점수":0,
            "세대당주차수":"--",
            "난방방식":"--",
            "공급면적":70,
            "전용률":80,
            "욕실수":"--",
            "현관타입":"--",
            "주거총점":22.5,
            "지역구공급총점":0.0,
            "역세권":0,
            "30분내 이동가능 거점":0,
            "1시간내 이동가능 거점":50,
            "교통총점":10.0,
            "백화점":0,
            "아울렛몰":0,
            "대형마트":80,
            "은행":0,
            "병원":0,
            "종합병원":100,
            "공원":100,
            "혐오시설":0,
            "인프라총점":35.0,
            "초등학군":89.99,
            "중학군":46.68,
            "학군총점":55.342,
            "인구수":23.68,
            "인구증감":2.48,
            "인구총점":17.32,
            "일자리":11.23,
            "소득수준":73.18,
            "일자리총점":29.815,
            "가치 총점":34.2276,
            "매매실거래년":20220128.0,
            "매매실거래가":17000.0,
            "전세실거래년":20220117.0,
            "전세실거래가":13000.0,
            "전세가율":76.47,
            "장기전세가율평균":70.6,
            "전세가율거품지수":-5.87,
            "검색코드":5695,
            "세대수":633.0,
            "준공년월":"1991-08-26",
            "준공년차":32.0,
            "가까운역이름":"판암",
            "가까운역거리":2107.07,
            "역세권여부":"비역세권",
            "30분이내주요거점역":0,
            "30분거점역이름":"[]",
            "1시간이내주요거점역":5,
            "1시간거점역이름":"['대전', '유성온천', '시청', '정부청사', '탄방']",
            "3km이내백화점수":0,
            "5km이내아울렛몰수":0,
            "1km이내대형먀트수":1,
            "500m이내은행수":0,
            "500m이내병원수":0,
            "5km이내대형병원수":2,
            "500m이내공원수":3,
            "3km이내혐오시설수":0,
            "초등학교학업성취도":89.99,
            "중학교학업성취도":77.0,
            "용적률":0,
            "건폐율":0,
            "Y":36.298137,
            "X":127.461127,
            "rank":57.0,
            "area_info":"26평(88.48), 30평(102.32)",
            "last_sales":"2022-01-28,17000.0,26평(88.48)",
            "rank_history":[
                [
                    "202203",
                    57
                ],
                [
                    "202202",
                    46
                ],
                [
                    "202201",
                    62
                ]
            ],
            "rank_gap":-11
        },
        {
            "index":320,
            "아파트명":"큰솔1단지",
            "투자타입":"일반",
            "전용면적(m2)":"33.97",
            "전용면적(평)":"10평",
            "법정동주소":"대전시 동구 용전동 48-22",
            "도로명주소":"대전시 동구 계족로512번길 52",
            "세대수":0,
            "입주년차":20,
            "용적률점수":"--",
            "건폐율점수":"--",
            "세대당주차수":0,
            "난방방식":30,
            "공급면적":"--",
            "전용률":"--",
            "욕실수":50,
            "현관타입":10,
            "주거총점":13.0,
            "지역구공급총점":0.0,
            "역세권":0,
            "30분내 이동가능 거점":40,
            "1시간내 이동가능 거점":60,
            "교통총점":24.0,
            "백화점":0,
            "아울렛몰":0,
            "대형마트":100,
            "은행":0,
            "병원":0,
            "종합병원":100,
            "공원":100,
            "혐오시설":0,
            "인프라총점":38.0,
            "초등학군":90.0,
            "중학군":43.08,
            "학군총점":52.464,
            "인구수":23.68,
            "인구증감":2.48,
            "인구총점":17.32,
            "일자리":11.23,
            "소득수준":73.18,
            "일자리총점":29.815,
            "가치 총점":33.9892,
            "매매실거래년":20220114.0,
            "매매실거래가":6750.0,
            "전세실거래년":20210407.0,
            "전세실거래가":3310.0,
            "전세가율":70.43,
            "장기전세가율평균":70.6,
            "전세가율거품지수":0.17,
            "검색코드":103804,
            "세대수":150.0,
            "준공년월":"1999-12-30",
            "준공년차":24.0,
            "가까운역이름":"대동",
            "가까운역거리":3006.14,
            "역세권여부":"비역세권",
            "30분이내주요거점역":2,
            "30분거점역이름":"['대전', '정부청사']",
            "1시간이내주요거점역":6,
            "1시간거점역이름":"['대전', '유성온천', '시청', '반석', '정부청사', '탄방']",
            "3km이내백화점수":0,
            "5km이내아울렛몰수":0,
            "1km이내대형먀트수":2,
            "500m이내은행수":1,
            "500m이내병원수":0,
            "5km이내대형병원수":6,
            "500m이내공원수":3,
            "3km이내혐오시설수":0,
            "초등학교학업성취도":90.0,
            "중학교학업성취도":71.8,
            "용적률":257,
            "건폐율":30,
            "Y":36.355803,
            "X":127.434646,
            "rank":58.0,
            "area_info":"10평(33.97), 11평(37.84), 11평(37.81), 12평(41.97), 12평(42.58), 13평(43.0), 14평(47.11)",
            "last_sales":"2022-01-14,6750.0,14평(47.11)",
            "rank_history":[
                [
                    "202203",
                    58
                ],
                [
                    "202202",
                    54
                ],
                [
                    "202201",
                    56
                ]
            ],
            "rank_gap":-4
        },
        {
            "index":397,
            "아파트명":"천동홍익",
            "투자타입":"일반",
            "전용면적(m2)":"82.62",
            "전용면적(평)":"24평",
            "법정동주소":"대전시 동구 천동 71-14",
            "도로명주소":"대전시 동구 대전로 529",
            "세대수":0,
            "입주년차":20,
            "용적률점수":"--",
            "건폐율점수":"--",
            "세대당주차수":0,
            "난방방식":30,
            "공급면적":"--",
            "전용률":"--",
            "욕실수":50,
            "현관타입":100,
            "주거총점":22.0,
            "지역구공급총점":0.0,
            "역세권":50,
            "30분내 이동가능 거점":20,
            "1시간내 이동가능 거점":60,
            "교통총점":43.0,
            "백화점":0,
            "아울렛몰":0,
            "대형마트":0,
            "은행":0,
            "병원":0,
            "종합병원":100,
            "공원":0,
            "혐오시설":0,
            "인프라총점":20.0,
            "초등학군":90.04,
            "중학군":43.74,
            "학군총점":53.0,
            "인구수":23.68,
            "인구증감":2.48,
            "인구총점":17.32,
            "일자리":11.23,
            "소득수준":73.18,
            "일자리총점":29.815,
            "가치 총점":33.85,
            "매매실거래년":20211214.0,
            "매매실거래가":13400.0,
            "전세실거래년":20220131.0,
            "전세실거래가":8000.0,
            "전세가율":59.7,
            "장기전세가율평균":70.6,
            "전세가율거품지수":10.9,
            "검색코드":24198,
            "세대수":102.0,
            "준공년월":"2000-08-14",
            "준공년차":23.0,
            "가까운역이름":"신흥",
            "가까운역거리":973.71,
            "역세권여부":"준역세권",
            "30분이내주요거점역":1,
            "30분거점역이름":"['대전']",
            "1시간이내주요거점역":6,
            "1시간거점역이름":"['대전', '유성온천', '시청', '반석', '정부청사', '탄방']",
            "3km이내백화점수":0,
            "5km이내아울렛몰수":0,
            "1km이내대형먀트수":0,
            "500m이내은행수":0,
            "500m이내병원수":0,
            "5km이내대형병원수":4,
            "500m이내공원수":0,
            "3km이내혐오시설수":0,
            "초등학교학업성취도":90.04,
            "중학교학업성취도":69.1,
            "용적률":268,
            "건폐율":23,
            "Y":36.31101,
            "X":127.44709,
            "rank":59.0,
            "area_info":"24평(82.62)",
            "last_sales":"2021-12-14,13400.0,24평(82.62)",
            "rank_history":[
                [
                    "202203",
                    59
                ],
                [
                    "202202",
                    53
                ],
                [
                    "202201",
                    66
                ]
            ],
            "rank_gap":-6
        },
        {
            "index":453,
            "아파트명":"신동아파밀리에3단지",
            "투자타입":"일반",
            "전용면적(m2)":"109.39",
            "전용면적(평)":"33평",
            "법정동주소":"대전시 동구 홍도동 1001",
            "도로명주소":"대전시 동구 동산초교로55번길 20",
            "세대수":0,
            "입주년차":40,
            "용적률점수":"--",
            "건폐율점수":"--",
            "세대당주차수":30,
            "난방방식":30,
            "공급면적":"--",
            "전용률":"--",
            "욕실수":100,
            "현관타입":100,
            "주거총점":35.5,
            "지역구공급총점":0.0,
            "역세권":0,
            "30분내 이동가능 거점":20,
            "1시간내 이동가능 거점":60,
            "교통총점":18.0,
            "백화점":0,
            "아울렛몰":0,
            "대형마트":0,
            "은행":0,
            "병원":0,
            "종합병원":100,
            "공원":100,
            "혐오시설":0,
            "인프라총점":23.0,
            "초등학군":89.99,
            "중학군":41.52,
            "학군총점":51.214,
            "인구수":23.68,
            "인구증감":2.48,
            "인구총점":17.32,
            "일자리":11.23,
            "소득수준":73.18,
            "일자리총점":29.815,
            "가치 총점":33.8392,
            "매매실거래년":20211017.0,
            "매매실거래가":36700.0,
            "전세실거래년":20200608.0,
            "전세실거래가":17000.0,
            "전세가율":53.46,
            "장기전세가율평균":70.6,
            "전세가율거품지수":17.14,
            "검색코드":101065,
            "세대수":153.0,
            "준공년월":"2007-07-31",
            "준공년차":16.0,
            "가까운역이름":"중구청",
            "가까운역거리":2615.55,
            "역세권여부":"비역세권",
            "30분이내주요거점역":1,
            "30분거점역이름":"['대전']",
            "1시간이내주요거점역":6,
            "1시간거점역이름":"['대전', '유성온천', '시청', '반석', '정부청사', '탄방']",
            "3km이내백화점수":0,
            "5km이내아울렛몰수":0,
            "1km이내대형먀트수":0,
            "500m이내은행수":0,
            "500m이내병원수":0,
            "5km이내대형병원수":6,
            "500m이내공원수":6,
            "3km이내혐오시설수":0,
            "초등학교학업성취도":89.99,
            "중학교학업성취도":69.2,
            "용적률":192,
            "건폐율":19,
            "Y":36.348151,
            "X":127.423104,
            "rank":60.0,
            "area_info":"33평(109.39), 33평(111.57), 33평(112.33)",
            "last_sales":"2021-10-17,36700.0,33평(112.33)",
            "rank_history":[
                [
                    "202203",
                    60
                ],
                [
                    "202202",
                    51
                ],
                [
                    "202201",
                    50
                ]
            ],
            "rank_gap":-9
        },
        {
            "index":456,
            "아파트명":"신동아파밀리에4단지",
            "투자타입":"일반",
            "전용면적(m2)":"95.5",
            "전용면적(평)":"28평",
            "법정동주소":"대전시 동구 홍도동 1002",
            "도로명주소":"대전시 동구 동산초교로 47",
            "세대수":0,
            "입주년차":40,
            "용적률점수":"--",
            "건폐율점수":"--",
            "세대당주차수":30,
            "난방방식":30,
            "공급면적":"--",
            "전용률":"--",
            "욕실수":100,
            "현관타입":100,
            "주거총점":35.5,
            "지역구공급총점":0.0,
            "역세권":0,
            "30분내 이동가능 거점":20,
            "1시간내 이동가능 거점":60,
            "교통총점":18.0,
            "백화점":0,
            "아울렛몰":0,
            "대형마트":0,
            "은행":0,
            "병원":0,
            "종합병원":100,
            "공원":100,
            "혐오시설":0,
            "인프라총점":23.0,
            "초등학군":89.99,
            "중학군":41.52,
            "학군총점":51.214,
            "인구수":23.68,
            "인구증감":2.48,
            "인구총점":17.32,
            "일자리":11.23,
            "소득수준":73.18,
            "일자리총점":29.815,
            "가치 총점":33.8392,
            "매매실거래년":20210518.0,
            "매매실거래가":27500.0,
            "전세실거래년":20210719.0,
            "전세실거래가":30000.0,
            "전세가율":109.09,
            "장기전세가율평균":70.6,
            "전세가율거품지수":-38.49,
            "검색코드":101066,
            "세대수":86.0,
            "준공년월":"2007-07-31",
            "준공년차":16.0,
            "가까운역이름":"중구청",
            "가까운역거리":2610.12,
            "역세권여부":"비역세권",
            "30분이내주요거점역":1,
            "30분거점역이름":"['대전']",
            "1시간이내주요거점역":6,
            "1시간거점역이름":"['대전', '유성온천', '시청', '반석', '정부청사', '탄방']",
            "3km이내백화점수":0,
            "5km이내아울렛몰수":0,
            "1km이내대형먀트수":0,
            "500m이내은행수":0,
            "500m이내병원수":0,
            "5km이내대형병원수":6,
            "500m이내공원수":6,
            "3km이내혐오시설수":0,
            "초등학교학업성취도":89.99,
            "중학교학업성취도":69.2,
            "용적률":199,
            "건폐율":23,
            "Y":36.347941,
            "X":127.424464,
            "rank":60.0,
            "area_info":"28평(95.5)",
            "last_sales":"2021-05-18,27500.0,28평(95.5)",
            "rank_history":[
                [
                    "202203",
                    60
                ],
                [
                    "202202",
                    9999
                ]
            ],
            "rank_gap":9999
        },
        {
            "index":435,
            "아파트명":"주공6차",
            "투자타입":"재건축",
            "전용면적(m2)":"50.4",
            "전용면적(평)":"15평",
            "법정동주소":"대전시 동구 판암동 233",
            "도로명주소":"대전시 동구 동부로 55-58",
            "세대수":80,
            "입주년차":"--",
            "용적률점수":0,
            "건폐율점수":0,
            "세대당주차수":"--",
            "난방방식":"--",
            "공급면적":50,
            "전용률":60,
            "욕실수":"--",
            "현관타입":"--",
            "주거총점":29.5,
            "지역구공급총점":0.0,
            "역세권":50,
            "30분내 이동가능 거점":0,
            "1시간내 이동가능 거점":60,
            "교통총점":37.0,
            "백화점":0,
            "아울렛몰":0,
            "대형마트":0,
            "은행":0,
            "병원":0,
            "종합병원":100,
            "공원":100,
            "혐오시설":0,
            "인프라총점":23.0,
            "초등학군":89.98,
            "중학군":35.04,
            "학군총점":46.028,
            "인구수":23.68,
            "인구증감":2.48,
            "인구총점":17.32,
            "일자리":11.23,
            "소득수준":73.18,
            "일자리총점":29.815,
            "가치 총점":33.6334,
            "매매실거래년":20220118.0,
            "매매실거래가":10750.0,
            "전세실거래년":20220214.0,
            "전세실거래가":5800.0,
            "전세가율":61.05,
            "장기전세가율평균":70.6,
            "전세가율거품지수":9.55,
            "검색코드":5657,
            "세대수":720.0,
            "준공년월":"1992-08-20",
            "준공년차":31.0,
            "가까운역이름":"판암",
            "가까운역거리":858.87,
            "역세권여부":"준역세권",
            "30분이내주요거점역":0,
            "30분거점역이름":"[]",
            "1시간이내주요거점역":6,
            "1시간거점역이름":"['대전', '유성온천', '시청', '반석', '정부청사', '탄방']",
            "3km이내백화점수":0,
            "5km이내아울렛몰수":0,
            "1km이내대형먀트수":0,
            "500m이내은행수":0,
            "500m이내병원수":0,
            "5km이내대형병원수":4,
            "500m이내공원수":3,
            "3km이내혐오시설수":0,
            "초등학교학업성취도":89.98,
            "중학교학업성취도":58.4,
            "용적률":0,
            "건폐율":0,
            "Y":36.324685,
            "X":127.458416,
            "rank":61.0,
            "area_info":"15평(50.4), 17평(58.61)",
            "last_sales":"2022-01-18,10750.0,17평(58.61)",
            "rank_history":[
                [
                    "202203",
                    61
                ],
                [
                    "202202",
                    48
                ],
                [
                    "202201",
                    41
                ]
            ],
            "rank_gap":-13
        },
        {
            "index":318,
            "아파트명":"용전서민",
            "투자타입":"재건축",
            "전용면적(m2)":"45.79",
            "전용면적(평)":"13평",
            "법정동주소":"대전시 동구 용전동 147-16",
            "도로명주소":"대전시 동구 계족로 485-35",
            "세대수":0,
            "입주년차":"--",
            "용적률점수":0,
            "건폐율점수":0,
            "세대당주차수":"--",
            "난방방식":"--",
            "공급면적":50,
            "전용률":100,
            "욕실수":"--",
            "현관타입":"--",
            "주거총점":7.5,
            "지역구공급총점":0.0,
            "역세권":0,
            "30분내 이동가능 거점":60,
            "1시간내 이동가능 거점":60,
            "교통총점":30.0,
            "백화점":0,
            "아울렛몰":0,
            "대형마트":100,
            "은행":0,
            "병원":0,
            "종합병원":100,
            "공원":100,
            "혐오시설":0,
            "인프라총점":38.0,
            "초등학군":90.0,
            "중학군":43.08,
            "학군총점":52.464,
            "인구수":23.68,
            "인구증감":2.48,
            "인구총점":17.32,
            "일자리":11.23,
            "소득수준":73.18,
            "일자리총점":29.815,
            "가치 총점":33.5142,
            "매매실거래년":"18000101",
            "매매실거래가":null,
            "전세실거래년":null,
            "전세실거래가":null,
            "전세가율":null,
            "장기전세가율평균":70.6,
            "전세가율거품지수":null,
            "검색코드":102844,
            "세대수":112.0,
            "준공년월":"1973-12-10",
            "준공년차":50.0,
            "가까운역이름":"대동",
            "가까운역거리":3039.57,
            "역세권여부":"비역세권",
            "30분이내주요거점역":3,
            "30분거점역이름":"['대전', '시청', '정부청사']",
            "1시간이내주요거점역":6,
            "1시간거점역이름":"['대전', '유성온천', '시청', '반석', '정부청사', '탄방']",
            "3km이내백화점수":0,
            "5km이내아울렛몰수":0,
            "1km이내대형먀트수":2,
            "500m이내은행수":1,
            "500m이내병원수":0,
            "5km이내대형병원수":6,
            "500m이내공원수":6,
            "3km이내혐오시설수":0,
            "초등학교학업성취도":90.0,
            "중학교학업성취도":71.8,
            "용적률":0,
            "건폐율":0,
            "Y":36.355246,
            "X":127.43114,
            "rank":62.0,
            "area_info":"13평(45.79), 13평(45.78)",
            "last_sales":"1800-01-01,nan,13평(45.79)",
            "rank_history":[
                [
                    "202203",
                    62
                ],
                [
                    "202202",
                    61
                ],
                [
                    "202201",
                    61
                ]
            ],
            "rank_gap":-1
        },
        {
            "index":373,
            "아파트명":"무궁화",
            "투자타입":"재건축",
            "전용면적(m2)":"57.74",
            "전용면적(평)":"17평",
            "법정동주소":"대전시 동구 자양동 111-1",
            "도로명주소":"대전시 동구 백룡로 50",
            "세대수":0,
            "입주년차":"--",
            "용적률점수":0,
            "건폐율점수":0,
            "세대당주차수":"--",
            "난방방식":"--",
            "공급면적":50,
            "전용률":80,
            "욕실수":"--",
            "현관타입":"--",
            "주거총점":6.5,
            "지역구공급총점":0.0,
            "역세권":50,
            "30분내 이동가능 거점":60,
            "1시간내 이동가능 거점":60,
            "교통총점":55.0,
            "백화점":0,
            "아울렛몰":0,
            "대형마트":0,
            "은행":0,
            "병원":0,
            "종합병원":100,
            "공원":100,
            "혐오시설":0,
            "인프라총점":23.0,
            "초등학군":89.98,
            "중학군":46.6,
            "학군총점":55.276,
            "인구수":23.68,
            "인구증감":2.48,
            "인구총점":17.32,
            "일자리":11.23,
            "소득수준":73.18,
            "일자리총점":29.815,
            "가치 총점":33.3578,
            "매매실거래년":20211211.0,
            "매매실거래가":6500.0,
            "전세실거래년":20210116.0,
            "전세실거래가":4500.0,
            "전세가율":69.23,
            "장기전세가율평균":70.6,
            "전세가율거품지수":1.37,
            "검색코드":5689,
            "세대수":115.0,
            "준공년월":"1985-09-20",
            "준공년차":38.0,
            "가까운역이름":"대동",
            "가까운역거리":787.94,
            "역세권여부":"준역세권",
            "30분이내주요거점역":3,
            "30분거점역이름":"['대전', '시청', '탄방']",
            "1시간이내주요거점역":6,
            "1시간거점역이름":"['대전', '유성온천', '시청', '반석', '정부청사', '탄방']",
            "3km이내백화점수":0,
            "5km이내아울렛몰수":0,
            "1km이내대형먀트수":0,
            "500m이내은행수":0,
            "500m이내병원수":0,
            "5km이내대형병원수":5,
            "500m이내공원수":9,
            "3km이내혐오시설수":0,
            "초등학교학업성취도":89.98,
            "중학교학업성취도":76.0,
            "용적률":0,
            "건폐율":0,
            "Y":36.333462,
            "X":127.450201,
            "rank":63.0,
            "area_info":"17평(57.74), 21평(71.56), 21평(71.47), 21평(71.17)",
            "last_sales":"2021-12-11,6500.0,17평(57.74)",
            "rank_history":[
                [
                    "202203",
                    63
                ],
                [
                    "202202",
                    58
                ],
                [
                    "202201",
                    60
                ]
            ],
            "rank_gap":-5
        },
        {
            "index":315,
            "아파트명":"신진크로바맨션",
            "투자타입":"재건축",
            "전용면적(m2)":"118.59",
            "전용면적(평)":"35평",
            "법정동주소":"대전시 동구 용전동 178",
            "도로명주소":"대전시 동구 계족로 443",
            "세대수":0,
            "입주년차":"--",
            "용적률점수":0,
            "건폐율점수":0,
            "세대당주차수":"--",
            "난방방식":"--",
            "공급면적":100,
            "전용률":60,
            "욕실수":"--",
            "현관타입":"--",
            "주거총점":8.0,
            "지역구공급총점":0.0,
            "역세권":0,
            "30분내 이동가능 거점":40,
            "1시간내 이동가능 거점":60,
            "교통총점":24.0,
            "백화점":0,
            "아울렛몰":0,
            "대형마트":100,
            "은행":20,
            "병원":0,
            "종합병원":100,
            "공원":100,
            "혐오시설":0,
            "인프라총점":40.0,
            "초등학군":90.0,
            "중학군":43.08,
            "학군총점":52.464,
            "인구수":23.68,
            "인구증감":2.48,
            "인구총점":17.32,
            "일자리":11.23,
            "소득수준":73.18,
            "일자리총점":29.815,
            "가치 총점":33.3392,
            "매매실거래년":20211020.0,
            "매매실거래가":15000.0,
            "전세실거래년":20170117.0,
            "전세실거래가":9000.0,
            "전세가율":60.0,
            "장기전세가율평균":70.6,
            "전세가율거품지수":10.6,
            "검색코드":10542,
            "세대수":105.0,
            "준공년월":"1985-06-08",
            "준공년차":38.0,
            "가까운역이름":"대동",
            "가까운역거리":2604.65,
            "역세권여부":"비역세권",
            "30분이내주요거점역":2,
            "30분거점역이름":"['대전', '정부청사']",
            "1시간이내주요거점역":6,
            "1시간거점역이름":"['대전', '유성온천', '시청', '반석', '정부청사', '탄방']",
            "3km이내백화점수":0,
            "5km이내아울렛몰수":0,
            "1km이내대형먀트수":2,
            "500m이내은행수":2,
            "500m이내병원수":0,
            "5km이내대형병원수":6,
            "500m이내공원수":6,
            "3km이내혐오시설수":0,
            "초등학교학업성취도":90.0,
            "중학교학업성취도":71.8,
            "용적률":0,
            "건폐율":0,
            "Y":36.35118,
            "X":127.43157,
            "rank":64.0,
            "area_info":"35평(118.59), 36평(120.29), 49평(162.26)",
            "last_sales":"2021-10-20,15000.0,35평(118.59)",
            "rank_history":[
                [
                    "202203",
                    64
                ],
                [
                    "202202",
                    57
                ],
                [
                    "202201",
                    54
                ]
            ],
            "rank_gap":-7
        },
        {
            "index":272,
            "아파트명":"주공2단지",
            "투자타입":"재건축",
            "전용면적(m2)":"50.28",
            "전용면적(평)":"15평",
            "법정동주소":"대전시 동구 용운동 147",
            "도로명주소":"대전시 동구 백룡로 138",
            "세대수":80,
            "입주년차":"--",
            "용적률점수":0,
            "건폐율점수":0,
            "세대당주차수":"--",
            "난방방식":"--",
            "공급면적":50,
            "전용률":40,
            "욕실수":"--",
            "현관타입":"--",
            "주거총점":28.5,
            "지역구공급총점":0.0,
            "역세권":0,
            "30분내 이동가능 거점":20,
            "1시간내 이동가능 거점":60,
            "교통총점":18.0,
            "백화점":0,
            "아울렛몰":0,
            "대형마트":0,
            "은행":0,
            "병원":0,
            "종합병원":100,
            "공원":100,
            "혐오시설":0,
            "인프라총점":23.0,
            "초등학군":89.99,
            "중학군":46.6,
            "학군총점":55.278,
            "인구수":23.68,
            "인구증감":2.48,
            "인구총점":17.32,
            "일자리":11.23,
            "소득수준":73.18,
            "일자리총점":29.815,
            "가치 총점":33.3084,
            "매매실거래년":20211025.0,
            "매매실거래가":17800.0,
            "전세실거래년":20211203.0,
            "전세실거래가":5500.0,
            "전세가율":73.83,
            "장기전세가율평균":70.6,
            "전세가율거품지수":-3.23,
            "검색코드":5681,
            "세대수":840.0,
            "준공년월":"1987-09-07",
            "준공년차":36.0,
            "가까운역이름":"대동",
            "가까운역거리":1009.3,
            "역세권여부":"비역세권",
            "30분이내주요거점역":1,
            "30분거점역이름":"['대전']",
            "1시간이내주요거점역":6,
            "1시간거점역이름":"['대전', '유성온천', '시청', '반석', '정부청사', '탄방']",
            "3km이내백화점수":0,
            "5km이내아울렛몰수":0,
            "1km이내대형먀트수":0,
            "500m이내은행수":0,
            "500m이내병원수":0,
            "5km이내대형병원수":5,
            "500m이내공원수":9,
            "3km이내혐오시설수":0,
            "초등학교학업성취도":89.99,
            "중학교학업성취도":76.0,
            "용적률":0,
            "건폐율":0,
            "Y":36.329676,
            "X":127.454104,
            "rank":65.0,
            "area_info":"15평(50.28), 18평(62.37), 18평(62.37), 19평(64.11), 19평(64.11), 22평(75.38), 24평(80.17), 28평(94.37)",
            "last_sales":"2021-10-25,17800.0,28평(94.37)",
            "rank_history":[
                [
                    "202203",
                    65
                ],
                [
                    "202202",
                    52
                ],
                [
                    "202201",
                    40
                ]
            ],
            "rank_gap":-13
        },
        {
            "index":327,
            "아파트명":"큰솔2단지",
            "투자타입":"일반",
            "전용면적(m2)":"44.33",
            "전용면적(평)":"13평",
            "법정동주소":"대전시 동구 용전동 48-1",
            "도로명주소":"대전시 동구 계족로512번길 42",
            "세대수":0,
            "입주년차":20,
            "용적률점수":"--",
            "건폐율점수":"--",
            "세대당주차수":0,
            "난방방식":30,
            "공급면적":"--",
            "전용률":"--",
            "욕실수":50,
            "현관타입":10,
            "주거총점":13.0,
            "지역구공급총점":0.0,
            "역세권":0,
            "30분내 이동가능 거점":40,
            "1시간내 이동가능 거점":60,
            "교통총점":24.0,
            "백화점":0,
            "아울렛몰":0,
            "대형마트":100,
            "은행":0,
            "병원":0,
            "종합병원":100,
            "공원":0,
            "혐오시설":0,
            "인프라총점":35.0,
            "초등학군":90.0,
            "중학군":43.08,
            "학군총점":52.464,
            "인구수":23.68,
            "인구증감":2.48,
            "인구총점":17.32,
            "일자리":11.23,
            "소득수준":73.18,
            "일자리총점":29.815,
            "가치 총점":33.0892,
            "매매실거래년":20220109.0,
            "매매실거래가":8800.0,
            "전세실거래년":20210729.0,
            "전세실거래가":3700.0,
            "전세가율":88.1,
            "장기전세가율평균":70.6,
            "전세가율거품지수":-17.5,
            "검색코드":103807,
            "세대수":232.0,
            "준공년월":"2001-04-26",
            "준공년차":22.0,
            "가까운역이름":"대동",
            "가까운역거리":3052.96,
            "역세권여부":"비역세권",
            "30분이내주요거점역":2,
            "30분거점역이름":"['대전', '정부청사']",
            "1시간이내주요거점역":6,
            "1시간거점역이름":"['대전', '유성온천', '시청', '반석', '정부청사', '탄방']",
            "3km이내백화점수":0,
            "5km이내아울렛몰수":0,
            "1km이내대형먀트수":2,
            "500m이내은행수":1,
            "500m이내병원수":0,
            "5km이내대형병원수":6,
            "500m이내공원수":0,
            "3km이내혐오시설수":0,
            "초등학교학업성취도":90.0,
            "중학교학업성취도":71.8,
            "용적률":366,
            "건폐율":33,
            "Y":36.35618,
            "X":127.434365,
            "rank":66.0,
            "area_info":"13평(44.33), 17평(57.08)",
            "last_sales":"2022-01-09,8800.0,17평(57.08)",
            "rank_history":[
                [
                    "202203",
                    66
                ],
                [
                    "202202",
                    59
                ],
                [
                    "202201",
                    57
                ]
            ],
            "rank_gap":-7
        },
        {
            "index":308,
            "아파트명":"새피앙",
            "투자타입":"일반",
            "전용면적(m2)":"81.69",
            "전용면적(평)":"24평",
            "법정동주소":"대전시 동구 용전동 181-1",
            "도로명주소":"대전시 동구 홍도로46번길 20",
            "세대수":0,
            "입주년차":0,
            "용적률점수":"--",
            "건폐율점수":"--",
            "세대당주차수":0,
            "난방방식":30,
            "공급면적":"--",
            "전용률":"--",
            "욕실수":50,
            "현관타입":10,
            "주거총점":9.0,
            "지역구공급총점":0.0,
            "역세권":0,
            "30분내 이동가능 거점":40,
            "1시간내 이동가능 거점":60,
            "교통총점":24.0,
            "백화점":0,
            "아울렛몰":0,
            "대형마트":100,
            "은행":0,
            "병원":0,
            "종합병원":100,
            "공원":100,
            "혐오시설":0,
            "인프라총점":38.0,
            "초등학군":90.0,
            "중학군":41.52,
            "학군총점":51.216,
            "인구수":23.68,
            "인구증감":2.48,
            "인구총점":17.32,
            "일자리":11.23,
            "소득수준":73.18,
            "일자리총점":29.815,
            "가치 총점":32.6148,
            "매매실거래년":20211230.0,
            "매매실거래가":24400.0,
            "전세실거래년":20210316.0,
            "전세실거래가":12000.0,
            "전세가율":89.05,
            "장기전세가율평균":70.6,
            "전세가율거품지수":-18.45,
            "검색코드":5709,
            "세대수":285.0,
            "준공년월":"1997-04-21",
            "준공년차":26.0,
            "가까운역이름":"대동",
            "가까운역거리":2663.92,
            "역세권여부":"비역세권",
            "30분이내주요거점역":2,
            "30분거점역이름":"['대전', '정부청사']",
            "1시간이내주요거점역":6,
            "1시간거점역이름":"['대전', '유성온천', '시청', '반석', '정부청사', '탄방']",
            "3km이내백화점수":0,
            "5km이내아울렛몰수":0,
            "1km이내대형먀트수":2,
            "500m이내은행수":1,
            "500m이내병원수":0,
            "5km이내대형병원수":6,
            "500m이내공원수":6,
            "3km이내혐오시설수":0,
            "초등학교학업성취도":90.0,
            "중학교학업성취도":69.2,
            "용적률":0,
            "건폐율":0,
            "Y":36.350858,
            "X":127.429157,
            "rank":67.0,
            "area_info":"24평(81.69), 31평(103.07), 31평(104.1)",
            "last_sales":"2021-12-30,24400.0,31평(103.07)",
            "rank_history":[
                [
                    "202203",
                    67
                ],
                [
                    "202202",
                    60
                ],
                [
                    "202201",
                    55
                ]
            ],
            "rank_gap":-7
        },
        {
            "index":231,
            "아파트명":"큰솔",
            "투자타입":"일반",
            "전용면적(m2)":"73.39",
            "전용면적(평)":"22평",
            "법정동주소":"대전시 동구 성남동 157-1",
            "도로명주소":"대전시 동구 동서대로1572번길 165",
            "세대수":0,
            "입주년차":20,
            "용적률점수":"--",
            "건폐율점수":"--",
            "세대당주차수":0,
            "난방방식":30,
            "공급면적":"--",
            "전용률":"--",
            "욕실수":100,
            "현관타입":10,
            "주거총점":18.0,
            "지역구공급총점":0.0,
            "역세권":0,
            "30분내 이동가능 거점":20,
            "1시간내 이동가능 거점":60,
            "교통총점":18.0,
            "백화점":0,
            "아울렛몰":0,
            "대형마트":80,
            "은행":0,
            "병원":0,
            "종합병원":100,
            "공원":0,
            "혐오시설":0,
            "인프라총점":32.0,
            "초등학군":89.96,
            "중학군":43.2,
            "학군총점":52.552,
            "인구수":23.68,
            "인구증감":2.48,
            "인구총점":17.32,
            "일자리":11.23,
            "소득수준":73.18,
            "일자리총점":29.815,
            "가치 총점":32.5656,
            "매매실거래년":20210909.0,
            "매매실거래가":17500.0,
            "전세실거래년":20150405.0,
            "전세실거래가":7500.0,
            "전세가율":71.43,
            "장기전세가율평균":70.6,
            "전세가율거품지수":-0.83,
            "검색코드":103869,
            "세대수":152.0,
            "준공년월":"2003-11-07",
            "준공년차":20.0,
            "가까운역이름":"대동",
            "가까운역거리":1558.18,
            "역세권여부":"비역세권",
            "30분이내주요거점역":1,
            "30분거점역이름":"['대전']",
            "1시간이내주요거점역":6,
            "1시간거점역이름":"['대전', '유성온천', '시청', '반석', '정부청사', '탄방']",
            "3km이내백화점수":0,
            "5km이내아울렛몰수":0,
            "1km이내대형먀트수":1,
            "500m이내은행수":0,
            "500m이내병원수":0,
            "5km이내대형병원수":6,
            "500m이내공원수":0,
            "3km이내혐오시설수":0,
            "초등학교학업성취도":89.96,
            "중학교학업성취도":72.0,
            "용적률":471,
            "건폐율":45,
            "Y":36.341614,
            "X":127.433913,
            "rank":68.0,
            "area_info":"22평(73.39), 22평(74.57), 31평(102.94)",
            "last_sales":"2021-09-09,17500.0,31평(102.94)",
            "rank_history":[
                [
                    "202203",
                    68
                ],
                [
                    "202202",
                    55
                ],
                [
                    "202201",
                    53
                ]
            ],
            "rank_gap":-13
        },
        {
            "index":97,
            "아파트명":"유성",
            "투자타입":"재건축",
            "전용면적(m2)":"70.57",
            "전용면적(평)":"21평",
            "법정동주소":"대전시 동구 가오동 212",
            "도로명주소":"대전시 동구 대전로470번길 25",
            "세대수":0,
            "입주년차":"--",
            "용적률점수":0,
            "건폐율점수":0,
            "세대당주차수":"--",
            "난방방식":"--",
            "공급면적":50,
            "전용률":80,
            "욕실수":"--",
            "현관타입":"--",
            "주거총점":6.5,
            "지역구공급총점":0.0,
            "역세권":0,
            "30분내 이동가능 거점":20,
            "1시간내 이동가능 거점":60,
            "교통총점":18.0,
            "백화점":0,
            "아울렛몰":0,
            "대형마트":80,
            "은행":20,
            "병원":0,
            "종합병원":100,
            "공원":100,
            "혐오시설":0,
            "인프라총점":37.0,
            "초등학군":90.04,
            "중학군":48.42,
            "학군총점":56.744,
            "인구수":23.68,
            "인구증감":2.48,
            "인구총점":17.32,
            "일자리":11.23,
            "소득수준":73.18,
            "일자리총점":29.815,
            "가치 총점":32.4482,
            "매매실거래년":20220114.0,
            "매매실거래가":14000.0,
            "전세실거래년":20210709.0,
            "전세실거래가":2500.0,
            "전세가율":17.86,
            "장기전세가율평균":70.6,
            "전세가율거품지수":52.74,
            "검색코드":5674,
            "세대수":88.0,
            "준공년월":"1989-12-06",
            "준공년차":34.0,
            "가까운역이름":"판암",
            "가까운역거리":1174.86,
            "역세권여부":"비역세권",
            "30분이내주요거점역":1,
            "30분거점역이름":"['대전']",
            "1시간이내주요거점역":6,
            "1시간거점역이름":"['대전', '유성온천', '시청', '반석', '정부청사', '탄방']",
            "3km이내백화점수":0,
            "5km이내아울렛몰수":0,
            "1km이내대형먀트수":1,
            "500m이내은행수":2,
            "500m이내병원수":0,
            "5km이내대형병원수":4,
            "500m이내공원수":6,
            "3km이내혐오시설수":0,
            "초등학교학업성취도":90.04,
            "중학교학업성취도":78.9,
            "용적률":0,
            "건폐율":0,
            "Y":36.307597,
            "X":127.452354,
            "rank":69.0,
            "area_info":"21평(70.57), 22평(74.29), 23평(78.71), 32평(107.84), 32평(108.28), 32평(108.05), 34평(113.83)",
            "last_sales":"2022-01-14,14000.0,21평(70.57)",
            "rank_history":[
                [
                    "202203",
                    69
                ],
                [
                    "202202",
                    9999
                ]
            ],
            "rank_gap":9999
        },
        {
            "index":269,
            "아파트명":"용운마젤란21",
            "투자타입":"일반",
            "전용면적(m2)":"111.67",
            "전용면적(평)":"33평",
            "법정동주소":"대전시 동구 용운동 598",
            "도로명주소":"대전시 동구 대학로 102-7",
            "세대수":0,
            "입주년차":40,
            "용적률점수":"--",
            "건폐율점수":"--",
            "세대당주차수":30,
            "난방방식":30,
            "공급면적":"--",
            "전용률":"--",
            "욕실수":100,
            "현관타입":100,
            "주거총점":35.5,
            "지역구공급총점":0.0,
            "역세권":0,
            "30분내 이동가능 거점":20,
            "1시간내 이동가능 거점":50,
            "교통총점":16.0,
            "백화점":0,
            "아울렛몰":0,
            "대형마트":0,
            "은행":0,
            "병원":0,
            "종합병원":100,
            "공원":0,
            "혐오시설":0,
            "인프라총점":20.0,
            "초등학군":89.98,
            "중학군":39.84,
            "학군총점":49.868,
            "인구수":23.68,
            "인구증감":2.48,
            "인구총점":17.32,
            "일자리":11.23,
            "소득수준":73.18,
            "일자리총점":29.815,
            "가치 총점":32.2354,
            "매매실거래년":20211124.0,
            "매매실거래가":32500.0,
            "전세실거래년":20211016.0,
            "전세실거래가":24000.0,
            "전세가율":73.85,
            "장기전세가율평균":70.6,
            "전세가율거품지수":-3.25,
            "검색코드":19361,
            "세대수":210.0,
            "준공년월":"2006-08-30",
            "준공년차":17.0,
            "가까운역이름":"대동",
            "가까운역거리":1747.24,
            "역세권여부":"비역세권",
            "30분이내주요거점역":1,
            "30분거점역이름":"['대전']",
            "1시간이내주요거점역":5,
            "1시간거점역이름":"['대전', '유성온천', '시청', '정부청사', '탄방']",
            "3km이내백화점수":0,
            "5km이내아울렛몰수":0,
            "1km이내대형먀트수":0,
            "500m이내은행수":0,
            "500m이내병원수":0,
            "5km이내대형병원수":5,
            "500m이내공원수":0,
            "3km이내혐오시설수":0,
            "초등학교학업성취도":89.98,
            "중학교학업성취도":66.4,
            "용적률":198,
            "건폐율":17,
            "Y":36.339195,
            "X":127.458271,
            "rank":70.0,
            "area_info":"33평(111.67)",
            "last_sales":"2021-11-24,32500.0,33평(111.67)",
            "rank_history":[
                [
                    "202203",
                    70
                ],
                [
                    "202202",
                    56
                ],
                [
                    "202201",
                    43
                ]
            ],
            "rank_gap":-14
        },
        {
            "index":460,
            "아파트명":"홍도서우",
            "투자타입":"일반",
            "전용면적(m2)":"56.64",
            "전용면적(평)":"17평",
            "법정동주소":"대전시 동구 홍도동 14-1",
            "도로명주소":"대전시 동구 동서대로 1579",
            "세대수":50,
            "입주년차":0,
            "용적률점수":"--",
            "건폐율점수":"--",
            "세대당주차수":0,
            "난방방식":30,
            "공급면적":"--",
            "전용률":"--",
            "욕실수":50,
            "현관타입":10,
            "주거총점":26.5,
            "지역구공급총점":0.0,
            "역세권":0,
            "30분내 이동가능 거점":20,
            "1시간내 이동가능 거점":60,
            "교통총점":18.0,
            "백화점":0,
            "아울렛몰":0,
            "대형마트":0,
            "은행":0,
            "병원":0,
            "종합병원":100,
            "공원":100,
            "혐오시설":0,
            "인프라총점":23.0,
            "초등학군":89.96,
            "중학군":41.52,
            "학군총점":51.208,
            "인구수":23.68,
            "인구증감":2.48,
            "인구총점":17.32,
            "일자리":11.23,
            "소득수준":73.18,
            "일자리총점":29.815,
            "가치 총점":31.5874,
            "매매실거래년":20220217.0,
            "매매실거래가":8000.0,
            "전세실거래년":20220128.0,
            "전세실거래가":9500.0,
            "전세가율":118.75,
            "장기전세가율평균":70.6,
            "전세가율거품지수":-48.15,
            "검색코드":5718,
            "세대수":571.0,
            "준공년월":"1996-10-25",
            "준공년차":27.0,
            "가까운역이름":"대동",
            "가까운역거리":2178.71,
            "역세권여부":"비역세권",
            "30분이내주요거점역":1,
            "30분거점역이름":"['대전']",
            "1시간이내주요거점역":6,
            "1시간거점역이름":"['대전', '유성온천', '시청', '반석', '정부청사', '탄방']",
            "3km이내백화점수":0,
            "5km이내아울렛몰수":0,
            "1km이내대형먀트수":0,
            "500m이내은행수":1,
            "500m이내병원수":0,
            "5km이내대형병원수":6,
            "500m이내공원수":6,
            "3km이내혐오시설수":0,
            "초등학교학업성취도":89.96,
            "중학교학업성취도":69.2,
            "용적률":308,
            "건폐율":23,
            "Y":36.344338,
            "X":127.42683,
            "rank":71.0,
            "area_info":"17평(56.64), 18평(61.38), 24평(80.58), 34평(114.24)",
            "last_sales":"2022-02-17,8000.0,17평(56.64)",
            "rank_history":[
                [
                    "202203",
                    71
                ],
                [
                    "202202",
                    62
                ],
                [
                    "202201",
                    59
                ]
            ],
            "rank_gap":-9
        },
        {
            "index":75,
            "아파트명":"한성잉꼬",
            "투자타입":"재건축",
            "전용면적(m2)":"34.56",
            "전용면적(평)":"10평",
            "법정동주소":"대전시 동구 가양동 429-11",
            "도로명주소":"대전시 동구 동대전로321번길 9",
            "세대수":0,
            "입주년차":"--",
            "용적률점수":0,
            "건폐율점수":0,
            "세대당주차수":"--",
            "난방방식":"--",
            "공급면적":50,
            "전용률":80,
            "욕실수":"--",
            "현관타입":"--",
            "주거총점":6.5,
            "지역구공급총점":0.0,
            "역세권":0,
            "30분내 이동가능 거점":40,
            "1시간내 이동가능 거점":60,
            "교통총점":24.0,
            "백화점":0,
            "아울렛몰":0,
            "대형마트":100,
            "은행":0,
            "병원":0,
            "종합병원":100,
            "공원":100,
            "혐오시설":0,
            "인프라총점":38.0,
            "초등학군":89.99,
            "중학군":39.26,
            "학군총점":49.406,
            "인구수":23.68,
            "인구증감":2.48,
            "인구총점":17.32,
            "일자리":11.23,
            "소득수준":73.18,
            "일자리총점":29.815,
            "가치 총점":31.4468,
            "매매실거래년":20211022.0,
            "매매실거래가":6100.0,
            "전세실거래년":20201206.0,
            "전세실거래가":3000.0,
            "전세가율":100.0,
            "장기전세가율평균":70.6,
            "전세가율거품지수":-29.4,
            "검색코드":106772,
            "세대수":79.0,
            "준공년월":"1987-01-15",
            "준공년차":36.0,
            "가까운역이름":"대동",
            "가까운역거리":2153.82,
            "역세권여부":"비역세권",
            "30분이내주요거점역":2,
            "30분거점역이름":"['대전', '정부청사']",
            "1시간이내주요거점역":6,
            "1시간거점역이름":"['대전', '유성온천', '시청', '반석', '정부청사', '탄방']",
            "3km이내백화점수":0,
            "5km이내아울렛몰수":0,
            "1km이내대형먀트수":2,
            "500m이내은행수":0,
            "500m이내병원수":0,
            "5km이내대형병원수":5,
            "500m이내공원수":3,
            "3km이내혐오시설수":0,
            "초등학교학업성취도":89.99,
            "중학교학업성취도":65.1,
            "용적률":0,
            "건폐율":0,
            "Y":36.348955,
            "X":127.442661,
            "rank":72.0,
            "area_info":"10평(34.56), 10평(34.47), 10평(36.0), 11평(36.99), 11평(37.8), 11평(38.07), 11평(38.88), 11평(39.6), 11평(39.64), 12평(39.87), 12평(40.5), 12평(40.59), 12평(42.21), 13평(45.54), 13평(45.99), 14평(48.6)",
            "last_sales":"2021-10-22,6100.0,14평(48.6)",
            "rank_history":[
                [
                    "202203",
                    72
                ],
                [
                    "202202",
                    9999
                ]
            ],
            "rank_gap":9999
        },
        {
            "index":191,
            "아파트명":"맑은미소",
            "투자타입":"일반",
            "전용면적(m2)":"79.43",
            "전용면적(평)":"24평",
            "법정동주소":"대전시 동구 삼성동 108-3",
            "도로명주소":"대전시 동구 대전로 872",
            "세대수":0,
            "입주년차":40,
            "용적률점수":"--",
            "건폐율점수":"--",
            "세대당주차수":30,
            "난방방식":30,
            "공급면적":"--",
            "전용률":"--",
            "욕실수":50,
            "현관타입":10,
            "주거총점":21.5,
            "지역구공급총점":0.0,
            "역세권":0,
            "30분내 이동가능 거점":60,
            "1시간내 이동가능 거점":60,
            "교통총점":30.0,
            "백화점":0,
            "아울렛몰":0,
            "대형마트":0,
            "은행":0,
            "병원":0,
            "종합병원":100,
            "공원":0,
            "혐오시설":0,
            "인프라총점":20.0,
            "초등학군":89.97,
            "중학군":40.74,
            "학군총점":50.586,
            "인구수":23.68,
            "인구증감":2.48,
            "인구총점":17.32,
            "일자리":11.23,
            "소득수준":73.18,
            "일자리총점":29.815,
            "가치 총점":31.0508,
            "매매실거래년":20220122.0,
            "매매실거래가":18500.0,
            "전세실거래년":20211103.0,
            "전세실거래가":6000.0,
            "전세가율":32.43,
            "장기전세가율평균":70.6,
            "전세가율거품지수":38.17,
            "검색코드":24376,
            "세대수":112.0,
            "준공년월":"2006-02-15",
            "준공년차":17.0,
            "가까운역이름":"대동",
            "가까운역거리":1378.45,
            "역세권여부":"비역세권",
            "30분이내주요거점역":3,
            "30분거점역이름":"['대전', '정부청사', '탄방']",
            "1시간이내주요거점역":6,
            "1시간거점역이름":"['대전', '유성온천', '시청', '반석', '정부청사', '탄방']",
            "3km이내백화점수":0,
            "5km이내아울렛몰수":0,
            "1km이내대형먀트수":0,
            "500m이내은행수":1,
            "500m이내병원수":0,
            "5km이내대형병원수":6,
            "500m이내공원수":0,
            "3km이내혐오시설수":0,
            "초등학교학업성취도":89.97,
            "중학교학업성취도":67.9,
            "용적률":0,
            "건폐율":0,
            "Y":36.337011,
            "X":127.430515,
            "rank":73.0,
            "area_info":"24평(79.43), 24평(79.38), 24평(79.55), 34평(112.58), 34평(113.54)",
            "last_sales":"2022-01-22,18500.0,24평(79.43)",
            "rank_history":[
                [
                    "202203",
                    73
                ],
                [
                    "202202",
                    50
                ],
                [
                    "202201",
                    65
                ]
            ],
            "rank_gap":-23
        },
        {
            "index":72,
            "아파트명":"평화맨션",
            "투자타입":"재건축",
            "전용면적(m2)":"67.5",
            "전용면적(평)":"20평",
            "법정동주소":"대전시 동구 가양동 443-2",
            "도로명주소":"대전시 동구 계족로382번길 125",
            "세대수":0,
            "입주년차":"--",
            "용적률점수":0,
            "건폐율점수":0,
            "세대당주차수":"--",
            "난방방식":"--",
            "공급면적":50,
            "전용률":100,
            "욕실수":"--",
            "현관타입":"--",
            "주거총점":7.5,
            "지역구공급총점":0.0,
            "역세권":0,
            "30분내 이동가능 거점":20,
            "1시간내 이동가능 거점":60,
            "교통총점":18.0,
            "백화점":0,
            "아울렛몰":0,
            "대형마트":100,
            "은행":0,
            "병원":0,
            "종합병원":100,
            "공원":100,
            "혐오시설":0,
            "인프라총점":38.0,
            "초등학군":90.0,
            "중학군":39.26,
            "학군총점":49.408,
            "인구수":23.68,
            "인구증감":2.48,
            "인구총점":17.32,
            "일자리":11.23,
            "소득수준":73.18,
            "일자리총점":29.815,
            "가치 총점":30.7974,
            "매매실거래년":20210911.0,
            "매매실거래가":25000.0,
            "전세실거래년":20211007.0,
            "전세실거래가":10000.0,
            "전세가율":43.48,
            "장기전세가율평균":70.6,
            "전세가율거품지수":27.12,
            "검색코드":106483,
            "세대수":60.0,
            "준공년월":"1986-03-26",
            "준공년차":37.0,
            "가까운역이름":"대동",
            "가까운역거리":1907.71,
            "역세권여부":"비역세권",
            "30분이내주요거점역":1,
            "30분거점역이름":"['대전']",
            "1시간이내주요거점역":6,
            "1시간거점역이름":"['대전', '유성온천', '시청', '반석', '정부청사', '탄방']",
            "3km이내백화점수":0,
            "5km이내아울렛몰수":0,
            "1km이내대형먀트수":2,
            "500m이내은행수":1,
            "500m이내병원수":0,
            "5km이내대형병원수":5,
            "500m이내공원수":6,
            "3km이내혐오시설수":0,
            "초등학교학업성취도":90.0,
            "중학교학업성취도":65.1,
            "용적률":0,
            "건폐율":0,
            "Y":36.346562,
            "X":127.439759,
            "rank":74.0,
            "area_info":"20평(67.5), 21평(70.2), 25평(84.21)",
            "last_sales":"2021-09-11,25000.0,21평(70.2)",
            "rank_history":[
                [
                    "202203",
                    74
                ],
                [
                    "202202",
                    9999
                ]
            ],
            "rank_gap":9999
        },
        {
            "index":20,
            "아파트명":"시영(예지)",
            "투자타입":"재건축",
            "전용면적(m2)":"57.99",
            "전용면적(평)":"17평",
            "법정동주소":"대전시 동구 가양동 36-1",
            "도로명주소":"대전시 동구 비래서로42번길 69",
            "세대수":0,
            "입주년차":"--",
            "용적률점수":0,
            "건폐율점수":0,
            "세대당주차수":"--",
            "난방방식":"--",
            "공급면적":50,
            "전용률":100,
            "욕실수":"--",
            "현관타입":"--",
            "주거총점":7.5,
            "지역구공급총점":0.0,
            "역세권":0,
            "30분내 이동가능 거점":20,
            "1시간내 이동가능 거점":60,
            "교통총점":18.0,
            "백화점":0,
            "아울렛몰":0,
            "대형마트":100,
            "은행":0,
            "병원":0,
            "종합병원":100,
            "공원":100,
            "혐오시설":0,
            "인프라총점":38.0,
            "초등학군":90.0,
            "중학군":39.26,
            "학군총점":49.408,
            "인구수":23.68,
            "인구증감":2.48,
            "인구총점":17.32,
            "일자리":11.23,
            "소득수준":73.18,
            "일자리총점":29.815,
            "가치 총점":30.7974,
            "매매실거래년":20211229.0,
            "매매실거래가":8300.0,
            "전세실거래년":20210928.0,
            "전세실거래가":6000.0,
            "전세가율":72.29,
            "장기전세가율평균":70.6,
            "전세가율거품지수":-1.69,
            "검색코드":17022,
            "세대수":60.0,
            "준공년월":"1982-05-24",
            "준공년차":41.0,
            "가까운역이름":"대동",
            "가까운역거리":2426.25,
            "역세권여부":"비역세권",
            "30분이내주요거점역":1,
            "30분거점역이름":"['대전']",
            "1시간이내주요거점역":6,
            "1시간거점역이름":"['대전', '유성온천', '시청', '반석', '정부청사', '탄방']",
            "3km이내백화점수":0,
            "5km이내아울렛몰수":0,
            "1km이내대형먀트수":2,
            "500m이내은행수":1,
            "500m이내병원수":0,
            "5km이내대형병원수":5,
            "500m이내공원수":3,
            "3km이내혐오시설수":0,
            "초등학교학업성취도":90.0,
            "중학교학업성취도":65.1,
            "용적률":0,
            "건폐율":0,
            "Y":36.35107,
            "X":127.44757,
            "rank":74.0,
            "area_info":"17평(57.99)",
            "last_sales":"2021-12-29,8300.0,17평(57.99)",
            "rank_history":[
                [
                    "202203",
                    74
                ],
                [
                    "202202",
                    9999
                ]
            ],
            "rank_gap":9999
        },
        {
            "index":270,
            "아파트명":"정원",
            "투자타입":"일반",
            "전용면적(m2)":"82.16",
            "전용면적(평)":"24평",
            "법정동주소":"대전시 동구 용운동 423-15",
            "도로명주소":"대전시 동구 용운로 124-4",
            "세대수":0,
            "입주년차":0,
            "용적률점수":"--",
            "건폐율점수":"--",
            "세대당주차수":0,
            "난방방식":30,
            "공급면적":"--",
            "전용률":"--",
            "욕실수":50,
            "현관타입":100,
            "주거총점":18.0,
            "지역구공급총점":0.0,
            "역세권":0,
            "30분내 이동가능 거점":20,
            "1시간내 이동가능 거점":60,
            "교통총점":18.0,
            "백화점":0,
            "아울렛몰":0,
            "대형마트":0,
            "은행":0,
            "병원":0,
            "종합병원":100,
            "공원":100,
            "혐오시설":0,
            "인프라총점":23.0,
            "초등학군":89.99,
            "중학군":46.6,
            "학군총점":55.278,
            "인구수":23.68,
            "인구증감":2.48,
            "인구총점":17.32,
            "일자리":11.23,
            "소득수준":73.18,
            "일자리총점":29.815,
            "가치 총점":30.6834,
            "매매실거래년":20211221.0,
            "매매실거래가":11900.0,
            "전세실거래년":20210630.0,
            "전세실거래가":10000.0,
            "전세가율":84.03,
            "장기전세가율평균":70.6,
            "전세가율거품지수":-13.43,
            "검색코드":12799,
            "세대수":89.0,
            "준공년월":"1997-04-30",
            "준공년차":26.0,
            "가까운역이름":"신흥",
            "가까운역거리":1085.42,
            "역세권여부":"비역세권",
            "30분이내주요거점역":1,
            "30분거점역이름":"['대전']",
            "1시간이내주요거점역":6,
            "1시간거점역이름":"['대전', '유성온천', '시청', '반석', '정부청사', '탄방']",
            "3km이내백화점수":0,
            "5km이내아울렛몰수":0,
            "1km이내대형먀트수":0,
            "500m이내은행수":0,
            "500m이내병원수":0,
            "5km이내대형병원수":4,
            "500m이내공원수":3,
            "3km이내혐오시설수":0,
            "초등학교학업성취도":89.99,
            "중학교학업성취도":76.0,
            "용적률":330,
            "건폐율":47,
            "Y":36.32767,
            "X":127.45572,
            "rank":75.0,
            "area_info":"24평(82.16), 31평(103.81)",
            "last_sales":"2021-12-21,11900.0,24평(82.16)",
            "rank_history":[
                [
                    "202203",
                    75
                ],
                [
                    "202202",
                    9999
                ]
            ],
            "rank_gap":9999
        },
        {
            "index":199,
            "아파트명":"삼성",
            "투자타입":"재건축",
            "전용면적(m2)":"70.71",
            "전용면적(평)":"21평",
            "법정동주소":"대전시 동구 삼성동 278-15",
            "도로명주소":"대전시 동구 선화로 183",
            "세대수":0,
            "입주년차":"--",
            "용적률점수":0,
            "건폐율점수":0,
            "세대당주차수":"--",
            "난방방식":"--",
            "공급면적":50,
            "전용률":100,
            "욕실수":"--",
            "현관타입":"--",
            "주거총점":7.5,
            "지역구공급총점":0.0,
            "역세권":0,
            "30분내 이동가능 거점":80,
            "1시간내 이동가능 거점":60,
            "교통총점":36.0,
            "백화점":0,
            "아울렛몰":0,
            "대형마트":0,
            "은행":70,
            "병원":0,
            "종합병원":100,
            "공원":0,
            "혐오시설":0,
            "인프라총점":27.0,
            "초등학군":90.01,
            "중학군":40.74,
            "학군총점":50.594,
            "인구수":23.68,
            "인구증감":2.48,
            "인구총점":17.32,
            "일자리":11.23,
            "소득수준":73.18,
            "일자리총점":29.815,
            "가치 총점":30.5532,
            "매매실거래년":20210120.0,
            "매매실거래가":31200.0,
            "전세실거래년":20191115.0,
            "전세실거래가":6000.0,
            "전세가율":27.27,
            "장기전세가율평균":70.6,
            "전세가율거품지수":43.33,
            "검색코드":14993,
            "세대수":85.0,
            "준공년월":"1977-12-24",
            "준공년차":46.0,
            "가까운역이름":"중구청",
            "가까운역거리":1145.55,
            "역세권여부":"비역세권",
            "30분이내주요거점역":4,
            "30분거점역이름":"['대전', '시청', '정부청사', '탄방']",
            "1시간이내주요거점역":6,
            "1시간거점역이름":"['대전', '유성온천', '시청', '반석', '정부청사', '탄방']",
            "3km이내백화점수":0,
            "5km이내아울렛몰수":0,
            "1km이내대형먀트수":0,
            "500m이내은행수":3,
            "500m이내병원수":0,
            "5km이내대형병원수":6,
            "500m이내공원수":0,
            "3km이내혐오시설수":0,
            "초등학교학업성취도":90.01,
            "중학교학업성취도":67.9,
            "용적률":0,
            "건폐율":0,
            "Y":36.33386,
            "X":127.425648,
            "rank":76.0,
            "area_info":"21평(70.71), 21평(70.7), 21평(70.55), 23평(76.46), 24평(79.86), 24평(81.95), 24평(81.94), 25평(83.83), 27평(91.21)",
            "last_sales":"2021-01-20,31200.0,27평(91.21)",
            "rank_history":[
                [
                    "202203",
                    76
                ],
                [
                    "202202",
                    9999
                ]
            ],
            "rank_gap":9999
        },
        {
            "index":42,
            "아파트명":"임광하이츠(1동)",
            "투자타입":"재건축",
            "전용면적(m2)":"79.26",
            "전용면적(평)":"23평",
            "법정동주소":"대전시 동구 가양동 29-3",
            "도로명주소":"대전시 동구 동서대로1778번길 48",
            "세대수":0,
            "입주년차":"--",
            "용적률점수":0,
            "건폐율점수":0,
            "세대당주차수":"--",
            "난방방식":"--",
            "공급면적":50,
            "전용률":80,
            "욕실수":"--",
            "현관타입":"--",
            "주거총점":6.5,
            "지역구공급총점":0.0,
            "역세권":0,
            "30분내 이동가능 거점":20,
            "1시간내 이동가능 거점":60,
            "교통총점":18.0,
            "백화점":0,
            "아울렛몰":0,
            "대형마트":100,
            "은행":0,
            "병원":0,
            "종합병원":100,
            "공원":100,
            "혐오시설":0,
            "인프라총점":38.0,
            "초등학군":90.0,
            "중학군":39.26,
            "학군총점":49.408,
            "인구수":23.68,
            "인구증감":2.48,
            "인구총점":17.32,
            "일자리":11.23,
            "소득수준":73.18,
            "일자리총점":29.815,
            "가치 총점":30.5474,
            "매매실거래년":20220110.0,
            "매매실거래가":10000.0,
            "전세실거래년":null,
            "전세실거래가":null,
            "전세가율":null,
            "장기전세가율평균":70.6,
            "전세가율거품지수":null,
            "검색코드":17023,
            "세대수":64.0,
            "준공년월":"1989-05-29",
            "준공년차":34.0,
            "가까운역이름":"대동",
            "가까운역거리":2613.54,
            "역세권여부":"비역세권",
            "30분이내주요거점역":1,
            "30분거점역이름":"['대전']",
            "1시간이내주요거점역":6,
            "1시간거점역이름":"['대전', '유성온천', '시청', '반석', '정부청사', '탄방']",
            "3km이내백화점수":0,
            "5km이내아울렛몰수":0,
            "1km이내대형먀트수":2,
            "500m이내은행수":1,
            "500m이내병원수":0,
            "5km이내대형병원수":5,
            "500m이내공원수":3,
            "3km이내혐오시설수":0,
            "초등학교학업성취도":90.0,
            "중학교학업성취도":65.1,
            "용적률":0,
            "건폐율":0,
            "Y":36.352877,
            "X":127.446756,
            "rank":77.0,
            "area_info":"23평(79.26), 25평(84.64), 25평(84.53), 26평(88.18), 27평(90.47), 28평(94.31)",
            "last_sales":"2022-01-10,10000.0,26평(88.18)",
            "rank_history":[
                [
                    "202203",
                    77
                ],
                [
                    "202202",
                    9999
                ]
            ],
            "rank_gap":9999
        },
        {
            "index":208,
            "아파트명":"솔랑마을",
            "투자타입":"일반",
            "전용면적(m2)":"76.41",
            "전용면적(평)":"23평",
            "법정동주소":"대전시 동구 삼성동 369-1",
            "도로명주소":"대전시 동구 대전로 968",
            "세대수":0,
            "입주년차":20,
            "용적률점수":"--",
            "건폐율점수":"--",
            "세대당주차수":0,
            "난방방식":30,
            "공급면적":"--",
            "전용률":"--",
            "욕실수":50,
            "현관타입":100,
            "주거총점":22.0,
            "지역구공급총점":0.0,
            "역세권":0,
            "30분내 이동가능 거점":20,
            "1시간내 이동가능 거점":60,
            "교통총점":18.0,
            "백화점":0,
            "아울렛몰":0,
            "대형마트":0,
            "은행":0,
            "병원":0,
            "종합병원":100,
            "공원":100,
            "혐오시설":0,
            "인프라총점":23.0,
            "초등학군":90.0,
            "중학군":41.52,
            "학군총점":51.216,
            "인구수":23.68,
            "인구증감":2.48,
            "인구총점":17.32,
            "일자리":11.23,
            "소득수준":73.18,
            "일자리총점":29.815,
            "가치 총점":30.4648,
            "매매실거래년":20220224.0,
            "매매실거래가":28000.0,
            "전세실거래년":20211001.0,
            "전세실거래가":16000.0,
            "전세가율":80.0,
            "장기전세가율평균":70.6,
            "전세가율거품지수":-9.4,
            "검색코드":14583,
            "세대수":253.0,
            "준공년월":"2000-01-17",
            "준공년차":23.0,
            "가까운역이름":"중구청",
            "가까운역거리":2068.41,
            "역세권여부":"비역세권",
            "30분이내주요거점역":1,
            "30분거점역이름":"['대전']",
            "1시간이내주요거점역":6,
            "1시간거점역이름":"['대전', '유성온천', '시청', '반석', '정부청사', '탄방']",
            "3km이내백화점수":0,
            "5km이내아울렛몰수":0,
            "1km이내대형먀트수":0,
            "500m이내은행수":0,
            "500m이내병원수":0,
            "5km이내대형병원수":6,
            "500m이내공원수":6,
            "3km이내혐오시설수":0,
            "초등학교학업성취도":90.0,
            "중학교학업성취도":69.2,
            "용적률":302,
            "건폐율":26,
            "Y":36.343141,
            "X":127.42343,
            "rank":78.0,
            "area_info":"23평(76.41), 23평(77.15), 32평(108.32), 33평(110.58)",
            "last_sales":"2022-02-24,28000.0,33평(110.58)",
            "rank_history":[
                [
                    "202203",
                    78
                ],
                [
                    "202202",
                    64
                ],
                [
                    "202201",
                    64
                ]
            ],
            "rank_gap":-14
        },
        {
            "index":189,
            "아파트명":"대청",
            "투자타입":"재건축",
            "전용면적(m2)":"74.42",
            "전용면적(평)":"22평",
            "법정동주소":"대전시 동구 삼성동 302-94",
            "도로명주소":"대전시 동구 대전로906번길 86-1",
            "세대수":0,
            "입주년차":"--",
            "용적률점수":0,
            "건폐율점수":0,
            "세대당주차수":"--",
            "난방방식":"--",
            "공급면적":50,
            "전용률":60,
            "욕실수":"--",
            "현관타입":"--",
            "주거총점":5.5,
            "지역구공급총점":0.0,
            "역세권":0,
            "30분내 이동가능 거점":20,
            "1시간내 이동가능 거점":60,
            "교통총점":18.0,
            "백화점":0,
            "아울렛몰":0,
            "대형마트":0,
            "은행":0,
            "병원":0,
            "종합병원":100,
            "공원":100,
            "혐오시설":0,
            "인프라총점":23.0,
            "초등학군":89.96,
            "중학군":57.18,
            "학군총점":63.736,
            "인구수":23.68,
            "인구증감":2.48,
            "인구총점":17.32,
            "일자리":11.23,
            "소득수준":73.18,
            "일자리총점":29.815,
            "가치 총점":30.0958,
            "매매실거래년":20211012.0,
            "매매실거래가":8500.0,
            "전세실거래년":20220215.0,
            "전세실거래가":7500.0,
            "전세가율":88.24,
            "장기전세가율평균":70.6,
            "전세가율거품지수":-17.64,
            "검색코드":100957,
            "세대수":90.0,
            "준공년월":"1985-12-17",
            "준공년차":38.0,
            "가까운역이름":"대동",
            "가까운역거리":1899.59,
            "역세권여부":"비역세권",
            "30분이내주요거점역":1,
            "30분거점역이름":"['대전']",
            "1시간이내주요거점역":6,
            "1시간거점역이름":"['대전', '유성온천', '시청', '반석', '정부청사', '탄방']",
            "3km이내백화점수":0,
            "5km이내아울렛몰수":0,
            "1km이내대형먀트수":0,
            "500m이내은행수":0,
            "500m이내병원수":0,
            "5km이내대형병원수":6,
            "500m이내공원수":3,
            "3km이내혐오시설수":0,
            "초등학교학업성취도":89.96,
            "중학교학업성취도":95.3,
            "용적률":0,
            "건폐율":0,
            "Y":36.341095,
            "X":127.427166,
            "rank":79.0,
            "area_info":"22평(74.42), 22평(74.17)",
            "last_sales":"2021-10-12,8500.0,22평(74.42)",
            "rank_history":[
                [
                    "202203",
                    79
                ],
                [
                    "202202",
                    9999
                ]
            ],
            "rank_gap":9999
        },
        {
            "index":55,
            "아파트명":"큰솔",
            "투자타입":"일반",
            "전용면적(m2)":"26.57",
            "전용면적(평)":"8평",
            "법정동주소":"대전시 동구 가양동 162-11",
            "도로명주소":"대전시 동구 충정로18번길 60",
            "세대수":0,
            "입주년차":20,
            "용적률점수":"--",
            "건폐율점수":"--",
            "세대당주차수":0,
            "난방방식":30,
            "공급면적":"--",
            "전용률":"--",
            "욕실수":50,
            "현관타입":100,
            "주거총점":22.0,
            "지역구공급총점":0.0,
            "역세권":0,
            "30분내 이동가능 거점":20,
            "1시간내 이동가능 거점":50,
            "교통총점":16.0,
            "백화점":0,
            "아울렛몰":0,
            "대형마트":0,
            "은행":0,
            "병원":0,
            "종합병원":100,
            "공원":100,
            "혐오시설":0,
            "인프라총점":23.0,
            "초등학군":89.99,
            "중학군":39.26,
            "학군총점":49.406,
            "인구수":23.68,
            "인구증감":2.48,
            "인구총점":17.32,
            "일자리":11.23,
            "소득수준":73.18,
            "일자리총점":29.815,
            "가치 총점":29.6218,
            "매매실거래년":20210612.0,
            "매매실거래가":6800.0,
            "전세실거래년":20210901.0,
            "전세실거래가":4000.0,
            "전세가율":133.33,
            "장기전세가율평균":70.6,
            "전세가율거품지수":-62.73,
            "검색코드":104061,
            "세대수":259.0,
            "준공년월":"2002-07-31",
            "준공년차":21.0,
            "가까운역이름":"대동",
            "가까운역거리":2069.71,
            "역세권여부":"비역세권",
            "30분이내주요거점역":1,
            "30분거점역이름":"['대전']",
            "1시간이내주요거점역":5,
            "1시간거점역이름":"['대전', '유성온천', '시청', '정부청사', '탄방']",
            "3km이내백화점수":0,
            "5km이내아울렛몰수":0,
            "1km이내대형먀트수":0,
            "500m이내은행수":0,
            "500m이내병원수":0,
            "5km이내대형병원수":5,
            "500m이내공원수":3,
            "3km이내혐오시설수":0,
            "초등학교학업성취도":89.99,
            "중학교학업성취도":65.1,
            "용적률":0,
            "건폐율":0,
            "Y":36.347047,
            "X":127.450841,
            "rank":80.0,
            "area_info":"8평(26.57), 9평(32.42), 10평(33.32), 10평(34.4), 10평(35.45), 13평(43.28), 13평(44.48), 13평(45.56), 13평(45.58)",
            "last_sales":"2021-06-12,6800.0,13평(45.58)",
            "rank_history":[
                [
                    "202203",
                    80
                ],
                [
                    "202202",
                    65
                ],
                [
                    "202201",
                    58
                ]
            ],
            "rank_gap":-15
        },
        {
            "index":35,
            "아파트명":"안전로얄",
            "투자타입":"재건축",
            "전용면적(m2)":"38.06",
            "전용면적(평)":"11평",
            "법정동주소":"대전시 동구 가양동 292-6",
            "도로명주소":"대전시 동구 가양로68번길 17",
            "세대수":0,
            "입주년차":"--",
            "용적률점수":0,
            "건폐율점수":0,
            "세대당주차수":"--",
            "난방방식":"--",
            "공급면적":50,
            "전용률":60,
            "욕실수":"--",
            "현관타입":"--",
            "주거총점":5.5,
            "지역구공급총점":0.0,
            "역세권":0,
            "30분내 이동가능 거점":20,
            "1시간내 이동가능 거점":60,
            "교통총점":18.0,
            "백화점":0,
            "아울렛몰":0,
            "대형마트":80,
            "은행":0,
            "병원":0,
            "종합병원":100,
            "공원":0,
            "혐오시설":0,
            "인프라총점":32.0,
            "초등학군":90.0,
            "중학군":43.2,
            "학군총점":52.56,
            "인구수":23.68,
            "인구증감":2.48,
            "인구총점":17.32,
            "일자리":11.23,
            "소득수준":73.18,
            "일자리총점":29.815,
            "가치 총점":29.443,
            "매매실거래년":20220128.0,
            "매매실거래가":4400.0,
            "전세실거래년":20211030.0,
            "전세실거래가":2500.0,
            "전세가율":56.82,
            "장기전세가율평균":70.6,
            "전세가율거품지수":13.78,
            "검색코드":9444,
            "세대수":55.0,
            "준공년월":"1987-04-30",
            "준공년차":36.0,
            "가까운역이름":"대동",
            "가까운역거리":1509.73,
            "역세권여부":"비역세권",
            "30분이내주요거점역":1,
            "30분거점역이름":"['대전']",
            "1시간이내주요거점역":6,
            "1시간거점역이름":"['대전', '유성온천', '시청', '반석', '정부청사', '탄방']",
            "3km이내백화점수":0,
            "5km이내아울렛몰수":0,
            "1km이내대형먀트수":1,
            "500m이내은행수":1,
            "500m이내병원수":0,
            "5km이내대형병원수":5,
            "500m이내공원수":0,
            "3km이내혐오시설수":0,
            "초등학교학업성취도":90.0,
            "중학교학업성취도":72.0,
            "용적률":0,
            "건폐율":0,
            "Y":36.343162,
            "X":127.443048,
            "rank":81.0,
            "area_info":"11평(38.06)",
            "last_sales":"2022-01-28,4400.0,11평(38.06)",
            "rank_history":[
                [
                    "202203",
                    81
                ],
                [
                    "202202",
                    9999
                ]
            ],
            "rank_gap":9999
        },
        {
            "index":196,
            "아파트명":"빌라맨션",
            "투자타입":"재건축",
            "전용면적(m2)":"147.44",
            "전용면적(평)":"44평",
            "법정동주소":"대전시 동구 삼성동 279-1",
            "도로명주소":"대전시 동구 대전천동로 618",
            "세대수":0,
            "입주년차":"--",
            "용적률점수":0,
            "건폐율점수":0,
            "세대당주차수":"--",
            "난방방식":"--",
            "공급면적":100,
            "전용률":100,
            "욕실수":"--",
            "현관타입":"--",
            "주거총점":10.0,
            "지역구공급총점":0.0,
            "역세권":0,
            "30분내 이동가능 거점":80,
            "1시간내 이동가능 거점":60,
            "교통총점":36.0,
            "백화점":0,
            "아울렛몰":0,
            "대형마트":0,
            "은행":0,
            "병원":0,
            "종합병원":100,
            "공원":0,
            "혐오시설":0,
            "인프라총점":20.0,
            "초등학군":90.01,
            "중학군":40.74,
            "학군총점":50.594,
            "인구수":23.68,
            "인구증감":2.48,
            "인구총점":17.32,
            "일자리":11.23,
            "소득수준":73.18,
            "일자리총점":29.815,
            "가치 총점":29.0782,
            "매매실거래년":20210529.0,
            "매매실거래가":55000.0,
            "전세실거래년":20210513.0,
            "전세실거래가":5000.0,
            "전세가율":12.5,
            "장기전세가율평균":70.6,
            "전세가율거품지수":58.1,
            "검색코드":14581,
            "세대수":120.0,
            "준공년월":"1980-12-19",
            "준공년차":43.0,
            "가까운역이름":"중구청",
            "가까운역거리":1177.0,
            "역세권여부":"비역세권",
            "30분이내주요거점역":4,
            "30분거점역이름":"['대전', '시청', '정부청사', '탄방']",
            "1시간이내주요거점역":6,
            "1시간거점역이름":"['대전', '유성온천', '시청', '반석', '정부청사', '탄방']",
            "3km이내백화점수":0,
            "5km이내아울렛몰수":0,
            "1km이내대형먀트수":0,
            "500m이내은행수":0,
            "500m이내병원수":0,
            "5km이내대형병원수":6,
            "500m이내공원수":0,
            "3km이내혐오시설수":0,
            "초등학교학업성취도":90.01,
            "중학교학업성취도":67.9,
            "용적률":0,
            "건폐율":0,
            "Y":36.334416,
            "X":127.425054,
            "rank":82.0,
            "area_info":"44평(147.44), 48평(161.31), 53평(177.86)",
            "last_sales":"2021-05-29,55000.0,53평(177.86)",
            "rank_history":[
                [
                    "202203",
                    82
                ],
                [
                    "202202",
                    63
                ],
                [
                    "202201",
                    72
                ]
            ],
            "rank_gap":-19
        },
        {
            "index":64,
            "아파트명":"평화",
            "투자타입":"일반",
            "전용면적(m2)":"81.29",
            "전용면적(평)":"24평",
            "법정동주소":"대전시 동구 가양동 46-2",
            "도로명주소":"대전시 동구 비래서로62번길 5",
            "세대수":0,
            "입주년차":0,
            "용적률점수":"--",
            "건폐율점수":"--",
            "세대당주차수":0,
            "난방방식":30,
            "공급면적":"--",
            "전용률":"--",
            "욕실수":50,
            "현관타입":100,
            "주거총점":18.0,
            "지역구공급총점":0.0,
            "역세권":0,
            "30분내 이동가능 거점":20,
            "1시간내 이동가능 거점":50,
            "교통총점":16.0,
            "백화점":0,
            "아울렛몰":0,
            "대형마트":0,
            "은행":0,
            "병원":0,
            "종합병원":100,
            "공원":100,
            "혐오시설":0,
            "인프라총점":23.0,
            "초등학군":90.0,
            "중학군":39.26,
            "학군총점":49.408,
            "인구수":23.68,
            "인구증감":2.48,
            "인구총점":17.32,
            "일자리":11.23,
            "소득수준":73.18,
            "일자리총점":29.815,
            "가치 총점":28.6224,
            "매매실거래년":20210917.0,
            "매매실거래가":17500.0,
            "전세실거래년":20121001.0,
            "전세실거래가":8000.0,
            "전세가율":64.0,
            "장기전세가율평균":70.6,
            "전세가율거품지수":6.6,
            "검색코드":14567,
            "세대수":129.0,
            "준공년월":"1994-09-05",
            "준공년차":29.0,
            "가까운역이름":"대동",
            "가까운역거리":2809.78,
            "역세권여부":"비역세권",
            "30분이내주요거점역":1,
            "30분거점역이름":"['대전']",
            "1시간이내주요거점역":5,
            "1시간거점역이름":"['대전', '유성온천', '시청', '정부청사', '탄방']",
            "3km이내백화점수":0,
            "5km이내아울렛몰수":0,
            "1km이내대형먀트수":0,
            "500m이내은행수":1,
            "500m이내병원수":0,
            "5km이내대형병원수":4,
            "500m이내공원수":3,
            "3km이내혐오시설수":0,
            "초등학교학업성취도":90.0,
            "중학교학업성취도":65.1,
            "용적률":276,
            "건폐율":25,
            "Y":36.35387,
            "X":127.45151,
            "rank":83.0,
            "area_info":"24평(81.29), 28평(92.62), 33평(110.76)",
            "last_sales":"2021-09-17,17500.0,33평(110.76)",
            "rank_history":[
                [
                    "202203",
                    83
                ],
                [
                    "202202",
                    66
                ],
                [
                    "202201",
                    67
                ]
            ],
            "rank_gap":-17
        },
        {
            "index":254,
            "아파트명":"삼정하이츠타운",
            "투자타입":"재건축",
            "전용면적(m2)":"66.31",
            "전용면적(평)":"20평",
            "법정동주소":"대전시 동구 용운동 363",
            "도로명주소":"대전시 동구 동부로73번길 95",
            "세대수":30,
            "입주년차":"--",
            "용적률점수":0,
            "건폐율점수":0,
            "세대당주차수":"--",
            "난방방식":"--",
            "공급면적":50,
            "전용률":80,
            "욕실수":"--",
            "현관타입":"--",
            "주거총점":15.5,
            "지역구공급총점":0.0,
            "역세권":0,
            "30분내 이동가능 거점":20,
            "1시간내 이동가능 거점":60,
            "교통총점":18.0,
            "백화점":0,
            "아울렛몰":0,
            "대형마트":0,
            "은행":0,
            "병원":0,
            "종합병원":100,
            "공원":100,
            "혐오시설":0,
            "인프라총점":23.0,
            "초등학군":89.98,
            "중학군":39.54,
            "학군총점":49.628,
            "인구수":23.68,
            "인구증감":2.48,
            "인구총점":17.32,
            "일자리":11.23,
            "소득수준":73.18,
            "일자리총점":29.815,
            "가치 총점":28.3634,
            "매매실거래년":20220118.0,
            "매매실거래가":14000.0,
            "전세실거래년":20220115.0,
            "전세실거래가":11000.0,
            "전세가율":78.57,
            "장기전세가율평균":70.6,
            "전세가율거품지수":-7.97,
            "검색코드":10709,
            "세대수":360.0,
            "준공년월":"1990-07-31",
            "준공년차":33.0,
            "가까운역이름":"판암",
            "가까운역거리":1057.16,
            "역세권여부":"비역세권",
            "30분이내주요거점역":1,
            "30분거점역이름":"['대전']",
            "1시간이내주요거점역":6,
            "1시간거점역이름":"['대전', '유성온천', '시청', '반석', '정부청사', '탄방']",
            "3km이내백화점수":0,
            "5km이내아울렛몰수":0,
            "1km이내대형먀트수":0,
            "500m이내은행수":0,
            "500m이내병원수":0,
            "5km이내대형병원수":4,
            "500m이내공원수":6,
            "3km이내혐오시설수":0,
            "초등학교학업성취도":89.98,
            "중학교학업성취도":65.9,
            "용적률":0,
            "건폐율":0,
            "Y":36.326458,
            "X":127.45788,
            "rank":84.0,
            "area_info":"20평(66.31), 25평(84.45), 29평(97.77)",
            "last_sales":"2022-01-18,14000.0,20평(66.31)",
            "rank_history":[
                [
                    "202203",
                    84
                ],
                [
                    "202202",
                    67
                ],
                [
                    "202201",
                    49
                ]
            ],
            "rank_gap":-17
        },
        {
            "index":251,
            "아파트명":"복음타운",
            "투자타입":"일반",
            "전용면적(m2)":"74.13",
            "전용면적(평)":"22평",
            "법정동주소":"대전시 동구 용운동 274-1",
            "도로명주소":"대전시 동구 동부로 170",
            "세대수":0,
            "입주년차":0,
            "용적률점수":"--",
            "건폐율점수":"--",
            "세대당주차수":0,
            "난방방식":30,
            "공급면적":"--",
            "전용률":"--",
            "욕실수":50,
            "현관타입":100,
            "주거총점":18.0,
            "지역구공급총점":0.0,
            "역세권":0,
            "30분내 이동가능 거점":0,
            "1시간내 이동가능 거점":50,
            "교통총점":10.0,
            "백화점":0,
            "아울렛몰":0,
            "대형마트":0,
            "은행":0,
            "병원":0,
            "종합병원":100,
            "공원":100,
            "혐오시설":0,
            "인프라총점":23.0,
            "초등학군":90.03,
            "중학군":39.54,
            "학군총점":49.638,
            "인구수":23.68,
            "인구증감":2.48,
            "인구총점":17.32,
            "일자리":11.23,
            "소득수준":73.18,
            "일자리총점":29.815,
            "가치 총점":27.7914,
            "매매실거래년":"18000101",
            "매매실거래가":null,
            "전세실거래년":null,
            "전세실거래가":null,
            "전세가율":null,
            "장기전세가율평균":70.6,
            "전세가율거품지수":null,
            "검색코드":12801,
            "세대수":80.0,
            "준공년월":"1995-02-28",
            "준공년차":28.0,
            "가까운역이름":"판암",
            "가까운역거리":1497.99,
            "역세권여부":"비역세권",
            "30분이내주요거점역":0,
            "30분거점역이름":"[]",
            "1시간이내주요거점역":5,
            "1시간거점역이름":"['대전', '유성온천', '시청', '정부청사', '탄방']",
            "3km이내백화점수":0,
            "5km이내아울렛몰수":0,
            "1km이내대형먀트수":0,
            "500m이내은행수":0,
            "500m이내병원수":0,
            "5km이내대형병원수":3,
            "500m이내공원수":3,
            "3km이내혐오시설수":0,
            "초등학교학업성취도":90.03,
            "중학교학업성취도":65.9,
            "용적률":0,
            "건폐율":0,
            "Y":36.328241,
            "X":127.467569,
            "rank":85.0,
            "area_info":"22평(74.13), 23평(76.07), 31평(102.48)",
            "last_sales":"1800-01-01,nan,22평(74.13)",
            "rank_history":[
                [
                    "202203",
                    85
                ],
                [
                    "202202",
                    9999
                ]
            ],
            "rank_gap":9999
        },
        {
            "index":457,
            "아파트명":"현암",
            "투자타입":"일반",
            "전용면적(m2)":"76.76",
            "전용면적(평)":"23평",
            "법정동주소":"대전시 동구 홍도동 16-1",
            "도로명주소":"대전시 동구 대전로994번길 75",
            "세대수":0,
            "입주년차":0,
            "용적률점수":"--",
            "건폐율점수":"--",
            "세대당주차수":0,
            "난방방식":30,
            "공급면적":"--",
            "전용률":"--",
            "욕실수":50,
            "현관타입":10,
            "주거총점":9.0,
            "지역구공급총점":0.0,
            "역세권":0,
            "30분내 이동가능 거점":20,
            "1시간내 이동가능 거점":60,
            "교통총점":18.0,
            "백화점":0,
            "아울렛몰":0,
            "대형마트":0,
            "은행":0,
            "병원":0,
            "종합병원":100,
            "공원":100,
            "혐오시설":0,
            "인프라총점":23.0,
            "초등학군":90.0,
            "중학군":41.52,
            "학군총점":51.216,
            "인구수":23.68,
            "인구증감":2.48,
            "인구총점":17.32,
            "일자리":11.23,
            "소득수준":73.18,
            "일자리총점":29.815,
            "가치 총점":27.2148,
            "매매실거래년":20211230.0,
            "매매실거래가":15000.0,
            "전세실거래년":20211204.0,
            "전세실거래가":9000.0,
            "전세가율":67.67,
            "장기전세가율평균":70.6,
            "전세가율거품지수":2.93,
            "검색코드":5725,
            "세대수":207.0,
            "준공년월":"1995-09-28",
            "준공년차":28.0,
            "가까운역이름":"중구청",
            "가까운역거리":2196.53,
            "역세권여부":"비역세권",
            "30분이내주요거점역":1,
            "30분거점역이름":"['대전']",
            "1시간이내주요거점역":6,
            "1시간거점역이름":"['대전', '유성온천', '시청', '반석', '정부청사', '탄방']",
            "3km이내백화점수":0,
            "5km이내아울렛몰수":0,
            "1km이내대형먀트수":0,
            "500m이내은행수":1,
            "500m이내병원수":0,
            "5km이내대형병원수":6,
            "500m이내공원수":6,
            "3km이내혐오시설수":0,
            "초등학교학업성취도":90.0,
            "중학교학업성취도":69.2,
            "용적률":228,
            "건폐율":23,
            "Y":36.344042,
            "X":127.425117,
            "rank":86.0,
            "area_info":"23평(76.76), 24평(79.88), 27평(91.32)",
            "last_sales":"2021-12-30,15000.0,27평(91.32)",
            "rank_history":[
                [
                    "202203",
                    86
                ],
                [
                    "202202",
                    68
                ],
                [
                    "202201",
                    68
                ]
            ],
            "rank_gap":-18
        },
        {
            "index":442,
            "아파트명":"경성1차",
            "투자타입":"재건축",
            "전용면적(m2)":"112.86",
            "전용면적(평)":"34평",
            "법정동주소":"대전시 동구 홍도동 23-1",
            "도로명주소":"대전시 동구 동산초교로23번길 15",
            "세대수":0,
            "입주년차":"--",
            "용적률점수":0,
            "건폐율점수":0,
            "세대당주차수":"--",
            "난방방식":"--",
            "공급면적":90,
            "전용률":60,
            "욕실수":"--",
            "현관타입":"--",
            "주거총점":7.5,
            "지역구공급총점":0.0,
            "역세권":0,
            "30분내 이동가능 거점":20,
            "1시간내 이동가능 거점":60,
            "교통총점":18.0,
            "백화점":0,
            "아울렛몰":0,
            "대형마트":0,
            "은행":0,
            "병원":0,
            "종합병원":100,
            "공원":100,
            "혐오시설":0,
            "인프라총점":23.0,
            "초등학군":89.96,
            "중학군":41.52,
            "학군총점":51.208,
            "인구수":23.68,
            "인구증감":2.48,
            "인구총점":17.32,
            "일자리":11.23,
            "소득수준":73.18,
            "일자리총점":29.815,
            "가치 총점":26.8374,
            "매매실거래년":20220225.0,
            "매매실거래가":16000.0,
            "전세실거래년":20220203.0,
            "전세실거래가":15000.0,
            "전세가율":93.75,
            "장기전세가율평균":70.6,
            "전세가율거품지수":-23.15,
            "검색코드":14587,
            "세대수":152.0,
            "준공년월":"1985-06-21",
            "준공년차":38.0,
            "가까운역이름":"대동",
            "가까운역거리":2404.29,
            "역세권여부":"비역세권",
            "30분이내주요거점역":1,
            "30분거점역이름":"['대전']",
            "1시간이내주요거점역":6,
            "1시간거점역이름":"['대전', '유성온천', '시청', '반석', '정부청사', '탄방']",
            "3km이내백화점수":0,
            "5km이내아울렛몰수":0,
            "1km이내대형먀트수":0,
            "500m이내은행수":1,
            "500m이내병원수":0,
            "5km이내대형병원수":6,
            "500m이내공원수":6,
            "3km이내혐오시설수":0,
            "초등학교학업성취도":89.96,
            "중학교학업성취도":69.2,
            "용적률":0,
            "건폐율":0,
            "Y":36.346026,
            "X":127.425403,
            "rank":87.0,
            "area_info":"34평(112.86), 36평(121.14)",
            "last_sales":"2022-02-25,16000.0,34평(112.86)",
            "rank_history":[
                [
                    "202203",
                    87
                ],
                [
                    "202202",
                    69
                ],
                [
                    "202201",
                    71
                ]
            ],
            "rank_gap":-18
        },
        {
            "index":67,
            "아파트명":"평화(169-4)",
            "투자타입":"재건축",
            "전용면적(m2)":"82.25",
            "전용면적(평)":"24평",
            "법정동주소":"대전시 동구 가양동 169-4",
            "도로명주소":"대전시 동구 동대전로256번길 74",
            "세대수":0,
            "입주년차":"--",
            "용적률점수":0,
            "건폐율점수":0,
            "세대당주차수":"--",
            "난방방식":"--",
            "공급면적":70,
            "전용률":80,
            "욕실수":"--",
            "현관타입":"--",
            "주거총점":7.5,
            "지역구공급총점":0.0,
            "역세권":0,
            "30분내 이동가능 거점":20,
            "1시간내 이동가능 거점":60,
            "교통총점":18.0,
            "백화점":0,
            "아울렛몰":0,
            "대형마트":0,
            "은행":0,
            "병원":0,
            "종합병원":100,
            "공원":100,
            "혐오시설":0,
            "인프라총점":23.0,
            "초등학군":89.99,
            "중학군":39.84,
            "학군총점":49.87,
            "인구수":23.68,
            "인구증감":2.48,
            "인구총점":17.32,
            "일자리":11.23,
            "소득수준":73.18,
            "일자리총점":29.815,
            "가치 총점":26.436,
            "매매실거래년":20211006.0,
            "매매실거래가":10500.0,
            "전세실거래년":20190218.0,
            "전세실거래가":8000.0,
            "전세가율":64.52,
            "장기전세가율평균":70.6,
            "전세가율거품지수":6.08,
            "검색코드":105635,
            "세대수":55.0,
            "준공년월":"1990-03-17",
            "준공년차":33.0,
            "가까운역이름":"대동",
            "가까운역거리":1892.7,
            "역세권여부":"비역세권",
            "30분이내주요거점역":1,
            "30분거점역이름":"['대전']",
            "1시간이내주요거점역":6,
            "1시간거점역이름":"['대전', '유성온천', '시청', '반석', '정부청사', '탄방']",
            "3km이내백화점수":0,
            "5km이내아울렛몰수":0,
            "1km이내대형먀트수":0,
            "500m이내은행수":0,
            "500m이내병원수":0,
            "5km이내대형병원수":5,
            "500m이내공원수":3,
            "3km이내혐오시설수":0,
            "초등학교학업성취도":89.99,
            "중학교학업성취도":66.4,
            "용적률":0,
            "건폐율":0,
            "Y":36.345512,
            "X":127.450295,
            "rank":88.0,
            "area_info":"24평(82.25), 25평(83.1), 28평(94.75), 29평(96.55), 31평(103.53)",
            "last_sales":"2021-10-06,10500.0,25평(83.1)",
            "rank_history":[
                [
                    "202203",
                    88
                ],
                [
                    "202202",
                    9999
                ]
            ],
            "rank_gap":9999
        },
        {
            "index":377,
            "아파트명":"삼창",
            "투자타입":"재건축",
            "전용면적(m2)":"73.79",
            "전용면적(평)":"22평",
            "법정동주소":"대전시 동구 자양동 86-2",
            "도로명주소":"대전시 동구 성동로7번길 58-10",
            "세대수":0,
            "입주년차":"--",
            "용적률점수":0,
            "건폐율점수":0,
            "세대당주차수":"--",
            "난방방식":"--",
            "공급면적":50,
            "전용률":80,
            "욕실수":"--",
            "현관타입":"--",
            "주거총점":6.5,
            "지역구공급총점":0.0,
            "역세권":0,
            "30분내 이동가능 거점":20,
            "1시간내 이동가능 거점":60,
            "교통총점":18.0,
            "백화점":0,
            "아울렛몰":0,
            "대형마트":0,
            "은행":0,
            "병원":0,
            "종합병원":100,
            "공원":100,
            "혐오시설":0,
            "인프라총점":23.0,
            "초등학군":89.98,
            "중학군":39.84,
            "학군총점":49.868,
            "인구수":23.68,
            "인구증감":2.48,
            "인구총점":17.32,
            "일자리":11.23,
            "소득수준":73.18,
            "일자리총점":29.815,
            "가치 총점":26.1854,
            "매매실거래년":20210630.0,
            "매매실거래가":7500.0,
            "전세실거래년":20210717.0,
            "전세실거래가":5500.0,
            "전세가율":73.33,
            "장기전세가율평균":70.6,
            "전세가율거품지수":-2.73,
            "검색코드":115503,
            "세대수":75.0,
            "준공년월":"1989-10-31",
            "준공년차":34.0,
            "가까운역이름":"대동",
            "가까운역거리":1328.73,
            "역세권여부":"비역세권",
            "30분이내주요거점역":1,
            "30분거점역이름":"['대전']",
            "1시간이내주요거점역":6,
            "1시간거점역이름":"['대전', '유성온천', '시청', '반석', '정부청사', '탄방']",
            "3km이내백화점수":0,
            "5km이내아울렛몰수":0,
            "1km이내대형먀트수":0,
            "500m이내은행수":0,
            "500m이내병원수":0,
            "5km이내대형병원수":5,
            "500m이내공원수":6,
            "3km이내혐오시설수":0,
            "초등학교학업성취도":89.98,
            "중학교학업성취도":66.4,
            "용적률":0,
            "건폐율":0,
            "Y":36.339161,
            "X":127.451712,
            "rank":89.0,
            "area_info":"22평(73.79), 26평(87.56), 29평(97.38)",
            "last_sales":"2021-06-30,7500.0,22평(73.79)",
            "rank_history":[
                [
                    "202203",
                    89
                ],
                [
                    "202202",
                    9999
                ]
            ],
            "rank_gap":9999
        },
        {
            "index":380,
            "아파트명":"임광",
            "투자타입":"재건축",
            "전용면적(m2)":"62.82",
            "전용면적(평)":"19평",
            "법정동주소":"대전시 동구 자양동 83-6",
            "도로명주소":"대전시 동구 성동로7번길 58-11",
            "세대수":0,
            "입주년차":"--",
            "용적률점수":0,
            "건폐율점수":0,
            "세대당주차수":"--",
            "난방방식":"--",
            "공급면적":50,
            "전용률":80,
            "욕실수":"--",
            "현관타입":"--",
            "주거총점":6.5,
            "지역구공급총점":0.0,
            "역세권":0,
            "30분내 이동가능 거점":20,
            "1시간내 이동가능 거점":60,
            "교통총점":18.0,
            "백화점":0,
            "아울렛몰":0,
            "대형마트":0,
            "은행":0,
            "병원":0,
            "종합병원":100,
            "공원":100,
            "혐오시설":0,
            "인프라총점":23.0,
            "초등학군":89.98,
            "중학군":39.84,
            "학군총점":49.868,
            "인구수":23.68,
            "인구증감":2.48,
            "인구총점":17.32,
            "일자리":11.23,
            "소득수준":73.18,
            "일자리총점":29.815,
            "가치 총점":26.1854,
            "매매실거래년":20220106.0,
            "매매실거래가":10500.0,
            "전세실거래년":20210419.0,
            "전세실거래가":8500.0,
            "전세가율":154.55,
            "장기전세가율평균":70.6,
            "전세가율거품지수":-83.95,
            "검색코드":113249,
            "세대수":87.0,
            "준공년월":"1990-03-28",
            "준공년차":33.0,
            "가까운역이름":"대동",
            "가까운역거리":1374.19,
            "역세권여부":"비역세권",
            "30분이내주요거점역":1,
            "30분거점역이름":"['대전']",
            "1시간이내주요거점역":6,
            "1시간거점역이름":"['대전', '유성온천', '시청', '반석', '정부청사', '탄방']",
            "3km이내백화점수":0,
            "5km이내아울렛몰수":0,
            "1km이내대형먀트수":0,
            "500m이내은행수":0,
            "500m이내병원수":0,
            "5km이내대형병원수":5,
            "500m이내공원수":9,
            "3km이내혐오시설수":0,
            "초등학교학업성취도":89.98,
            "중학교학업성취도":66.4,
            "용적률":0,
            "건폐율":0,
            "Y":36.340009,
            "X":127.45108,
            "rank":89.0,
            "area_info":"19평(62.82), 25평(85.03), 26평(88.58), 28평(94.24), 28평(95.83)",
            "last_sales":"2022-01-06,10500.0,26평(88.58)",
            "rank_history":[
                [
                    "202203",
                    89
                ],
                [
                    "202202",
                    9999
                ]
            ],
            "rank_gap":9999
        },
        {
            "index":19,
            "아파트명":"시영(수정)",
            "투자타입":"재건축",
            "전용면적(m2)":"58.92",
            "전용면적(평)":"17평",
            "법정동주소":"대전시 동구 가양동 43-1",
            "도로명주소":"대전시 동구 비래서로62번길 57",
            "세대수":0,
            "입주년차":"--",
            "용적률점수":0,
            "건폐율점수":0,
            "세대당주차수":"--",
            "난방방식":"--",
            "공급면적":50,
            "전용률":100,
            "욕실수":"--",
            "현관타입":"--",
            "주거총점":7.5,
            "지역구공급총점":0.0,
            "역세권":0,
            "30분내 이동가능 거점":20,
            "1시간내 이동가능 거점":50,
            "교통총점":16.0,
            "백화점":0,
            "아울렛몰":0,
            "대형마트":0,
            "은행":0,
            "병원":0,
            "종합병원":100,
            "공원":100,
            "혐오시설":0,
            "인프라총점":23.0,
            "초등학군":90.0,
            "중학군":39.26,
            "학군총점":49.408,
            "인구수":23.68,
            "인구증감":2.48,
            "인구총점":17.32,
            "일자리":11.23,
            "소득수준":73.18,
            "일자리총점":29.815,
            "가치 총점":25.9974,
            "매매실거래년":20211106.0,
            "매매실거래가":13500.0,
            "전세실거래년":20211113.0,
            "전세실거래가":7500.0,
            "전세가율":55.56,
            "장기전세가율평균":70.6,
            "전세가율거품지수":15.04,
            "검색코드":105466,
            "세대수":110.0,
            "준공년월":"1984-10-25",
            "준공년차":39.0,
            "가까운역이름":"대동",
            "가까운역거리":2546.29,
            "역세권여부":"비역세권",
            "30분이내주요거점역":1,
            "30분거점역이름":"['대전']",
            "1시간이내주요거점역":5,
            "1시간거점역이름":"['대전', '유성온천', '시청', '정부청사', '탄방']",
            "3km이내백화점수":0,
            "5km이내아울렛몰수":0,
            "1km이내대형먀트수":0,
            "500m이내은행수":1,
            "500m이내병원수":0,
            "5km이내대형병원수":5,
            "500m이내공원수":3,
            "3km이내혐오시설수":0,
            "초등학교학업성취도":90.0,
            "중학교학업성취도":65.1,
            "용적률":0,
            "건폐율":0,
            "Y":36.351712,
            "X":127.450162,
            "rank":90.0,
            "area_info":"17평(58.92)",
            "last_sales":"2021-11-06,13500.0,17평(58.92)",
            "rank_history":[
                [
                    "202203",
                    90
                ],
                [
                    "202202",
                    70
                ],
                [
                    "202201",
                    69
                ]
            ],
            "rank_gap":-20
        },
        {
            "index":175,
            "아파트명":"동남",
            "투자타입":"재건축",
            "전용면적(m2)":"60.67",
            "전용면적(평)":"18평",
            "법정동주소":"대전시 동구 대성동 산 19-14",
            "도로명주소":"대전시 동구 대전로304번길 30",
            "세대수":0,
            "입주년차":"--",
            "용적률점수":0,
            "건폐율점수":0,
            "세대당주차수":"--",
            "난방방식":"--",
            "공급면적":50,
            "전용률":100,
            "욕실수":"--",
            "현관타입":"--",
            "주거총점":7.5,
            "지역구공급총점":0.0,
            "역세권":0,
            "30분내 이동가능 거점":0,
            "1시간내 이동가능 거점":50,
            "교통총점":10.0,
            "백화점":0,
            "아울렛몰":0,
            "대형마트":0,
            "은행":0,
            "병원":0,
            "종합병원":100,
            "공원":0,
            "혐오시설":0,
            "인프라총점":20.0,
            "초등학군":89.99,
            "중학군":46.68,
            "학군총점":55.342,
            "인구수":23.68,
            "인구증감":2.48,
            "인구총점":17.32,
            "일자리":11.23,
            "소득수준":73.18,
            "일자리총점":29.815,
            "가치 총점":25.9776,
            "매매실거래년":"18000101",
            "매매실거래가":null,
            "전세실거래년":null,
            "전세실거래가":null,
            "전세가율":null,
            "장기전세가율평균":70.6,
            "전세가율거품지수":null,
            "검색코드":14579,
            "세대수":90.0,
            "준공년월":"1985-01-19",
            "준공년차":38.0,
            "가까운역이름":"판암",
            "가까운역거리":2349.49,
            "역세권여부":"비역세권",
            "30분이내주요거점역":0,
            "30분거점역이름":"[]",
            "1시간이내주요거점역":5,
            "1시간거점역이름":"['대전', '유성온천', '시청', '정부청사', '탄방']",
            "3km이내백화점수":0,
            "5km이내아울렛몰수":0,
            "1km이내대형먀트수":0,
            "500m이내은행수":0,
            "500m이내병원수":0,
            "5km이내대형병원수":2,
            "500m이내공원수":0,
            "3km이내혐오시설수":0,
            "초등학교학업성취도":89.99,
            "중학교학업성취도":77.0,
            "용적률":0,
            "건폐율":0,
            "Y":36.296135,
            "X":127.462855,
            "rank":91.0,
            "area_info":"18평(60.67)",
            "last_sales":"1800-01-01,nan,18평(60.67)",
            "rank_history":[
                [
                    "202203",
                    91
                ],
                [
                    "202202",
                    9999
                ]
            ],
            "rank_gap":9999
        },
        {
            "index":51,
            "아파트명":"임광하이츠(4동)",
            "투자타입":"재건축",
            "전용면적(m2)":"80.15",
            "전용면적(평)":"24평",
            "법정동주소":"대전시 동구 가양동 35-14",
            "도로명주소":"대전시 동구 흥룡로65번길 46",
            "세대수":0,
            "입주년차":"--",
            "용적률점수":0,
            "건폐율점수":0,
            "세대당주차수":"--",
            "난방방식":"--",
            "공급면적":50,
            "전용률":60,
            "욕실수":"--",
            "현관타입":"--",
            "주거총점":5.5,
            "지역구공급총점":0.0,
            "역세권":0,
            "30분내 이동가능 거점":20,
            "1시간내 이동가능 거점":60,
            "교통총점":18.0,
            "백화점":0,
            "아울렛몰":0,
            "대형마트":0,
            "은행":0,
            "병원":0,
            "종합병원":100,
            "공원":100,
            "혐오시설":0,
            "인프라총점":23.0,
            "초등학군":90.0,
            "중학군":39.26,
            "학군총점":49.408,
            "인구수":23.68,
            "인구증감":2.48,
            "인구총점":17.32,
            "일자리":11.23,
            "소득수준":73.18,
            "일자리총점":29.815,
            "가치 총점":25.7974,
            "매매실거래년":20211204.0,
            "매매실거래가":11200.0,
            "전세실거래년":20180219.0,
            "전세실거래가":3000.0,
            "전세가율":26.79,
            "장기전세가율평균":70.6,
            "전세가율거품지수":43.81,
            "검색코드":14566,
            "세대수":89.0,
            "준공년월":"1991-10-15",
            "준공년차":32.0,
            "가까운역이름":"대동",
            "가까운역거리":2472.75,
            "역세권여부":"비역세권",
            "30분이내주요거점역":1,
            "30분거점역이름":"['대전']",
            "1시간이내주요거점역":6,
            "1시간거점역이름":"['대전', '유성온천', '시청', '반석', '정부청사', '탄방']",
            "3km이내백화점수":0,
            "5km이내아울렛몰수":0,
            "1km이내대형먀트수":0,
            "500m이내은행수":1,
            "500m이내병원수":0,
            "5km이내대형병원수":5,
            "500m이내공원수":3,
            "3km이내혐오시설수":0,
            "초등학교학업성취도":90.0,
            "중학교학업성취도":65.1,
            "용적률":0,
            "건폐율":0,
            "Y":36.351405,
            "X":127.44817,
            "rank":92.0,
            "area_info":"24평(80.15)",
            "last_sales":"2021-12-04,11200.0,24평(80.15)",
            "rank_history":[
                [
                    "202203",
                    92
                ],
                [
                    "202202",
                    9999
                ]
            ],
            "rank_gap":9999
        },
        {
            "index":52,
            "아파트명":"조일",
            "투자타입":"재건축",
            "전용면적(m2)":"87.08",
            "전용면적(평)":"26평",
            "법정동주소":"대전시 동구 가양동 88-1",
            "도로명주소":"대전시 동구 충정로 5",
            "세대수":0,
            "입주년차":"--",
            "용적률점수":0,
            "건폐율점수":0,
            "세대당주차수":"--",
            "난방방식":"--",
            "공급면적":70,
            "전용률":60,
            "욕실수":"--",
            "현관타입":"--",
            "주거총점":6.5,
            "지역구공급총점":0.0,
            "역세권":0,
            "30분내 이동가능 거점":20,
            "1시간내 이동가능 거점":50,
            "교통총점":16.0,
            "백화점":0,
            "아울렛몰":0,
            "대형마트":0,
            "은행":0,
            "병원":0,
            "종합병원":100,
            "공원":100,
            "혐오시설":0,
            "인프라총점":23.0,
            "초등학군":90.0,
            "중학군":39.26,
            "학군총점":49.408,
            "인구수":23.68,
            "인구증감":2.48,
            "인구총점":17.32,
            "일자리":11.23,
            "소득수준":73.18,
            "일자리총점":29.815,
            "가치 총점":25.7474,
            "매매실거래년":20220114.0,
            "매매실거래가":10500.0,
            "전세실거래년":20190430.0,
            "전세실거래가":9000.0,
            "전세가율":85.71,
            "장기전세가율평균":70.6,
            "전세가율거품지수":-15.11,
            "검색코드":11490,
            "세대수":110.0,
            "준공년월":"1990-12-24",
            "준공년차":33.0,
            "가까운역이름":"대동",
            "가까운역거리":2328.2,
            "역세권여부":"비역세권",
            "30분이내주요거점역":1,
            "30분거점역이름":"['대전']",
            "1시간이내주요거점역":5,
            "1시간거점역이름":"['대전', '유성온천', '시청', '정부청사', '탄방']",
            "3km이내백화점수":0,
            "5km이내아울렛몰수":0,
            "1km이내대형먀트수":0,
            "500m이내은행수":0,
            "500m이내병원수":0,
            "5km이내대형병원수":5,
            "500m이내공원수":3,
            "3km이내혐오시설수":0,
            "초등학교학업성취도":90.0,
            "중학교학업성취도":65.1,
            "용적률":0,
            "건폐율":0,
            "Y":36.34921,
            "X":127.4519,
            "rank":93.0,
            "area_info":"26평(87.08), 30평(99.61), 41평(138.74)",
            "last_sales":"2022-01-14,10500.0,26평(87.08)",
            "rank_history":[
                [
                    "202203",
                    93
                ],
                [
                    "202202",
                    71
                ],
                [
                    "202201",
                    70
                ]
            ],
            "rank_gap":-22
        },
        {
            "index":5,
            "아파트명":"동신",
            "투자타입":"재건축",
            "전용면적(m2)":"80.04",
            "전용면적(평)":"24평",
            "법정동주소":"대전시 동구 가양동 53-6",
            "도로명주소":"대전시 동구 동대전로284번길 117",
            "세대수":0,
            "입주년차":"--",
            "용적률점수":0,
            "건폐율점수":0,
            "세대당주차수":"--",
            "난방방식":"--",
            "공급면적":50,
            "전용률":80,
            "욕실수":"--",
            "현관타입":"--",
            "주거총점":6.5,
            "지역구공급총점":0.0,
            "역세권":0,
            "30분내 이동가능 거점":20,
            "1시간내 이동가능 거점":50,
            "교통총점":16.0,
            "백화점":0,
            "아울렛몰":0,
            "대형마트":0,
            "은행":0,
            "병원":0,
            "종합병원":100,
            "공원":100,
            "혐오시설":0,
            "인프라총점":23.0,
            "초등학군":90.0,
            "중학군":39.26,
            "학군총점":49.408,
            "인구수":23.68,
            "인구증감":2.48,
            "인구총점":17.32,
            "일자리":11.23,
            "소득수준":73.18,
            "일자리총점":29.815,
            "가치 총점":25.7474,
            "매매실거래년":20210930.0,
            "매매실거래가":9760.0,
            "전세실거래년":20200115.0,
            "전세실거래가":5000.0,
            "전세가율":54.0,
            "장기전세가율평균":70.6,
            "전세가율거품지수":16.6,
            "검색코드":5643,
            "세대수":200.0,
            "준공년월":"1979-01-08",
            "준공년차":44.0,
            "가까운역이름":"대동",
            "가까운역거리":2319.82,
            "역세권여부":"비역세권",
            "30분이내주요거점역":1,
            "30분거점역이름":"['대전']",
            "1시간이내주요거점역":5,
            "1시간거점역이름":"['대전', '유성온천', '시청', '정부청사', '탄방']",
            "3km이내백화점수":0,
            "5km이내아울렛몰수":0,
            "1km이내대형먀트수":0,
            "500m이내은행수":0,
            "500m이내병원수":0,
            "5km이내대형병원수":5,
            "500m이내공원수":3,
            "3km이내혐오시설수":0,
            "초등학교학업성취도":90.0,
            "중학교학업성취도":65.1,
            "용적률":0,
            "건폐율":0,
            "Y":36.34955,
            "X":127.450356,
            "rank":93.0,
            "area_info":"24평(80.04), 26평(86.98), 27평(92.43)",
            "last_sales":"2021-09-30,9760.0,27평(92.43)",
            "rank_history":[
                [
                    "202203",
                    93
                ],
                [
                    "202202",
                    71
                ],
                [
                    "202201",
                    70
                ]
            ],
            "rank_gap":-22
        },
        {
            "index":16,
            "아파트명":"부성",
            "투자타입":"재건축",
            "전용면적(m2)":"97.86",
            "전용면적(평)":"29평",
            "법정동주소":"대전시 동구 가양동 42-1",
            "도로명주소":"대전시 동구 비래서로62번길 75",
            "세대수":0,
            "입주년차":"--",
            "용적률점수":0,
            "건폐율점수":0,
            "세대당주차수":"--",
            "난방방식":"--",
            "공급면적":70,
            "전용률":60,
            "욕실수":"--",
            "현관타입":"--",
            "주거총점":6.5,
            "지역구공급총점":0.0,
            "역세권":0,
            "30분내 이동가능 거점":20,
            "1시간내 이동가능 거점":50,
            "교통총점":16.0,
            "백화점":0,
            "아울렛몰":0,
            "대형마트":0,
            "은행":0,
            "병원":0,
            "종합병원":100,
            "공원":100,
            "혐오시설":0,
            "인프라총점":23.0,
            "초등학군":90.0,
            "중학군":39.26,
            "학군총점":49.408,
            "인구수":23.68,
            "인구증감":2.48,
            "인구총점":17.32,
            "일자리":11.23,
            "소득수준":73.18,
            "일자리총점":29.815,
            "가치 총점":25.7474,
            "매매실거래년":20220112.0,
            "매매실거래가":18700.0,
            "전세실거래년":20151021.0,
            "전세실거래가":8500.0,
            "전세가율":59.44,
            "장기전세가율평균":70.6,
            "전세가율거품지수":11.16,
            "검색코드":14564,
            "세대수":96.0,
            "준공년월":"1991-03-29",
            "준공년차":32.0,
            "가까운역이름":"대동",
            "가까운역거리":2456.44,
            "역세권여부":"비역세권",
            "30분이내주요거점역":1,
            "30분거점역이름":"['대전']",
            "1시간이내주요거점역":5,
            "1시간거점역이름":"['대전', '유성온천', '시청', '정부청사', '탄방']",
            "3km이내백화점수":0,
            "5km이내아울렛몰수":0,
            "1km이내대형먀트수":0,
            "500m이내은행수":1,
            "500m이내병원수":0,
            "5km이내대형병원수":5,
            "500m이내공원수":3,
            "3km이내혐오시설수":0,
            "초등학교학업성취도":90.0,
            "중학교학업성취도":65.1,
            "용적률":0,
            "건폐율":0,
            "Y":36.350944,
            "X":127.449844,
            "rank":93.0,
            "area_info":"29평(97.86), 31평(102.81), 32평(106.24)",
            "last_sales":"2022-01-12,18700.0,31평(102.81)",
            "rank_history":[
                [
                    "202203",
                    93
                ],
                [
                    "202202",
                    9999
                ]
            ],
            "rank_gap":9999
        },
        {
            "index":48,
            "아파트명":"임광하이츠(2동)",
            "투자타입":"재건축",
            "전용면적(m2)":"100.37",
            "전용면적(평)":"30평",
            "법정동주소":"대전시 동구 가양동 33-4",
            "도로명주소":"대전시 동구 동서대로1778번길 79",
            "세대수":0,
            "입주년차":"--",
            "용적률점수":0,
            "건폐율점수":0,
            "세대당주차수":"--",
            "난방방식":"--",
            "공급면적":90,
            "전용률":60,
            "욕실수":"--",
            "현관타입":"--",
            "주거총점":7.5,
            "지역구공급총점":0.0,
            "역세권":0,
            "30분내 이동가능 거점":0,
            "1시간내 이동가능 거점":50,
            "교통총점":10.0,
            "백화점":0,
            "아울렛몰":0,
            "대형마트":0,
            "은행":0,
            "병원":0,
            "종합병원":100,
            "공원":100,
            "혐오시설":0,
            "인프라총점":23.0,
            "초등학군":90.0,
            "중학군":39.26,
            "학군총점":49.408,
            "인구수":23.68,
            "인구증감":2.48,
            "인구총점":17.32,
            "일자리":11.23,
            "소득수준":73.18,
            "일자리총점":29.815,
            "가치 총점":25.0974,
            "매매실거래년":20210719.0,
            "매매실거래가":15800.0,
            "전세실거래년":20120312.0,
            "전세실거래가":9000.0,
            "전세가율":75.63,
            "장기전세가율평균":70.6,
            "전세가율거품지수":-5.03,
            "검색코드":14565,
            "세대수":99.0,
            "준공년월":"1991-10-15",
            "준공년차":32.0,
            "가까운역이름":"대동",
            "가까운역거리":2635.5,
            "역세권여부":"비역세권",
            "30분이내주요거점역":0,
            "30분거점역이름":"[]",
            "1시간이내주요거점역":5,
            "1시간거점역이름":"['대전', '유성온천', '시청', '정부청사', '탄방']",
            "3km이내백화점수":0,
            "5km이내아울렛몰수":0,
            "1km이내대형먀트수":0,
            "500m이내은행수":1,
            "500m이내병원수":0,
            "5km이내대형병원수":4,
            "500m이내공원수":3,
            "3km이내혐오시설수":0,
            "초등학교학업성취도":90.0,
            "중학교학업성취도":65.1,
            "용적률":0,
            "건폐율":0,
            "Y":36.352743,
            "X":127.449108,
            "rank":94.0,
            "area_info":"30평(100.37), 32평(108.1), 32평(108.27)",
            "last_sales":"2021-07-19,15800.0,32평(108.27)",
            "rank_history":[
                [
                    "202203",
                    94
                ],
                [
                    "202202",
                    9999
                ]
            ],
            "rank_gap":9999
        }
    ]
}