{
    "schema":{
        "fields":[
            {
                "name":"index",
                "type":"integer"
            },
            {
                "name":"아파트명",
                "type":"string"
            },
            {
                "name":"투자타입",
                "type":"string"
            },
            {
                "name":"전용면적(m2)",
                "type":"string"
            },
            {
                "name":"전용면적(평)",
                "type":"string"
            },
            {
                "name":"법정동주소",
                "type":"string"
            },
            {
                "name":"도로명주소",
                "type":"string"
            },
            {
                "name":"세대수",
                "type":"integer"
            },
            {
                "name":"입주년차",
                "type":"string"
            },
            {
                "name":"용적률점수",
                "type":"string"
            },
            {
                "name":"건폐율점수",
                "type":"string"
            },
            {
                "name":"세대당주차수",
                "type":"string"
            },
            {
                "name":"난방방식",
                "type":"string"
            },
            {
                "name":"공급면적",
                "type":"string"
            },
            {
                "name":"전용률",
                "type":"string"
            },
            {
                "name":"욕실수",
                "type":"string"
            },
            {
                "name":"현관타입",
                "type":"string"
            },
            {
                "name":"주거총점",
                "type":"number"
            },
            {
                "name":"지역구공급총점",
                "type":"number"
            },
            {
                "name":"역세권",
                "type":"integer"
            },
            {
                "name":"30분내 이동가능 거점",
                "type":"integer"
            },
            {
                "name":"1시간내 이동가능 거점",
                "type":"integer"
            },
            {
                "name":"교통총점",
                "type":"number"
            },
            {
                "name":"백화점",
                "type":"integer"
            },
            {
                "name":"아울렛몰",
                "type":"integer"
            },
            {
                "name":"대형마트",
                "type":"integer"
            },
            {
                "name":"은행",
                "type":"integer"
            },
            {
                "name":"병원",
                "type":"integer"
            },
            {
                "name":"종합병원",
                "type":"integer"
            },
            {
                "name":"공원",
                "type":"integer"
            },
            {
                "name":"혐오시설",
                "type":"integer"
            },
            {
                "name":"인프라총점",
                "type":"number"
            },
            {
                "name":"초등학군",
                "type":"number"
            },
            {
                "name":"중학군",
                "type":"number"
            },
            {
                "name":"학군총점",
                "type":"number"
            },
            {
                "name":"인구수",
                "type":"number"
            },
            {
                "name":"인구증감",
                "type":"number"
            },
            {
                "name":"인구총점",
                "type":"number"
            },
            {
                "name":"일자리",
                "type":"number"
            },
            {
                "name":"소득수준",
                "type":"number"
            },
            {
                "name":"일자리총점",
                "type":"number"
            },
            {
                "name":"가치 총점",
                "type":"number"
            },
            {
                "name":"매매실거래년",
                "type":"string"
            },
            {
                "name":"매매실거래가",
                "type":"number"
            },
            {
                "name":"전세실거래년",
                "type":"number"
            },
            {
                "name":"전세실거래가",
                "type":"number"
            },
            {
                "name":"전세가율",
                "type":"number"
            },
            {
                "name":"장기전세가율평균",
                "type":"number"
            },
            {
                "name":"전세가율거품지수",
                "type":"number"
            },
            {
                "name":"검색코드",
                "type":"integer"
            },
            {
                "name":"세대수",
                "type":"number"
            },
            {
                "name":"준공년월",
                "type":"string"
            },
            {
                "name":"준공년차",
                "type":"number"
            },
            {
                "name":"가까운역이름",
                "type":"string"
            },
            {
                "name":"가까운역거리",
                "type":"number"
            },
            {
                "name":"역세권여부",
                "type":"string"
            },
            {
                "name":"30분이내주요거점역",
                "type":"integer"
            },
            {
                "name":"30분거점역이름",
                "type":"string"
            },
            {
                "name":"1시간이내주요거점역",
                "type":"integer"
            },
            {
                "name":"1시간거점역이름",
                "type":"string"
            },
            {
                "name":"3km이내백화점수",
                "type":"integer"
            },
            {
                "name":"5km이내아울렛몰수",
                "type":"integer"
            },
            {
                "name":"1km이내대형먀트수",
                "type":"integer"
            },
            {
                "name":"500m이내은행수",
                "type":"integer"
            },
            {
                "name":"500m이내병원수",
                "type":"integer"
            },
            {
                "name":"5km이내대형병원수",
                "type":"integer"
            },
            {
                "name":"500m이내공원수",
                "type":"integer"
            },
            {
                "name":"3km이내혐오시설수",
                "type":"integer"
            },
            {
                "name":"초등학교학업성취도",
                "type":"number"
            },
            {
                "name":"중학교학업성취도",
                "type":"number"
            },
            {
                "name":"용적률",
                "type":"integer"
            },
            {
                "name":"건폐율",
                "type":"integer"
            },
            {
                "name":"Y",
                "type":"number"
            },
            {
                "name":"X",
                "type":"number"
            },
            {
                "name":"rank",
                "type":"number"
            },
            {
                "name":"area_info",
                "type":"string"
            },
            {
                "name":"last_sales",
                "type":"string"
            },
            {
                "name":"rank_history",
                "type":"string"
            },
            {
                "name":"rank_gap",
                "type":"integer"
            }
        ],
        "primaryKey":[
            "index"
        ],
        "pandas_version":"1.4.0"
    },
    "data":[
        {
            "index":165,
            "아파트명":"금강엑슬루타워",
            "투자타입":"일반",
            "전용면적(m2)":"92.14",
            "전용면적(평)":"27평",
            "법정동주소":"대전시 대덕구 석봉동 770",
            "도로명주소":"대전시 대덕구 대덕대로 1555",
            "세대수":100,
            "입주년차":60,
            "용적률점수":"--",
            "건폐율점수":"--",
            "세대당주차수":60,
            "난방방식":100,
            "공급면적":"--",
            "전용률":"--",
            "욕실수":100,
            "현관타입":100,
            "주거총점":86.0,
            "지역구공급총점":0.0,
            "역세권":0,
            "30분내 이동가능 거점":0,
            "1시간내 이동가능 거점":10,
            "교통총점":2.0,
            "백화점":0,
            "아울렛몰":80,
            "대형마트":80,
            "은행":0,
            "병원":0,
            "종합병원":80,
            "공원":100,
            "혐오시설":0,
            "인프라총점":39.0,
            "초등학군":89.99,
            "중학군":52.86,
            "학군총점":60.286,
            "인구수":19.57,
            "인구증감":-3.15,
            "인구총점":12.754,
            "일자리":14.07,
            "소득수준":72.66,
            "일자리총점":31.647,
            "가치 총점":51.5858,
            "매매실거래년":20220115.0,
            "매매실거래가":58300.0,
            "전세실거래년":20220218.0,
            "전세실거래가":23000.0,
            "전세가율":67.65,
            "장기전세가율평균":69.62,
            "전세가율거품지수":1.97,
            "검색코드":100330,
            "세대수":2312.0,
            "준공년월":"2012-01-12",
            "준공년차":11.0,
            "가까운역이름":"정부청사",
            "가까운역거리":11059.67,
            "역세권여부":"비역세권",
            "30분이내주요거점역":0,
            "30분거점역이름":"[]",
            "1시간이내주요거점역":1,
            "1시간거점역이름":"['대전']",
            "3km이내백화점수":0,
            "5km이내아울렛몰수":1,
            "1km이내대형먀트수":1,
            "500m이내은행수":1,
            "500m이내병원수":0,
            "5km이내대형병원수":1,
            "500m이내공원수":2,
            "3km이내혐오시설수":0,
            "초등학교학업성취도":89.99,
            "중학교학업성취도":88.1,
            "용적률":243,
            "건폐율":9,
            "Y":36.451798,
            "X":127.420463,
            "rank":1.0,
            "area_info":"27평(92.14), 28평(92.65), 28평(95.09), 35평(117.62), 35평(117.67), 35평(117.28), 42평(141.77), 48평(160.75), 48평(160.63), 58평(192.13), 58평(192.13)",
            "last_sales":"2022-01-15,58300.0,58평(192.13)",
            "rank_history":[
                [
                    "202203",
                    1
                ],
                [
                    "202202",
                    1
                ],
                [
                    "202201",
                    1
                ]
            ],
            "rank_gap":0
        },
        {
            "index":150,
            "아파트명":"금강로하스엘크루",
            "투자타입":"일반",
            "전용면적(m2)":"80.37",
            "전용면적(평)":"24평",
            "법정동주소":"대전시 대덕구 석봉동 771",
            "도로명주소":"대전시 대덕구 대덕대로 1587",
            "세대수":80,
            "입주년차":80,
            "용적률점수":"--",
            "건폐율점수":"--",
            "세대당주차수":30,
            "난방방식":100,
            "공급면적":"--",
            "전용률":"--",
            "욕실수":100,
            "현관타입":100,
            "주거총점":78.5,
            "지역구공급총점":0.0,
            "역세권":0,
            "30분내 이동가능 거점":0,
            "1시간내 이동가능 거점":10,
            "교통총점":2.0,
            "백화점":0,
            "아울렛몰":80,
            "대형마트":80,
            "은행":0,
            "병원":0,
            "종합병원":80,
            "공원":100,
            "혐오시설":0,
            "인프라총점":39.0,
            "초등학군":89.99,
            "중학군":52.86,
            "학군총점":60.286,
            "인구수":19.57,
            "인구증감":-3.15,
            "인구총점":12.754,
            "일자리":14.07,
            "소득수준":72.66,
            "일자리총점":31.647,
            "가치 총점":49.7108,
            "매매실거래년":20220101.0,
            "매매실거래가":46000.0,
            "전세실거래년":20220209.0,
            "전세실거래가":22000.0,
            "전세가율":65.67,
            "장기전세가율평균":69.62,
            "전세가율거품지수":3.95,
            "검색코드":110758,
            "세대수":765.0,
            "준공년월":"2017-10-26",
            "준공년차":6.0,
            "가까운역이름":"정부청사",
            "가까운역거리":11299.08,
            "역세권여부":"비역세권",
            "30분이내주요거점역":0,
            "30분거점역이름":"[]",
            "1시간이내주요거점역":1,
            "1시간거점역이름":"['대전']",
            "3km이내백화점수":0,
            "5km이내아울렛몰수":1,
            "1km이내대형먀트수":1,
            "500m이내은행수":0,
            "500m이내병원수":0,
            "5km이내대형병원수":1,
            "500m이내공원수":3,
            "3km이내혐오시설수":0,
            "초등학교학업성취도":89.99,
            "중학교학업성취도":88.1,
            "용적률":244,
            "건폐율":19,
            "Y":36.453339,
            "X":127.423127,
            "rank":2.0,
            "area_info":"24평(80.37), 34평(112.85), 34평(113.93), 34평(113.18)",
            "last_sales":"2022-01-01,46000.0,34평(112.85)",
            "rank_history":[
                [
                    "202203",
                    2
                ],
                [
                    "202202",
                    2
                ],
                [
                    "202201",
                    2
                ]
            ],
            "rank_gap":0
        },
        {
            "index":154,
            "아파트명":"금강센트럴파크서희스타힐스",
            "투자타입":"일반",
            "전용면적(m2)":"81.95",
            "전용면적(평)":"24평",
            "법정동주소":"대전시 대덕구 석봉동 787",
            "도로명주소":"대전시 대덕구 대덕대로1585번길 44",
            "세대수":80,
            "입주년차":100,
            "용적률점수":"--",
            "건폐율점수":"--",
            "세대당주차수":30,
            "난방방식":30,
            "공급면적":"--",
            "전용률":"--",
            "욕실수":100,
            "현관타입":100,
            "주거총점":75.5,
            "지역구공급총점":0.0,
            "역세권":0,
            "30분내 이동가능 거점":0,
            "1시간내 이동가능 거점":10,
            "교통총점":2.0,
            "백화점":0,
            "아울렛몰":80,
            "대형마트":80,
            "은행":0,
            "병원":0,
            "종합병원":80,
            "공원":100,
            "혐오시설":0,
            "인프라총점":39.0,
            "초등학군":89.99,
            "중학군":52.86,
            "학군총점":60.286,
            "인구수":19.57,
            "인구증감":-3.15,
            "인구총점":12.754,
            "일자리":14.07,
            "소득수준":72.66,
            "일자리총점":31.647,
            "가치 총점":48.9608,
            "매매실거래년":20200902.0,
            "매매실거래가":29480.0,
            "전세실거래년":null,
            "전세실거래가":null,
            "전세가율":null,
            "장기전세가율평균":69.62,
            "전세가율거품지수":null,
            "검색코드":118899,
            "세대수":835.0,
            "준공년월":"2020-08-31",
            "준공년차":3.0,
            "가까운역이름":"정부청사",
            "가까운역거리":11485.52,
            "역세권여부":"비역세권",
            "30분이내주요거점역":0,
            "30분거점역이름":"[]",
            "1시간이내주요거점역":1,
            "1시간거점역이름":"['대전']",
            "3km이내백화점수":0,
            "5km이내아울렛몰수":1,
            "1km이내대형먀트수":1,
            "500m이내은행수":0,
            "500m이내병원수":0,
            "5km이내대형병원수":1,
            "500m이내공원수":3,
            "3km이내혐오시설수":0,
            "초등학교학업성취도":89.99,
            "중학교학업성취도":88.1,
            "용적률":237,
            "건폐율":16,
            "Y":36.454438,
            "X":127.425488,
            "rank":3.0,
            "area_info":"24평(81.95), 24평(81.96), 24평(81.88), 29평(98.63), 29평(98.64), 29평(98.64), 29평(98.64), 31평(104.81), 31평(104.82), 31평(104.78), 31평(104.78)",
            "last_sales":"2020-09-02,29480.0,29평(98.63)",
            "rank_history":[
                [
                    "202203",
                    3
                ],
                [
                    "202202",
                    3
                ],
                [
                    "202201",
                    4
                ]
            ],
            "rank_gap":0
        },
        {
            "index":241,
            "아파트명":"대전동일스위트리버스카이1단지",
            "투자타입":"일반",
            "전용면적(m2)":"88.52",
            "전용면적(평)":"26평",
            "법정동주소":"대전시 대덕구 신탄진동 771",
            "도로명주소":"대전시 대덕구 대청로 43",
            "세대수":100,
            "입주년차":100,
            "용적률점수":"--",
            "건폐율점수":"--",
            "세대당주차수":30,
            "난방방식":30,
            "공급면적":"--",
            "전용률":"--",
            "욕실수":100,
            "현관타입":100,
            "주거총점":82.5,
            "지역구공급총점":0.0,
            "역세권":0,
            "30분내 이동가능 거점":0,
            "1시간내 이동가능 거점":10,
            "교통총점":2.0,
            "백화점":0,
            "아울렛몰":80,
            "대형마트":80,
            "은행":20,
            "병원":0,
            "종합병원":80,
            "공원":100,
            "혐오시설":0,
            "인프라총점":41.0,
            "초등학군":90.01,
            "중학군":41.76,
            "학군총점":51.41,
            "인구수":19.57,
            "인구증감":-3.15,
            "인구총점":12.754,
            "일자리":14.07,
            "소득수준":72.66,
            "일자리총점":31.647,
            "가치 총점":48.648,
            "매매실거래년":20220208.0,
            "매매실거래가":31810.0,
            "전세실거래년":null,
            "전세실거래가":null,
            "전세가율":null,
            "장기전세가율평균":69.62,
            "전세가율거품지수":null,
            "검색코드":123551,
            "세대수":1757.0,
            "준공년월":"2021-11-01",
            "준공년차":2.0,
            "가까운역이름":"정부청사",
            "가까운역거리":11537.02,
            "역세권여부":"비역세권",
            "30분이내주요거점역":0,
            "30분거점역이름":"[]",
            "1시간이내주요거점역":1,
            "1시간거점역이름":"['대전']",
            "3km이내백화점수":0,
            "5km이내아울렛몰수":1,
            "1km이내대형먀트수":1,
            "500m이내은행수":2,
            "500m이내병원수":0,
            "5km이내대형병원수":1,
            "500m이내공원수":4,
            "3km이내혐오시설수":0,
            "초등학교학업성취도":90.01,
            "중학교학업성취도":67.2,
            "용적률":0,
            "건폐율":13,
            "Y":36.452953,
            "X":127.431712,
            "rank":4.0,
            "area_info":"26평(88.52), 26평(88.45), 30평(99.63), 30평(100.43), 32평(108.96), 33평(109.46)",
            "last_sales":"2022-02-08,31810.0,30평(100.43)",
            "rank_history":[
                [
                    "202203",
                    4
                ],
                [
                    "202202",
                    4
                ],
                [
                    "202201",
                    3
                ]
            ],
            "rank_gap":0
        },
        {
            "index":62,
            "아파트명":"e편한세상대전법동",
            "투자타입":"일반",
            "전용면적(m2)":"83.6",
            "전용면적(평)":"25평",
            "법정동주소":"대전시 대덕구 법동 448",
            "도로명주소":"대전시 대덕구 중리북로 46",
            "세대수":100,
            "입주년차":100,
            "용적률점수":"--",
            "건폐율점수":"--",
            "세대당주차수":30,
            "난방방식":30,
            "공급면적":"--",
            "전용률":"--",
            "욕실수":100,
            "현관타입":100,
            "주거총점":82.5,
            "지역구공급총점":0.0,
            "역세권":0,
            "30분내 이동가능 거점":0,
            "1시간내 이동가능 거점":60,
            "교통총점":12.0,
            "백화점":0,
            "아울렛몰":0,
            "대형마트":100,
            "은행":0,
            "병원":0,
            "종합병원":100,
            "공원":100,
            "혐오시설":0,
            "인프라총점":38.0,
            "초등학군":90.0,
            "중학군":34.14,
            "학군총점":45.312,
            "인구수":19.57,
            "인구증감":-3.15,
            "인구총점":12.754,
            "일자리":14.07,
            "소득수준":72.66,
            "일자리총점":31.647,
            "가치 총점":47.4186,
            "매매실거래년":20210911.0,
            "매매실거래가":79800.0,
            "전세실거래년":20220111.0,
            "전세실거래가":33000.0,
            "전세가율":66.0,
            "장기전세가율평균":69.62,
            "전세가율거품지수":3.62,
            "검색코드":120965,
            "세대수":1503.0,
            "준공년월":"2020-09-18",
            "준공년차":3.0,
            "가까운역이름":"정부청사",
            "가까운역거리":4105.69,
            "역세권여부":"비역세권",
            "30분이내주요거점역":0,
            "30분거점역이름":"[]",
            "1시간이내주요거점역":6,
            "1시간거점역이름":"['대전', '유성온천', '시청', '반석', '정부청사', '탄방']",
            "3km이내백화점수":0,
            "5km이내아울렛몰수":0,
            "1km이내대형먀트수":2,
            "500m이내은행수":0,
            "500m이내병원수":0,
            "5km이내대형병원수":5,
            "500m이내공원수":5,
            "3km이내혐오시설수":0,
            "초등학교학업성취도":90.0,
            "중학교학업성취도":56.9,
            "용적률":243,
            "건폐율":15,
            "Y":36.367731,
            "X":127.425314,
            "rank":5.0,
            "area_info":"25평(83.6), 25평(83.94), 30평(100.09), 30평(100.18), 33평(111.77), 34평(112.49), 34평(112.45)",
            "last_sales":"2021-09-11,79800.0,33평(111.77)",
            "rank_history":[
                [
                    "202203",
                    5
                ],
                [
                    "202202",
                    5
                ],
                [
                    "202201",
                    5
                ]
            ],
            "rank_gap":0
        },
        {
            "index":95,
            "아파트명":"선비마을1단지",
            "투자타입":"일반",
            "전용면적(m2)":"69.3",
            "전용면적(평)":"20평",
            "법정동주소":"대전시 대덕구 법동 440-4",
            "도로명주소":"대전시 대덕구 계족로690번길 21",
            "세대수":90,
            "입주년차":20,
            "용적률점수":"--",
            "건폐율점수":"--",
            "세대당주차수":30,
            "난방방식":30,
            "공급면적":"--",
            "전용률":"--",
            "욕실수":50,
            "현관타입":100,
            "주거총점":58.0,
            "지역구공급총점":0.0,
            "역세권":0,
            "30분내 이동가능 거점":20,
            "1시간내 이동가능 거점":50,
            "교통총점":16.0,
            "백화점":0,
            "아울렛몰":0,
            "대형마트":100,
            "은행":0,
            "병원":0,
            "종합병원":100,
            "공원":100,
            "혐오시설":0,
            "인프라총점":38.0,
            "초등학군":89.99,
            "중학군":52.08,
            "학군총점":59.662,
            "인구수":19.57,
            "인구증감":-3.15,
            "인구총점":12.754,
            "일자리":14.07,
            "소득수준":72.66,
            "일자리총점":31.647,
            "가치 총점":46.1986,
            "매매실거래년":20210606.0,
            "매매실거래가":32400.0,
            "전세실거래년":null,
            "전세실거래가":null,
            "전세가율":null,
            "장기전세가율평균":69.62,
            "전세가율거품지수":null,
            "검색코드":8543,
            "세대수":1140.0,
            "준공년월":"1999-11-03",
            "준공년차":24.0,
            "가까운역이름":"정부청사",
            "가까운역거리":4698.72,
            "역세권여부":"비역세권",
            "30분이내주요거점역":1,
            "30분거점역이름":"['대전']",
            "1시간이내주요거점역":5,
            "1시간거점역이름":"['대전', '유성온천', '시청', '정부청사', '탄방']",
            "3km이내백화점수":0,
            "5km이내아울렛몰수":0,
            "1km이내대형먀트수":2,
            "500m이내은행수":0,
            "500m이내병원수":0,
            "5km이내대형병원수":4,
            "500m이내공원수":4,
            "3km이내혐오시설수":0,
            "초등학교학업성취도":89.99,
            "중학교학업성취도":86.6,
            "용적률":238,
            "건폐율":19,
            "Y":36.373337,
            "X":127.429905,
            "rank":6.0,
            "area_info":"20평(69.3), 21평(70.64), 24평(79.85), 33평(109.62)",
            "last_sales":"2021-06-06,32400.0,33평(109.62)",
            "rank_history":[
                [
                    "202203",
                    6
                ],
                [
                    "202202",
                    6
                ],
                [
                    "202201",
                    11
                ]
            ],
            "rank_gap":0
        },
        {
            "index":286,
            "아파트명":"평화로운",
            "투자타입":"일반",
            "전용면적(m2)":"77.69",
            "전용면적(평)":"23평",
            "법정동주소":"대전시 대덕구 오정동 587-1",
            "도로명주소":"대전시 대덕구 한밭대로1003번길 25",
            "세대수":0,
            "입주년차":40,
            "용적률점수":"--",
            "건폐율점수":"--",
            "세대당주차수":30,
            "난방방식":30,
            "공급면적":"--",
            "전용률":"--",
            "욕실수":100,
            "현관타입":100,
            "주거총점":35.5,
            "지역구공급총점":0.0,
            "역세권":0,
            "30분내 이동가능 거점":80,
            "1시간내 이동가능 거점":60,
            "교통총점":36.0,
            "백화점":100,
            "아울렛몰":0,
            "대형마트":0,
            "은행":20,
            "병원":0,
            "종합병원":100,
            "공원":0,
            "혐오시설":0,
            "인프라총점":52.0,
            "초등학군":90.0,
            "중학군":44.44,
            "학군총점":53.552,
            "인구수":19.57,
            "인구증감":-3.15,
            "인구총점":12.754,
            "일자리":14.07,
            "소득수준":72.66,
            "일자리총점":31.647,
            "가치 총점":45.9406,
            "매매실거래년":20211222.0,
            "매매실거래가":23800.0,
            "전세실거래년":20210717.0,
            "전세실거래가":18000.0,
            "전세가율":75.63,
            "장기전세가율평균":69.62,
            "전세가율거품지수":-6.01,
            "검색코드":104758,
            "세대수":201.0,
            "준공년월":"2007-11-19",
            "준공년차":16.0,
            "가까운역이름":"정부청사",
            "가까운역거리":2436.38,
            "역세권여부":"비역세권",
            "30분이내주요거점역":4,
            "30분거점역이름":"['대전', '시청', '정부청사', '탄방']",
            "1시간이내주요거점역":6,
            "1시간거점역이름":"['대전', '유성온천', '시청', '반석', '정부청사', '탄방']",
            "3km이내백화점수":3,
            "5km이내아울렛몰수":0,
            "1km이내대형먀트수":0,
            "500m이내은행수":2,
            "500m이내병원수":0,
            "5km이내대형병원수":6,
            "500m이내공원수":0,
            "3km이내혐오시설수":0,
            "초등학교학업성취도":90.0,
            "중학교학업성취도":73.4,
            "용적률":199,
            "건폐율":17,
            "Y":36.359524,
            "X":127.408356,
            "rank":7.0,
            "area_info":"23평(77.69), 31평(103.7)",
            "last_sales":"2021-12-22,23800.0,23평(77.69)",
            "rank_history":[
                [
                    "202203",
                    7
                ],
                [
                    "202202",
                    11
                ],
                [
                    "202201",
                    8
                ]
            ],
            "rank_gap":4
        },
        {
            "index":201,
            "아파트명":"선비마을2단지",
            "투자타입":"일반",
            "전용면적(m2)":"79.23",
            "전용면적(평)":"23평",
            "법정동주소":"대전시 대덕구 송촌동 444",
            "도로명주소":"대전시 대덕구 동춘당로114번길 47",
            "세대수":90,
            "입주년차":20,
            "용적률점수":"--",
            "건폐율점수":"--",
            "세대당주차수":30,
            "난방방식":30,
            "공급면적":"--",
            "전용률":"--",
            "욕실수":50,
            "현관타입":100,
            "주거총점":58.0,
            "지역구공급총점":0.0,
            "역세권":0,
            "30분내 이동가능 거점":0,
            "1시간내 이동가능 거점":50,
            "교통총점":10.0,
            "백화점":0,
            "아울렛몰":0,
            "대형마트":100,
            "은행":0,
            "병원":0,
            "종합병원":100,
            "공원":100,
            "혐오시설":0,
            "인프라총점":38.0,
            "초등학군":89.98,
            "중학군":52.08,
            "학군총점":59.66,
            "인구수":19.57,
            "인구증감":-3.15,
            "인구총점":12.754,
            "일자리":14.07,
            "소득수준":72.66,
            "일자리총점":31.647,
            "가치 총점":45.298,
            "매매실거래년":20211126.0,
            "매매실거래가":41750.0,
            "전세실거래년":20220218.0,
            "전세실거래가":17000.0,
            "전세가율":55.92,
            "장기전세가율평균":69.62,
            "전세가율거품지수":13.7,
            "검색코드":5612,
            "세대수":1146.0,
            "준공년월":"1999-10-12",
            "준공년차":24.0,
            "가까운역이름":"대동",
            "가까운역거리":4369.2,
            "역세권여부":"비역세권",
            "30분이내주요거점역":0,
            "30분거점역이름":"[]",
            "1시간이내주요거점역":5,
            "1시간거점역이름":"['대전', '유성온천', '시청', '정부청사', '탄방']",
            "3km이내백화점수":0,
            "5km이내아울렛몰수":0,
            "1km이내대형먀트수":2,
            "500m이내은행수":1,
            "500m이내병원수":0,
            "5km이내대형병원수":3,
            "500m이내공원수":4,
            "3km이내혐오시설수":0,
            "초등학교학업성취도":89.98,
            "중학교학업성취도":86.6,
            "용적률":239,
            "건폐율":18,
            "Y":36.368766,
            "X":127.439143,
            "rank":8.0,
            "area_info":"23평(79.23), 23평(79.28), 31평(105.64), 36평(121.73), 36평(122.05)",
            "last_sales":"2021-11-26,41750.0,31평(105.64)",
            "rank_history":[
                [
                    "202203",
                    8
                ],
                [
                    "202202",
                    7
                ],
                [
                    "202201",
                    11
                ]
            ],
            "rank_gap":-1
        },
        {
            "index":212,
            "아파트명":"선비마을4단지",
            "투자타입":"일반",
            "전용면적(m2)":"80.8",
            "전용면적(평)":"24평",
            "법정동주소":"대전시 대덕구 송촌동 462",
            "도로명주소":"대전시 대덕구 계족산로 135",
            "세대수":90,
            "입주년차":20,
            "용적률점수":"--",
            "건폐율점수":"--",
            "세대당주차수":30,
            "난방방식":30,
            "공급면적":"--",
            "전용률":"--",
            "욕실수":100,
            "현관타입":100,
            "주거총점":63.0,
            "지역구공급총점":0.0,
            "역세권":0,
            "30분내 이동가능 거점":0,
            "1시간내 이동가능 거점":50,
            "교통총점":10.0,
            "백화점":0,
            "아울렛몰":0,
            "대형마트":80,
            "은행":0,
            "병원":0,
            "종합병원":100,
            "공원":100,
            "혐오시설":0,
            "인프라총점":35.0,
            "초등학군":90.0,
            "중학군":49.9,
            "학군총점":57.92,
            "인구수":19.57,
            "인구증감":-3.15,
            "인구총점":12.754,
            "일자리":14.07,
            "소득수준":72.66,
            "일자리총점":31.647,
            "가치 총점":45.126,
            "매매실거래년":20220112.0,
            "매매실거래가":29000.0,
            "전세실거래년":20211228.0,
            "전세실거래가":17300.0,
            "전세가율":59.66,
            "장기전세가율평균":69.62,
            "전세가율거품지수":9.96,
            "검색코드":5616,
            "세대수":1428.0,
            "준공년월":"1999-10-01",
            "준공년차":24.0,
            "가까운역이름":"대동",
            "가까운역거리":4196.81,
            "역세권여부":"비역세권",
            "30분이내주요거점역":0,
            "30분거점역이름":"[]",
            "1시간이내주요거점역":5,
            "1시간거점역이름":"['대전', '유성온천', '시청', '정부청사', '탄방']",
            "3km이내백화점수":0,
            "5km이내아울렛몰수":0,
            "1km이내대형먀트수":1,
            "500m이내은행수":1,
            "500m이내병원수":0,
            "5km이내대형병원수":3,
            "500m이내공원수":5,
            "3km이내혐오시설수":0,
            "초등학교학업성취도":90.0,
            "중학교학업성취도":81.9,
            "용적률":239,
            "건폐율":18,
            "Y":36.367319,
            "X":127.44389,
            "rank":9.0,
            "area_info":"24평(80.8), 24평(81.15), 28평(95.33), 32평(108.71), 32평(108.08), 50평(166.11)",
            "last_sales":"2022-01-12,29000.0,24평(80.8)",
            "rank_history":[
                [
                    "202203",
                    9
                ],
                [
                    "202202",
                    8
                ],
                [
                    "202201",
                    7
                ]
            ],
            "rank_gap":-1
        },
        {
            "index":218,
            "아파트명":"선비마을5단지",
            "투자타입":"일반",
            "전용면적(m2)":"79.34",
            "전용면적(평)":"24평",
            "법정동주소":"대전시 대덕구 송촌동 494-1",
            "도로명주소":"대전시 대덕구 계족산로 136",
            "세대수":100,
            "입주년차":20,
            "용적률점수":"--",
            "건폐율점수":"--",
            "세대당주차수":30,
            "난방방식":30,
            "공급면적":"--",
            "전용률":"--",
            "욕실수":50,
            "현관타입":100,
            "주거총점":61.5,
            "지역구공급총점":0.0,
            "역세권":0,
            "30분내 이동가능 거점":0,
            "1시간내 이동가능 거점":50,
            "교통총점":10.0,
            "백화점":0,
            "아울렛몰":0,
            "대형마트":80,
            "은행":0,
            "병원":0,
            "종합병원":100,
            "공원":100,
            "혐오시설":0,
            "인프라총점":35.0,
            "초등학군":90.0,
            "중학군":49.9,
            "학군총점":57.92,
            "인구수":19.57,
            "인구증감":-3.15,
            "인구총점":12.754,
            "일자리":14.07,
            "소득수준":72.66,
            "일자리총점":31.647,
            "가치 총점":44.751,
            "매매실거래년":20220110.0,
            "매매실거래가":41000.0,
            "전세실거래년":20211211.0,
            "전세실거래가":25000.0,
            "전세가율":78.12,
            "장기전세가율평균":69.62,
            "전세가율거품지수":-8.5,
            "검색코드":8671,
            "세대수":1554.0,
            "준공년월":"1999-10-21",
            "준공년차":24.0,
            "가까운역이름":"대동",
            "가까운역거리":4001.93,
            "역세권여부":"비역세권",
            "30분이내주요거점역":0,
            "30분거점역이름":"[]",
            "1시간이내주요거점역":5,
            "1시간거점역이름":"['대전', '유성온천', '시청', '정부청사', '탄방']",
            "3km이내백화점수":0,
            "5km이내아울렛몰수":0,
            "1km이내대형먀트수":1,
            "500m이내은행수":0,
            "500m이내병원수":0,
            "5km이내대형병원수":3,
            "500m이내공원수":4,
            "3km이내혐오시설수":0,
            "초등학교학업성취도":90.0,
            "중학교학업성취도":81.9,
            "용적률":238,
            "건폐율":18,
            "Y":36.365486,
            "X":127.445995,
            "rank":10.0,
            "area_info":"24평(79.34), 25평(82.65), 29평(95.87), 32평(105.79), 32평(109.09), 38평(125.62), 48평(161.98)",
            "last_sales":"2022-01-10,41000.0,32평(105.79)",
            "rank_history":[
                [
                    "202203",
                    10
                ],
                [
                    "202202",
                    9
                ],
                [
                    "202201",
                    12
                ]
            ],
            "rank_gap":-1
        },
        {
            "index":206,
            "아파트명":"선비마을3단지",
            "투자타입":"일반",
            "전용면적(m2)":"80.28",
            "전용면적(평)":"24평",
            "법정동주소":"대전시 대덕구 송촌동 461-1",
            "도로명주소":"대전시 대덕구 동춘당로114번길 60",
            "세대수":100,
            "입주년차":20,
            "용적률점수":"--",
            "건폐율점수":"--",
            "세대당주차수":30,
            "난방방식":30,
            "공급면적":"--",
            "전용률":"--",
            "욕실수":50,
            "현관타입":100,
            "주거총점":61.5,
            "지역구공급총점":0.0,
            "역세권":0,
            "30분내 이동가능 거점":0,
            "1시간내 이동가능 거점":50,
            "교통총점":10.0,
            "백화점":0,
            "아울렛몰":0,
            "대형마트":80,
            "은행":0,
            "병원":0,
            "종합병원":100,
            "공원":100,
            "혐오시설":0,
            "인프라총점":35.0,
            "초등학군":89.98,
            "중학군":49.9,
            "학군총점":57.916,
            "인구수":19.57,
            "인구증감":-3.15,
            "인구총점":12.754,
            "일자리":14.07,
            "소득수준":72.66,
            "일자리총점":31.647,
            "가치 총점":44.7498,
            "매매실거래년":20211208.0,
            "매매실거래가":65000.0,
            "전세실거래년":20220112.0,
            "전세실거래가":22000.0,
            "전세가율":70.29,
            "장기전세가율평균":69.62,
            "전세가율거품지수":-0.67,
            "검색코드":5614,
            "세대수":1872.0,
            "준공년월":"1999-11-24",
            "준공년차":24.0,
            "가까운역이름":"대동",
            "가까운역거리":4274.38,
            "역세권여부":"비역세권",
            "30분이내주요거점역":0,
            "30분거점역이름":"[]",
            "1시간이내주요거점역":5,
            "1시간거점역이름":"['대전', '유성온천', '시청', '정부청사', '탄방']",
            "3km이내백화점수":0,
            "5km이내아울렛몰수":0,
            "1km이내대형먀트수":1,
            "500m이내은행수":1,
            "500m이내병원수":0,
            "5km이내대형병원수":3,
            "500m이내공원수":4,
            "3km이내혐오시설수":0,
            "초등학교학업성취도":89.98,
            "중학교학업성취도":81.9,
            "용적률":239,
            "건폐율":16,
            "Y":36.368,
            "X":127.441077,
            "rank":11.0,
            "area_info":"24평(80.28), 24평(81.29), 28평(95.82), 32평(108.19), 43평(142.3), 48평(160.31)",
            "last_sales":"2021-12-08,65000.0,48평(160.31)",
            "rank_history":[
                [
                    "202203",
                    11
                ],
                [
                    "202202",
                    10
                ],
                [
                    "202201",
                    10
                ]
            ],
            "rank_gap":-1
        },
        {
            "index":283,
            "아파트명":"오정나이스팰리스(도시형)",
            "투자타입":"일반",
            "전용면적(m2)":"74.82",
            "전용면적(평)":"22평",
            "법정동주소":"대전시 대덕구 오정동 472-6",
            "도로명주소":"대전시 대덕구 대전로1032번길 13-13",
            "세대수":0,
            "입주년차":80,
            "용적률점수":"--",
            "건폐율점수":"--",
            "세대당주차수":0,
            "난방방식":30,
            "공급면적":"--",
            "전용률":"--",
            "욕실수":50,
            "현관타입":100,
            "주거총점":34.0,
            "지역구공급총점":0.0,
            "역세권":0,
            "30분내 이동가능 거점":60,
            "1시간내 이동가능 거점":60,
            "교통총점":30.0,
            "백화점":100,
            "아울렛몰":0,
            "대형마트":0,
            "은행":0,
            "병원":0,
            "종합병원":100,
            "공원":100,
            "혐오시설":0,
            "인프라총점":53.0,
            "초등학군":89.99,
            "중학군":41.52,
            "학군총점":51.214,
            "인구수":19.57,
            "인구증감":-3.15,
            "인구총점":12.754,
            "일자리":14.07,
            "소득수준":72.66,
            "일자리총점":31.647,
            "가치 총점":44.2642,
            "매매실거래년":20220212.0,
            "매매실거래가":15000.0,
            "전세실거래년":20190824.0,
            "전세실거래가":11000.0,
            "전세가율":78.57,
            "장기전세가율평균":69.62,
            "전세가율거품지수":-8.95,
            "검색코드":116427,
            "세대수":98.0,
            "준공년월":"2017-12-22",
            "준공년차":6.0,
            "가까운역이름":"용문",
            "가까운역거리":2390.41,
            "역세권여부":"비역세권",
            "30분이내주요거점역":3,
            "30분거점역이름":"['대전', '정부청사', '탄방']",
            "1시간이내주요거점역":6,
            "1시간거점역이름":"['대전', '유성온천', '시청', '반석', '정부청사', '탄방']",
            "3km이내백화점수":1,
            "5km이내아울렛몰수":0,
            "1km이내대형먀트수":0,
            "500m이내은행수":1,
            "500m이내병원수":0,
            "5km이내대형병원수":6,
            "500m이내공원수":3,
            "3km이내혐오시설수":0,
            "초등학교학업성취도":89.99,
            "중학교학업성취도":69.2,
            "용적률":399,
            "건폐율":36,
            "Y":36.347978,
            "X":127.417158,
            "rank":12.0,
            "area_info":"22평(74.82), 22평(74.7), 22평(75.11)",
            "last_sales":"2022-02-12,15000.0,22평(75.11)",
            "rank_history":[
                [
                    "202203",
                    12
                ],
                [
                    "202202",
                    9999
                ]
            ],
            "rank_gap":9999
        },
        {
            "index":120,
            "아파트명":"동부맨션",
            "투자타입":"재건축",
            "전용면적(m2)":"75.47",
            "전용면적(평)":"22평",
            "법정동주소":"대전시 대덕구 비래동 560-9",
            "도로명주소":"대전시 대덕구 동서대로1748번길 45",
            "세대수":0,
            "입주년차":"--",
            "용적률점수":100,
            "건폐율점수":80,
            "세대당주차수":"--",
            "난방방식":"--",
            "공급면적":50,
            "전용률":80,
            "욕실수":"--",
            "현관타입":"--",
            "주거총점":62.5,
            "지역구공급총점":0.0,
            "역세권":0,
            "30분내 이동가능 거점":20,
            "1시간내 이동가능 거점":60,
            "교통총점":18.0,
            "백화점":0,
            "아울렛몰":0,
            "대형마트":100,
            "은행":0,
            "병원":0,
            "종합병원":100,
            "공원":0,
            "혐오시설":0,
            "인프라총점":35.0,
            "초등학군":90.0,
            "중학군":39.26,
            "학군총점":49.408,
            "인구수":19.57,
            "인구증감":-3.15,
            "인구총점":12.754,
            "일자리":14.07,
            "소득수준":72.66,
            "일자리총점":31.647,
            "가치 총점":43.6474,
            "매매실거래년":20211013.0,
            "매매실거래가":9900.0,
            "전세실거래년":20140620.0,
            "전세실거래가":7000.0,
            "전세가율":70.71,
            "장기전세가율평균":69.62,
            "전세가율거품지수":-1.09,
            "검색코드":110668,
            "세대수":63.0,
            "준공년월":"1992-01-16",
            "준공년차":31.0,
            "가까운역이름":"대동",
            "가까운역거리":2420.69,
            "역세권여부":"비역세권",
            "30분이내주요거점역":1,
            "30분거점역이름":"['대전']",
            "1시간이내주요거점역":6,
            "1시간거점역이름":"['대전', '유성온천', '시청', '반석', '정부청사', '탄방']",
            "3km이내백화점수":0,
            "5km이내아울렛몰수":0,
            "1km이내대형먀트수":2,
            "500m이내은행수":0,
            "500m이내병원수":0,
            "5km이내대형병원수":5,
            "500m이내공원수":0,
            "3km이내혐오시설수":0,
            "초등학교학업성취도":90.0,
            "중학교학업성취도":65.1,
            "용적률":147,
            "건폐율":21,
            "Y":36.351274,
            "X":127.445174,
            "rank":13.0,
            "area_info":"22평(75.47), 27평(90.59)",
            "last_sales":"2021-10-13,9900.0,22평(75.47)",
            "rank_history":[
                [
                    "202203",
                    13
                ],
                [
                    "202202",
                    9999
                ]
            ],
            "rank_gap":9999
        },
        {
            "index":269,
            "아파트명":"신동아",
            "투자타입":"재건축",
            "전용면적(m2)":"82.88",
            "전용면적(평)":"25평",
            "법정동주소":"대전시 대덕구 오정동 635-1",
            "도로명주소":"대전시 대덕구 한밭대로1033번길 15",
            "세대수":50,
            "입주년차":"--",
            "용적률점수":0,
            "건폐율점수":0,
            "세대당주차수":"--",
            "난방방식":"--",
            "공급면적":70,
            "전용률":80,
            "욕실수":"--",
            "현관타입":"--",
            "주거총점":22.5,
            "지역구공급총점":0.0,
            "역세권":0,
            "30분내 이동가능 거점":40,
            "1시간내 이동가능 거점":60,
            "교통총점":24.0,
            "백화점":100,
            "아울렛몰":0,
            "대형마트":0,
            "은행":20,
            "병원":0,
            "종합병원":100,
            "공원":100,
            "혐오시설":0,
            "인프라총점":55.0,
            "초등학군":89.99,
            "중학군":44.44,
            "학군총점":53.55,
            "인구수":19.57,
            "인구증감":-3.15,
            "인구총점":12.754,
            "일자리":14.07,
            "소득수준":72.66,
            "일자리총점":31.647,
            "가치 총점":41.79,
            "매매실거래년":20211204.0,
            "매매실거래가":34800.0,
            "전세실거래년":20211217.0,
            "전세실거래가":18000.0,
            "전세가율":85.71,
            "장기전세가율평균":69.62,
            "전세가율거품지수":-16.09,
            "검색코드":5620,
            "세대수":594.0,
            "준공년월":"1990-11-13",
            "준공년차":33.0,
            "가까운역이름":"정부청사",
            "가까운역거리":2771.9,
            "역세권여부":"비역세권",
            "30분이내주요거점역":2,
            "30분거점역이름":"['시청', '정부청사']",
            "1시간이내주요거점역":6,
            "1시간거점역이름":"['대전', '유성온천', '시청', '반석', '정부청사', '탄방']",
            "3km이내백화점수":1,
            "5km이내아울렛몰수":0,
            "1km이내대형먀트수":0,
            "500m이내은행수":2,
            "500m이내병원수":0,
            "5km이내대형병원수":6,
            "500m이내공원수":2,
            "3km이내혐오시설수":0,
            "초등학교학업성취도":89.99,
            "중학교학업성취도":73.4,
            "용적률":0,
            "건폐율":0,
            "Y":36.360182,
            "X":127.412039,
            "rank":14.0,
            "area_info":"25평(82.88), 30평(100.19), 35평(118.15), 39평(130.66), 44평(147.48), 54평(180.88)",
            "last_sales":"2021-12-04,34800.0,54평(180.88)",
            "rank_history":[
                [
                    "202203",
                    14
                ],
                [
                    "202202",
                    19
                ],
                [
                    "202201",
                    13
                ]
            ],
            "rank_gap":5
        },
        {
            "index":75,
            "아파트명":"보람",
            "투자타입":"일반",
            "전용면적(m2)":"78.62",
            "전용면적(평)":"23평",
            "법정동주소":"대전시 대덕구 법동 191-1",
            "도로명주소":"대전시 대덕구 동춘당로 178",
            "세대수":100,
            "입주년차":0,
            "용적률점수":"--",
            "건폐율점수":"--",
            "세대당주차수":0,
            "난방방식":30,
            "공급면적":"--",
            "전용률":"--",
            "욕실수":50,
            "현관타입":10,
            "주거총점":44.0,
            "지역구공급총점":0.0,
            "역세권":0,
            "30분내 이동가능 거점":20,
            "1시간내 이동가능 거점":50,
            "교통총점":16.0,
            "백화점":0,
            "아울렛몰":0,
            "대형마트":100,
            "은행":0,
            "병원":0,
            "종합병원":100,
            "공원":100,
            "혐오시설":0,
            "인프라총점":38.0,
            "초등학군":89.99,
            "중학군":47.6,
            "학군총점":56.078,
            "인구수":19.57,
            "인구증감":-3.15,
            "인구총점":12.754,
            "일자리":14.07,
            "소득수준":72.66,
            "일자리총점":31.647,
            "가치 총점":41.6234,
            "매매실거래년":20220225.0,
            "매매실거래가":35000.0,
            "전세실거래년":20220112.0,
            "전세실거래가":12600.0,
            "전세가율":53.16,
            "장기전세가율평균":69.62,
            "전세가율거품지수":16.46,
            "검색코드":5590,
            "세대수":1735.0,
            "준공년월":"1995-05-19",
            "준공년차":28.0,
            "가까운역이름":"대동",
            "가까운역거리":4526.95,
            "역세권여부":"비역세권",
            "30분이내주요거점역":1,
            "30분거점역이름":"['대전']",
            "1시간이내주요거점역":5,
            "1시간거점역이름":"['대전', '유성온천', '시청', '정부청사', '탄방']",
            "3km이내백화점수":0,
            "5km이내아울렛몰수":0,
            "1km이내대형먀트수":2,
            "500m이내은행수":1,
            "500m이내병원수":0,
            "5km이내대형병원수":4,
            "500m이내공원수":9,
            "3km이내혐오시설수":0,
            "초등학교학업성취도":89.99,
            "중학교학업성취도":79.0,
            "용적률":223,
            "건폐율":21,
            "Y":36.36916,
            "X":127.430972,
            "rank":15.0,
            "area_info":"23평(78.62), 30평(100.37), 35평(117.95), 36평(119.11), 44평(146.79)",
            "last_sales":"2022-02-25,35000.0,36평(119.11)",
            "rank_history":[
                [
                    "202203",
                    15
                ],
                [
                    "202202",
                    13
                ],
                [
                    "202201",
                    20
                ]
            ],
            "rank_gap":-2
        },
        {
            "index":316,
            "아파트명":"행복한마을",
            "투자타입":"일반",
            "전용면적(m2)":"90.74",
            "전용면적(평)":"27평",
            "법정동주소":"대전시 대덕구 평촌동 540-1",
            "도로명주소":"대전시 대덕구 덕암로 200",
            "세대수":50,
            "입주년차":60,
            "용적률점수":"--",
            "건폐율점수":"--",
            "세대당주차수":60,
            "난방방식":30,
            "공급면적":"--",
            "전용률":"--",
            "욕실수":100,
            "현관타입":100,
            "주거총점":61.5,
            "지역구공급총점":0.0,
            "역세권":0,
            "30분내 이동가능 거점":0,
            "1시간내 이동가능 거점":30,
            "교통총점":6.0,
            "백화점":0,
            "아울렛몰":80,
            "대형마트":80,
            "은행":0,
            "병원":0,
            "종합병원":80,
            "공원":80,
            "혐오시설":0,
            "인프라총점":38.4,
            "초등학군":89.98,
            "중학군":35.08,
            "학군총점":46.06,
            "인구수":19.57,
            "인구증감":-3.15,
            "인구총점":12.754,
            "일자리":14.07,
            "소득수준":72.66,
            "일자리총점":31.647,
            "가치 총점":41.613,
            "매매실거래년":20220204.0,
            "매매실거래가":23000.0,
            "전세실거래년":20220206.0,
            "전세실거래가":20000.0,
            "전세가율":86.96,
            "장기전세가율평균":69.62,
            "전세가율거품지수":-17.34,
            "검색코드":102967,
            "세대수":589.0,
            "준공년월":"2011-04-29",
            "준공년차":12.0,
            "가까운역이름":"정부청사",
            "가까운역거리":9757.03,
            "역세권여부":"비역세권",
            "30분이내주요거점역":0,
            "30분거점역이름":"[]",
            "1시간이내주요거점역":3,
            "1시간거점역이름":"['대전', '시청', '정부청사']",
            "3km이내백화점수":0,
            "5km이내아울렛몰수":1,
            "1km이내대형먀트수":1,
            "500m이내은행수":0,
            "500m이내병원수":0,
            "5km이내대형병원수":1,
            "500m이내공원수":1,
            "3km이내혐오시설수":0,
            "초등학교학업성취도":89.98,
            "중학교학업성취도":57.6,
            "용적률":226,
            "건폐율":17,
            "Y":36.4381,
            "X":127.424279,
            "rank":16.0,
            "area_info":"27평(90.74), 31평(103.03), 31평(103.26), 33평(109.57), 33평(110.79), 33평(110.17), 39평(129.37), 40평(133.64), 46평(153.04)",
            "last_sales":"2022-02-04,23000.0,27평(90.74)",
            "rank_history":[
                [
                    "202203",
                    16
                ],
                [
                    "202202",
                    12
                ],
                [
                    "202201",
                    15
                ]
            ],
            "rank_gap":-4
        },
        {
            "index":146,
            "아파트명":"현대",
            "투자타입":"재건축",
            "전용면적(m2)":"90.14",
            "전용면적(평)":"27평",
            "법정동주소":"대전시 대덕구 비래동 47-1",
            "도로명주소":"대전시 대덕구 우암로 394",
            "세대수":30,
            "입주년차":"--",
            "용적률점수":80,
            "건폐율점수":100,
            "세대당주차수":"--",
            "난방방식":"--",
            "공급면적":70,
            "전용률":80,
            "욕실수":"--",
            "현관타입":"--",
            "주거총점":68.5,
            "지역구공급총점":0.0,
            "역세권":0,
            "30분내 이동가능 거점":20,
            "1시간내 이동가능 거점":50,
            "교통총점":16.0,
            "백화점":0,
            "아울렛몰":0,
            "대형마트":0,
            "은행":0,
            "병원":0,
            "종합병원":100,
            "공원":80,
            "혐오시설":0,
            "인프라총점":22.4,
            "초등학군":90.0,
            "중학군":39.26,
            "학군총점":49.408,
            "인구수":19.57,
            "인구증감":-3.15,
            "인구총점":12.754,
            "일자리":14.07,
            "소득수준":72.66,
            "일자리총점":31.647,
            "가치 총점":41.0674,
            "매매실거래년":20220117.0,
            "매매실거래가":22500.0,
            "전세실거래년":20211012.0,
            "전세실거래가":14000.0,
            "전세가율":68.29,
            "장기전세가율평균":69.62,
            "전세가율거품지수":1.33,
            "검색코드":5637,
            "세대수":370.0,
            "준공년월":"1986-11-24",
            "준공년차":37.0,
            "가까운역이름":"대동",
            "가까운역거리":2918.39,
            "역세권여부":"비역세권",
            "30분이내주요거점역":1,
            "30분거점역이름":"['대전']",
            "1시간이내주요거점역":5,
            "1시간거점역이름":"['대전', '유성온천', '시청', '정부청사', '탄방']",
            "3km이내백화점수":0,
            "5km이내아울렛몰수":0,
            "1km이내대형먀트수":0,
            "500m이내은행수":1,
            "500m이내병원수":0,
            "5km이내대형병원수":4,
            "500m이내공원수":1,
            "3km이내혐오시설수":0,
            "초등학교학업성취도":90.0,
            "중학교학업성취도":65.1,
            "용적률":172,
            "건폐율":12,
            "Y":36.353969,
            "X":127.454893,
            "rank":17.0,
            "area_info":"27평(90.14), 31평(102.68)",
            "last_sales":"2022-01-17,22500.0,31평(102.68)",
            "rank_history":[
                [
                    "202203",
                    17
                ],
                [
                    "202202",
                    16
                ],
                [
                    "202201",
                    9
                ]
            ],
            "rank_gap":-1
        },
        {
            "index":127,
            "아파트명":"비래휴플러스",
            "투자타입":"일반",
            "전용면적(m2)":"79.55",
            "전용면적(평)":"24평",
            "법정동주소":"대전시 대덕구 비래동 509-1",
            "도로명주소":"대전시 대덕구 비래서로10번길 21",
            "세대수":50,
            "입주년차":40,
            "용적률점수":"--",
            "건폐율점수":"--",
            "세대당주차수":30,
            "난방방식":30,
            "공급면적":"--",
            "전용률":"--",
            "욕실수":100,
            "현관타입":100,
            "주거총점":53.0,
            "지역구공급총점":0.0,
            "역세권":0,
            "30분내 이동가능 거점":20,
            "1시간내 이동가능 거점":50,
            "교통총점":16.0,
            "백화점":0,
            "아울렛몰":0,
            "대형마트":80,
            "은행":0,
            "병원":0,
            "종합병원":100,
            "공원":100,
            "혐오시설":0,
            "인프라총점":35.0,
            "초등학군":90.0,
            "중학군":39.26,
            "학군총점":49.408,
            "인구수":19.57,
            "인구증감":-3.15,
            "인구총점":12.754,
            "일자리":14.07,
            "소득수준":72.66,
            "일자리총점":31.647,
            "가치 총점":40.9724,
            "매매실거래년":20211227.0,
            "매매실거래가":45500.0,
            "전세실거래년":20211202.0,
            "전세실거래가":17000.0,
            "전세가율":71.43,
            "장기전세가율평균":69.62,
            "전세가율거품지수":-1.81,
            "검색코드":17507,
            "세대수":646.0,
            "준공년월":"2006-06-14",
            "준공년차":17.0,
            "가까운역이름":"대동",
            "가까운역거리":2785.64,
            "역세권여부":"비역세권",
            "30분이내주요거점역":1,
            "30분거점역이름":"['대전']",
            "1시간이내주요거점역":5,
            "1시간거점역이름":"['대전', '유성온천', '시청', '정부청사', '탄방']",
            "3km이내백화점수":0,
            "5km이내아울렛몰수":0,
            "1km이내대형먀트수":1,
            "500m이내은행수":1,
            "500m이내병원수":0,
            "5km이내대형병원수":4,
            "500m이내공원수":2,
            "3km이내혐오시설수":0,
            "초등학교학업성취도":90.0,
            "중학교학업성취도":65.1,
            "용적률":328,
            "건폐율":24,
            "Y":36.354488,
            "X":127.446232,
            "rank":18.0,
            "area_info":"24평(79.55), 27평(89.53), 32평(106.52), 33평(112.39), 34평(114.37), 47평(156.94)",
            "last_sales":"2021-12-27,45500.0,47평(156.94)",
            "rank_history":[
                [
                    "202203",
                    18
                ],
                [
                    "202202",
                    17
                ],
                [
                    "202201",
                    6
                ]
            ],
            "rank_gap":-1
        },
        {
            "index":69,
            "아파트명":"그린타운",
            "투자타입":"일반",
            "전용면적(m2)":"80.06",
            "전용면적(평)":"24평",
            "법정동주소":"대전시 대덕구 법동 195-1",
            "도로명주소":"대전시 대덕구 동춘당로 151",
            "세대수":90,
            "입주년차":0,
            "용적률점수":"--",
            "건폐율점수":"--",
            "세대당주차수":0,
            "난방방식":30,
            "공급면적":"--",
            "전용률":"--",
            "욕실수":50,
            "현관타입":10,
            "주거총점":40.5,
            "지역구공급총점":0.0,
            "역세권":0,
            "30분내 이동가능 거점":0,
            "1시간내 이동가능 거점":50,
            "교통총점":10.0,
            "백화점":0,
            "아울렛몰":0,
            "대형마트":100,
            "은행":20,
            "병원":0,
            "종합병원":100,
            "공원":100,
            "혐오시설":0,
            "인프라총점":40.0,
            "초등학군":89.99,
            "중학군":47.6,
            "학군총점":56.078,
            "인구수":19.57,
            "인구증감":-3.15,
            "인구총점":12.754,
            "일자리":14.07,
            "소득수준":72.66,
            "일자리총점":31.647,
            "가치 총점":40.4484,
            "매매실거래년":20220206.0,
            "매매실거래가":21500.0,
            "전세실거래년":20220218.0,
            "전세실거래가":13125.0,
            "전세가율":61.05,
            "장기전세가율평균":69.62,
            "전세가율거품지수":8.57,
            "검색코드":5589,
            "세대수":1050.0,
            "준공년월":"1993-11-12",
            "준공년차":30.0,
            "가까운역이름":"대동",
            "가까운역거리":4231.49,
            "역세권여부":"비역세권",
            "30분이내주요거점역":0,
            "30분거점역이름":"[]",
            "1시간이내주요거점역":5,
            "1시간거점역이름":"['대전', '유성온천', '시청', '정부청사', '탄방']",
            "3km이내백화점수":0,
            "5km이내아울렛몰수":0,
            "1km이내대형먀트수":2,
            "500m이내은행수":2,
            "500m이내병원수":0,
            "5km이내대형병원수":4,
            "500m이내공원수":11,
            "3km이내혐오시설수":0,
            "초등학교학업성취도":89.99,
            "중학교학업성취도":79.0,
            "용적률":228,
            "건폐율":20,
            "Y":36.367116,
            "X":127.435021,
            "rank":19.0,
            "area_info":"24평(80.06), 31평(103.54), 31평(103.68)",
            "last_sales":"2022-02-06,21500.0,24평(80.06)",
            "rank_history":[
                [
                    "202203",
                    19
                ],
                [
                    "202202",
                    15
                ],
                [
                    "202201",
                    19
                ]
            ],
            "rank_gap":-4
        },
        {
            "index":80,
            "아파트명":"삼익소월",
            "투자타입":"일반",
            "전용면적(m2)":"82.39",
            "전용면적(평)":"24평",
            "법정동주소":"대전시 대덕구 법동 190",
            "도로명주소":"대전시 대덕구 동춘당로 160",
            "세대수":80,
            "입주년차":0,
            "용적률점수":"--",
            "건폐율점수":"--",
            "세대당주차수":0,
            "난방방식":30,
            "공급면적":"--",
            "전용률":"--",
            "욕실수":50,
            "현관타입":10,
            "주거총점":37.0,
            "지역구공급총점":0.0,
            "역세권":0,
            "30분내 이동가능 거점":0,
            "1시간내 이동가능 거점":50,
            "교통총점":10.0,
            "백화점":0,
            "아울렛몰":0,
            "대형마트":100,
            "은행":0,
            "병원":0,
            "종합병원":100,
            "공원":100,
            "혐오시설":0,
            "인프라총점":38.0,
            "초등학군":89.99,
            "중학군":52.08,
            "학군총점":59.662,
            "인구수":19.57,
            "인구증감":-3.15,
            "인구총점":12.754,
            "일자리":14.07,
            "소득수준":72.66,
            "일자리총점":31.647,
            "가치 총점":40.0486,
            "매매실거래년":20211218.0,
            "매매실거래가":21000.0,
            "전세실거래년":20220121.0,
            "전세실거래가":18000.0,
            "전세가율":85.71,
            "장기전세가율평균":69.62,
            "전세가율거품지수":-16.09,
            "검색코드":5591,
            "세대수":810.0,
            "준공년월":"1993-07-03",
            "준공년차":30.0,
            "가까운역이름":"대동",
            "가까운역거리":4459.56,
            "역세권여부":"비역세권",
            "30분이내주요거점역":0,
            "30분거점역이름":"[]",
            "1시간이내주요거점역":5,
            "1시간거점역이름":"['대전', '유성온천', '시청', '정부청사', '탄방']",
            "3km이내백화점수":0,
            "5km이내아울렛몰수":0,
            "1km이내대형먀트수":2,
            "500m이내은행수":1,
            "500m이내병원수":0,
            "5km이내대형병원수":4,
            "500m이내공원수":5,
            "3km이내혐오시설수":0,
            "초등학교학업성취도":89.99,
            "중학교학업성취도":86.6,
            "용적률":253,
            "건폐율":43,
            "Y":36.369123,
            "X":127.434483,
            "rank":20.0,
            "area_info":"24평(82.39), 31평(103.37)",
            "last_sales":"2021-12-18,21000.0,24평(82.39)",
            "rank_history":[
                [
                    "202203",
                    20
                ],
                [
                    "202202",
                    18
                ],
                [
                    "202201",
                    24
                ]
            ],
            "rank_gap":-2
        },
        {
            "index":49,
            "아파트명":"두레마을",
            "투자타입":"일반",
            "전용면적(m2)":"70.46",
            "전용면적(평)":"21평",
            "법정동주소":"대전시 대덕구 목상동 207-45",
            "도로명주소":"대전시 대덕구 대덕대로1520번길 55",
            "세대수":0,
            "입주년차":80,
            "용적률점수":"--",
            "건폐율점수":"--",
            "세대당주차수":30,
            "난방방식":30,
            "공급면적":"--",
            "전용률":"--",
            "욕실수":50,
            "현관타입":100,
            "주거총점":38.5,
            "지역구공급총점":0.0,
            "역세권":0,
            "30분내 이동가능 거점":0,
            "1시간내 이동가능 거점":10,
            "교통총점":2.0,
            "백화점":0,
            "아울렛몰":80,
            "대형마트":80,
            "은행":0,
            "병원":0,
            "종합병원":80,
            "공원":100,
            "혐오시설":0,
            "인프라총점":39.0,
            "초등학군":89.98,
            "중학군":52.86,
            "학군총점":60.284,
            "인구수":19.57,
            "인구증감":-3.15,
            "인구총점":12.754,
            "일자리":14.07,
            "소득수준":72.66,
            "일자리총점":31.647,
            "가치 총점":39.7102,
            "매매실거래년":20220223.0,
            "매매실거래가":16000.0,
            "전세실거래년":null,
            "전세실거래가":null,
            "전세가율":null,
            "장기전세가율평균":69.62,
            "전세가율거품지수":null,
            "검색코드":110254,
            "세대수":98.0,
            "준공년월":"2014-04-22",
            "준공년차":9.0,
            "가까운역이름":"정부청사",
            "가까운역거리":10399.14,
            "역세권여부":"비역세권",
            "30분이내주요거점역":0,
            "30분거점역이름":"[]",
            "1시간이내주요거점역":1,
            "1시간거점역이름":"['대전']",
            "3km이내백화점수":0,
            "5km이내아울렛몰수":1,
            "1km이내대형먀트수":1,
            "500m이내은행수":0,
            "500m이내병원수":0,
            "5km이내대형병원수":1,
            "500m이내공원수":2,
            "3km이내혐오시설수":0,
            "초등학교학업성취도":89.98,
            "중학교학업성취도":88.1,
            "용적률":161,
            "건폐율":27,
            "Y":36.4468,
            "X":127.41567,
            "rank":21.0,
            "area_info":"21평(70.46), 22평(74.58), 23평(78.24), 24평(79.34)",
            "last_sales":"2022-02-23,16000.0,24평(79.34)",
            "rank_history":[
                [
                    "202203",
                    21
                ],
                [
                    "202202",
                    9999
                ]
            ],
            "rank_gap":9999
        },
        {
            "index":288,
            "아파트명":"한남",
            "투자타입":"일반",
            "전용면적(m2)":"75.23",
            "전용면적(평)":"22평",
            "법정동주소":"대전시 대덕구 오정동 464-1",
            "도로명주소":"대전시 대덕구 대전로1020번길 85",
            "세대수":0,
            "입주년차":0,
            "용적률점수":"--",
            "건폐율점수":"--",
            "세대당주차수":0,
            "난방방식":30,
            "공급면적":"--",
            "전용률":"--",
            "욕실수":50,
            "현관타입":100,
            "주거총점":18.0,
            "지역구공급총점":0.0,
            "역세권":0,
            "30분내 이동가능 거점":40,
            "1시간내 이동가능 거점":60,
            "교통총점":24.0,
            "백화점":100,
            "아울렛몰":0,
            "대형마트":0,
            "은행":0,
            "병원":0,
            "종합병원":100,
            "공원":100,
            "혐오시설":0,
            "인프라총점":53.0,
            "초등학군":89.99,
            "중학군":41.52,
            "학군총점":51.214,
            "인구수":19.57,
            "인구증감":-3.15,
            "인구총점":12.754,
            "일자리":14.07,
            "소득수준":72.66,
            "일자리총점":31.647,
            "가치 총점":39.3642,
            "매매실거래년":20220221.0,
            "매매실거래가":18800.0,
            "전세실거래년":20161030.0,
            "전세실거래가":4500.0,
            "전세가율":37.5,
            "장기전세가율평균":69.62,
            "전세가율거품지수":32.12,
            "검색코드":5626,
            "세대수":200.0,
            "준공년월":"1996-10-05",
            "준공년차":27.0,
            "가까운역이름":"용문",
            "가까운역거리":2628.27,
            "역세권여부":"비역세권",
            "30분이내주요거점역":2,
            "30분거점역이름":"['대전', '탄방']",
            "1시간이내주요거점역":6,
            "1시간거점역이름":"['대전', '유성온천', '시청', '반석', '정부청사', '탄방']",
            "3km이내백화점수":1,
            "5km이내아울렛몰수":0,
            "1km이내대형먀트수":0,
            "500m이내은행수":1,
            "500m이내병원수":0,
            "5km이내대형병원수":6,
            "500m이내공원수":3,
            "3km이내혐오시설수":0,
            "초등학교학업성취도":89.99,
            "중학교학업성취도":69.2,
            "용적률":240,
            "건폐율":29,
            "Y":36.349618,
            "X":127.419082,
            "rank":22.0,
            "area_info":"22평(75.23), 30평(100.95)",
            "last_sales":"2022-02-21,18800.0,30평(100.95)",
            "rank_history":[
                [
                    "202203",
                    22
                ],
                [
                    "202202",
                    23
                ],
                [
                    "202201",
                    21
                ]
            ],
            "rank_gap":1
        },
        {
            "index":53,
            "아파트명":"상록수",
            "투자타입":"일반",
            "전용면적(m2)":"78.25",
            "전용면적(평)":"23평",
            "법정동주소":"대전시 대덕구 목상동 185-1",
            "도로명주소":"대전시 대덕구 대덕대로1470번길 27",
            "세대수":50,
            "입주년차":20,
            "용적률점수":"--",
            "건폐율점수":"--",
            "세대당주차수":30,
            "난방방식":100,
            "공급면적":"--",
            "전용률":"--",
            "욕실수":50,
            "현관타입":100,
            "주거총점":51.0,
            "지역구공급총점":0.0,
            "역세권":0,
            "30분내 이동가능 거점":0,
            "1시간내 이동가능 거점":10,
            "교통총점":2.0,
            "백화점":0,
            "아울렛몰":80,
            "대형마트":0,
            "은행":0,
            "병원":0,
            "종합병원":80,
            "공원":100,
            "혐오시설":0,
            "인프라총점":27.0,
            "초등학군":89.98,
            "중학군":52.86,
            "학군총점":60.284,
            "인구수":19.57,
            "인구증감":-3.15,
            "인구총점":12.754,
            "일자리":14.07,
            "소득수준":72.66,
            "일자리총점":31.647,
            "가치 총점":39.2352,
            "매매실거래년":20220129.0,
            "매매실거래가":18650.0,
            "전세실거래년":20220214.0,
            "전세실거래가":17000.0,
            "전세가율":91.15,
            "장기전세가율평균":69.62,
            "전세가율거품지수":-21.53,
            "검색코드":10326,
            "세대수":456.0,
            "준공년월":"1999-02-01",
            "준공년차":24.0,
            "가까운역이름":"정부청사",
            "가까운역거리":10521.56,
            "역세권여부":"비역세권",
            "30분이내주요거점역":0,
            "30분거점역이름":"[]",
            "1시간이내주요거점역":1,
            "1시간거점역이름":"['대전']",
            "3km이내백화점수":0,
            "5km이내아울렛몰수":1,
            "1km이내대형먀트수":0,
            "500m이내은행수":0,
            "500m이내병원수":0,
            "5km이내대형병원수":1,
            "500m이내공원수":2,
            "3km이내혐오시설수":0,
            "초등학교학업성취도":89.98,
            "중학교학업성취도":88.1,
            "용적률":138,
            "건폐율":18,
            "Y":36.448536,
            "X":127.413203,
            "rank":23.0,
            "area_info":"23평(78.25), 23평(78.25)",
            "last_sales":"2022-01-29,18650.0,23평(78.25)",
            "rank_history":[
                [
                    "202203",
                    23
                ],
                [
                    "202202",
                    14
                ],
                [
                    "202201",
                    14
                ]
            ],
            "rank_gap":-9
        },
        {
            "index":225,
            "아파트명":"평원(도시형)",
            "투자타입":"일반",
            "전용면적(m2)":"59.33",
            "전용면적(평)":"17평",
            "법정동주소":"대전시 대덕구 송촌동 560-6",
            "도로명주소":"대전시 대덕구 동춘당로15번길 54",
            "세대수":0,
            "입주년차":80,
            "용적률점수":"--",
            "건폐율점수":"--",
            "세대당주차수":0,
            "난방방식":30,
            "공급면적":"--",
            "전용률":"--",
            "욕실수":50,
            "현관타입":100,
            "주거총점":34.0,
            "지역구공급총점":0.0,
            "역세권":0,
            "30분내 이동가능 거점":20,
            "1시간내 이동가능 거점":50,
            "교통총점":16.0,
            "백화점":0,
            "아울렛몰":0,
            "대형마트":80,
            "은행":0,
            "병원":0,
            "종합병원":100,
            "공원":100,
            "혐오시설":0,
            "인프라총점":35.0,
            "초등학군":89.98,
            "중학군":49.9,
            "학군총점":57.916,
            "인구수":19.57,
            "인구증감":-3.15,
            "인구총점":12.754,
            "일자리":14.07,
            "소득수준":72.66,
            "일자리총점":31.647,
            "가치 총점":38.7748,
            "매매실거래년":20210828.0,
            "매매실거래가":13000.0,
            "전세실거래년":20200904.0,
            "전세실거래가":11000.0,
            "전세가율":78.57,
            "장기전세가율평균":69.62,
            "전세가율거품지수":-8.95,
            "검색코드":109786,
            "세대수":52.0,
            "준공년월":"2014-10-14",
            "준공년차":9.0,
            "가까운역이름":"대동",
            "가까운역거리":3237.78,
            "역세권여부":"비역세권",
            "30분이내주요거점역":1,
            "30분거점역이름":"['대전']",
            "1시간이내주요거점역":5,
            "1시간거점역이름":"['대전', '유성온천', '시청', '정부청사', '탄방']",
            "3km이내백화점수":0,
            "5km이내아울렛몰수":0,
            "1km이내대형먀트수":1,
            "500m이내은행수":0,
            "500m이내병원수":0,
            "5km이내대형병원수":4,
            "500m이내공원수":5,
            "3km이내혐오시설수":0,
            "초등학교학업성취도":89.98,
            "중학교학업성취도":81.9,
            "용적률":199,
            "건폐율":29,
            "Y":36.358638,
            "X":127.445266,
            "rank":24.0,
            "area_info":"17평(59.33), 19평(65.74), 20평(66.46), 20평(66.86)",
            "last_sales":"2021-08-28,13000.0,20평(66.46)",
            "rank_history":[
                [
                    "202203",
                    24
                ],
                [
                    "202202",
                    9999
                ]
            ],
            "rank_gap":9999
        },
        {
            "index":48,
            "아파트명":"다사랑",
            "투자타입":"일반",
            "전용면적(m2)":"70.08",
            "전용면적(평)":"21평",
            "법정동주소":"대전시 대덕구 목상동 185-2",
            "도로명주소":"대전시 대덕구 대덕대로1470번길 55",
            "세대수":90,
            "입주년차":0,
            "용적률점수":"--",
            "건폐율점수":"--",
            "세대당주차수":0,
            "난방방식":100,
            "공급면적":"--",
            "전용률":"--",
            "욕실수":50,
            "현관타입":10,
            "주거총점":47.5,
            "지역구공급총점":0.0,
            "역세권":0,
            "30분내 이동가능 거점":0,
            "1시간내 이동가능 거점":10,
            "교통총점":2.0,
            "백화점":0,
            "아울렛몰":80,
            "대형마트":0,
            "은행":0,
            "병원":0,
            "종합병원":80,
            "공원":100,
            "혐오시설":0,
            "인프라총점":27.0,
            "초등학군":89.98,
            "중학군":52.86,
            "학군총점":60.284,
            "인구수":19.57,
            "인구증감":-3.15,
            "인구총점":12.754,
            "일자리":14.07,
            "소득수준":72.66,
            "일자리총점":31.647,
            "가치 총점":38.3602,
            "매매실거래년":20220220.0,
            "매매실거래가":12800.0,
            "전세실거래년":20220222.0,
            "전세실거래가":13000.0,
            "전세가율":101.56,
            "장기전세가율평균":69.62,
            "전세가율거품지수":-31.94,
            "검색코드":5627,
            "세대수":900.0,
            "준공년월":"1993-09-09",
            "준공년차":30.0,
            "가까운역이름":"정부청사",
            "가까운역거리":10362.19,
            "역세권여부":"비역세권",
            "30분이내주요거점역":0,
            "30분거점역이름":"[]",
            "1시간이내주요거점역":1,
            "1시간거점역이름":"['대전']",
            "3km이내백화점수":0,
            "5km이내아울렛몰수":1,
            "1km이내대형먀트수":0,
            "500m이내은행수":0,
            "500m이내병원수":0,
            "5km이내대형병원수":1,
            "500m이내공원수":2,
            "3km이내혐오시설수":0,
            "초등학교학업성취도":89.98,
            "중학교학업성취도":88.1,
            "용적률":186,
            "건폐율":16,
            "Y":36.446934,
            "X":127.413683,
            "rank":25.0,
            "area_info":"21평(70.08)",
            "last_sales":"2022-02-20,12800.0,21평(70.08)",
            "rank_history":[
                [
                    "202203",
                    25
                ],
                [
                    "202202",
                    20
                ],
                [
                    "202201",
                    17
                ]
            ],
            "rank_gap":-5
        },
        {
            "index":249,
            "아파트명":"새여울(라이프)",
            "투자타입":"일반",
            "전용면적(m2)":"113.08",
            "전용면적(평)":"34평",
            "법정동주소":"대전시 대덕구 신탄진동 22-1",
            "도로명주소":"대전시 대덕구 대청로64번길 11",
            "세대수":30,
            "입주년차":0,
            "용적률점수":"--",
            "건폐율점수":"--",
            "세대당주차수":60,
            "난방방식":30,
            "공급면적":"--",
            "전용률":"--",
            "욕실수":100,
            "현관타입":100,
            "주거총점":42.5,
            "지역구공급총점":0.0,
            "역세권":0,
            "30분내 이동가능 거점":0,
            "1시간내 이동가능 거점":20,
            "교통총점":4.0,
            "백화점":0,
            "아울렛몰":80,
            "대형마트":80,
            "은행":0,
            "병원":0,
            "종합병원":80,
            "공원":100,
            "혐오시설":0,
            "인프라총점":39.0,
            "초등학군":90.01,
            "중학군":41.76,
            "학군총점":51.41,
            "인구수":19.57,
            "인구증감":-3.15,
            "인구총점":12.754,
            "일자리":14.07,
            "소득수준":72.66,
            "일자리총점":31.647,
            "가치 총점":38.348,
            "매매실거래년":20211204.0,
            "매매실거래가":28000.0,
            "전세실거래년":20211113.0,
            "전세실거래가":22000.0,
            "전세가율":78.57,
            "장기전세가율평균":69.62,
            "전세가율거품지수":-8.95,
            "검색코드":5567,
            "세대수":308.0,
            "준공년월":"1994-11-24",
            "준공년차":29.0,
            "가까운역이름":"정부청사",
            "가까운역거리":11668.28,
            "역세권여부":"비역세권",
            "30분이내주요거점역":0,
            "30분거점역이름":"[]",
            "1시간이내주요거점역":2,
            "1시간거점역이름":"['대전', '시청']",
            "3km이내백화점수":0,
            "5km이내아울렛몰수":1,
            "1km이내대형먀트수":1,
            "500m이내은행수":0,
            "500m이내병원수":0,
            "5km이내대형병원수":1,
            "500m이내공원수":3,
            "3km이내혐오시설수":0,
            "초등학교학업성취도":90.01,
            "중학교학업성취도":67.2,
            "용적률":216,
            "건폐율":37,
            "Y":36.452488,
            "X":127.4366,
            "rank":26.0,
            "area_info":"34평(113.08), 36평(120.32), 44평(146.36)",
            "last_sales":"2021-12-04,28000.0,36평(120.32)",
            "rank_history":[
                [
                    "202203",
                    26
                ],
                [
                    "202202",
                    22
                ],
                [
                    "202201",
                    16
                ]
            ],
            "rank_gap":-4
        },
        {
            "index":55,
            "아파트명":"평화로운",
            "투자타입":"일반",
            "전용면적(m2)":"79.34",
            "전용면적(평)":"24평",
            "법정동주소":"대전시 대덕구 목상동 207-25",
            "도로명주소":"대전시 대덕구 대덕대로1520번길 77",
            "세대수":0,
            "입주년차":60,
            "용적률점수":"--",
            "건폐율점수":"--",
            "세대당주차수":30,
            "난방방식":100,
            "공급면적":"--",
            "전용률":"--",
            "욕실수":100,
            "현관타입":100,
            "주거총점":46.5,
            "지역구공급총점":0.0,
            "역세권":0,
            "30분내 이동가능 거점":0,
            "1시간내 이동가능 거점":10,
            "교통총점":2.0,
            "백화점":0,
            "아울렛몰":80,
            "대형마트":0,
            "은행":0,
            "병원":0,
            "종합병원":80,
            "공원":100,
            "혐오시설":0,
            "인프라총점":27.0,
            "초등학군":89.98,
            "중학군":52.86,
            "학군총점":60.284,
            "인구수":19.57,
            "인구증감":-3.15,
            "인구총점":12.754,
            "일자리":14.07,
            "소득수준":72.66,
            "일자리총점":31.647,
            "가치 총점":38.1102,
            "매매실거래년":20220106.0,
            "매매실거래가":23000.0,
            "전세실거래년":20211115.0,
            "전세실거래가":12100.0,
            "전세가율":73.33,
            "장기전세가율평균":69.62,
            "전세가율거품지수":-3.71,
            "검색코드":103926,
            "세대수":199.0,
            "준공년월":"2011-07-29",
            "준공년차":12.0,
            "가까운역이름":"정부청사",
            "가까운역거리":10397.76,
            "역세권여부":"비역세권",
            "30분이내주요거점역":0,
            "30분거점역이름":"[]",
            "1시간이내주요거점역":1,
            "1시간거점역이름":"['대전']",
            "3km이내백화점수":0,
            "5km이내아울렛몰수":1,
            "1km이내대형먀트수":0,
            "500m이내은행수":0,
            "500m이내병원수":0,
            "5km이내대형병원수":1,
            "500m이내공원수":2,
            "3km이내혐오시설수":0,
            "초등학교학업성취도":89.98,
            "중학교학업성취도":88.1,
            "용적률":199,
            "건폐율":22,
            "Y":36.446862,
            "X":127.415368,
            "rank":27.0,
            "area_info":"24평(79.34), 30평(99.96), 31평(104.03)",
            "last_sales":"2022-01-06,23000.0,30평(99.96)",
            "rank_history":[
                [
                    "202203",
                    27
                ],
                [
                    "202202",
                    21
                ],
                [
                    "202201",
                    18
                ]
            ],
            "rank_gap":-6
        },
        {
            "index":140,
            "아파트명":"임광",
            "투자타입":"재건축",
            "전용면적(m2)":"53.31",
            "전용면적(평)":"16평",
            "법정동주소":"대전시 대덕구 비래동 129-3",
            "도로명주소":"대전시 대덕구 비래동로31번길 30",
            "세대수":0,
            "입주년차":"--",
            "용적률점수":80,
            "건폐율점수":60,
            "세대당주차수":"--",
            "난방방식":"--",
            "공급면적":50,
            "전용률":100,
            "욕실수":"--",
            "현관타입":"--",
            "주거총점":51.5,
            "지역구공급총점":0.0,
            "역세권":0,
            "30분내 이동가능 거점":20,
            "1시간내 이동가능 거점":50,
            "교통총점":16.0,
            "백화점":0,
            "아울렛몰":0,
            "대형마트":0,
            "은행":0,
            "병원":0,
            "종합병원":100,
            "공원":100,
            "혐오시설":0,
            "인프라총점":23.0,
            "초등학군":90.02,
            "중학군":39.26,
            "학군총점":49.412,
            "인구수":19.57,
            "인구증감":-3.15,
            "인구총점":12.754,
            "일자리":14.07,
            "소득수준":72.66,
            "일자리총점":31.647,
            "가치 총점":36.9986,
            "매매실거래년":20190822.0,
            "매매실거래가":8500.0,
            "전세실거래년":20110221.0,
            "전세실거래가":4000.0,
            "전세가율":58.39,
            "장기전세가율평균":69.62,
            "전세가율거품지수":11.23,
            "검색코드":17027,
            "세대수":74.0,
            "준공년월":"1988-07-22",
            "준공년차":35.0,
            "가까운역이름":"대동",
            "가까운역거리":3148.32,
            "역세권여부":"비역세권",
            "30분이내주요거점역":1,
            "30분거점역이름":"['대전']",
            "1시간이내주요거점역":5,
            "1시간거점역이름":"['대전', '유성온천', '시청', '정부청사', '탄방']",
            "3km이내백화점수":0,
            "5km이내아울렛몰수":0,
            "1km이내대형먀트수":0,
            "500m이내은행수":1,
            "500m이내병원수":0,
            "5km이내대형병원수":4,
            "500m이내공원수":3,
            "3km이내혐오시설수":0,
            "초등학교학업성취도":90.02,
            "중학교학업성취도":65.1,
            "용적률":152,
            "건폐율":30,
            "Y":36.357395,
            "X":127.449442,
            "rank":28.0,
            "area_info":"16평(53.31), 23평(79.0), 24평(82.64), 24평(82.5), 26평(88.29), 30평(100.39)",
            "last_sales":"2019-08-22,8500.0,30평(100.39)",
            "rank_history":[
                [
                    "202203",
                    28
                ],
                [
                    "202202",
                    9999
                ]
            ],
            "rank_gap":9999
        },
        {
            "index":290,
            "아파트명":"현대",
            "투자타입":"일반",
            "전용면적(m2)":"84.01",
            "전용면적(평)":"25평",
            "법정동주소":"대전시 대덕구 와동 111",
            "도로명주소":"대전시 대덕구 신탄진로218번길 62",
            "세대수":50,
            "입주년차":0,
            "용적률점수":"--",
            "건폐율점수":"--",
            "세대당주차수":0,
            "난방방식":80,
            "공급면적":"--",
            "전용률":"--",
            "욕실수":50,
            "현관타입":10,
            "주거총점":31.5,
            "지역구공급총점":0.0,
            "역세권":0,
            "30분내 이동가능 거점":0,
            "1시간내 이동가능 거점":50,
            "교통총점":10.0,
            "백화점":0,
            "아울렛몰":80,
            "대형마트":80,
            "은행":0,
            "병원":0,
            "종합병원":80,
            "공원":80,
            "혐오시설":0,
            "인프라총점":38.4,
            "초등학군":89.96,
            "중학군":44.22,
            "학군총점":53.368,
            "인구수":19.57,
            "인구증감":-3.15,
            "인구총점":12.754,
            "일자리":14.07,
            "소득수준":72.66,
            "일자리총점":31.647,
            "가치 총점":36.9054,
            "매매실거래년":20220120.0,
            "매매실거래가":16000.0,
            "전세실거래년":20220121.0,
            "전세실거래가":15000.0,
            "전세가율":93.75,
            "장기전세가율평균":69.62,
            "전세가율거품지수":-24.13,
            "검색코드":5641,
            "세대수":656.0,
            "준공년월":"1994-08-19",
            "준공년차":29.0,
            "가까운역이름":"정부청사",
            "가까운역거리":6310.97,
            "역세권여부":"비역세권",
            "30분이내주요거점역":0,
            "30분거점역이름":"[]",
            "1시간이내주요거점역":5,
            "1시간거점역이름":"['대전', '유성온천', '시청', '정부청사', '탄방']",
            "3km이내백화점수":0,
            "5km이내아울렛몰수":1,
            "1km이내대형먀트수":1,
            "500m이내은행수":0,
            "500m이내병원수":0,
            "5km이내대형병원수":1,
            "500m이내공원수":1,
            "3km이내혐오시설수":0,
            "초등학교학업성취도":89.96,
            "중학교학업성취도":73.7,
            "용적률":279,
            "건폐율":22,
            "Y":36.402197,
            "X":127.424667,
            "rank":29.0,
            "area_info":"25평(84.01), 32평(107.24)",
            "last_sales":"2022-01-20,16000.0,25평(84.01)",
            "rank_history":[
                [
                    "202203",
                    29
                ],
                [
                    "202202",
                    25
                ],
                [
                    "202201",
                    38
                ]
            ],
            "rank_gap":-4
        },
        {
            "index":43,
            "아파트명":"리치빌",
            "투자타입":"일반",
            "전용면적(m2)":"76.18",
            "전용면적(평)":"23평",
            "법정동주소":"대전시 대덕구 덕암동 46-2",
            "도로명주소":"대전시 대덕구 덕암로234번길 23",
            "세대수":0,
            "입주년차":60,
            "용적률점수":"--",
            "건폐율점수":"--",
            "세대당주차수":30,
            "난방방식":30,
            "공급면적":"--",
            "전용률":"--",
            "욕실수":100,
            "현관타입":100,
            "주거총점":39.5,
            "지역구공급총점":0.0,
            "역세권":0,
            "30분내 이동가능 거점":0,
            "1시간내 이동가능 거점":20,
            "교통총점":4.0,
            "백화점":0,
            "아울렛몰":80,
            "대형마트":100,
            "은행":0,
            "병원":0,
            "종합병원":80,
            "공원":100,
            "혐오시설":0,
            "인프라총점":42.0,
            "초등학군":90.0,
            "중학군":35.08,
            "학군총점":46.064,
            "인구수":19.57,
            "인구증감":-3.15,
            "인구총점":12.754,
            "일자리":14.07,
            "소득수준":72.66,
            "일자리총점":31.647,
            "가치 총점":36.8942,
            "매매실거래년":20211106.0,
            "매매실거래가":14300.0,
            "전세실거래년":20200914.0,
            "전세실거래가":9000.0,
            "전세가율":62.94,
            "장기전세가율평균":69.62,
            "전세가율거품지수":6.68,
            "검색코드":105049,
            "세대수":118.0,
            "준공년월":"2009-03-24",
            "준공년차":14.0,
            "가까운역이름":"정부청사",
            "가까운역거리":10145.41,
            "역세권여부":"비역세권",
            "30분이내주요거점역":0,
            "30분거점역이름":"[]",
            "1시간이내주요거점역":2,
            "1시간거점역이름":"['대전', '시청']",
            "3km이내백화점수":0,
            "5km이내아울렛몰수":1,
            "1km이내대형먀트수":2,
            "500m이내은행수":0,
            "500m이내병원수":0,
            "5km이내대형병원수":1,
            "500m이내공원수":2,
            "3km이내혐오시설수":0,
            "초등학교학업성취도":90.0,
            "중학교학업성취도":57.6,
            "용적률":202,
            "건폐율":19,
            "Y":36.441254,
            "X":127.426152,
            "rank":30.0,
            "area_info":"23평(76.18)",
            "last_sales":"2021-11-06,14300.0,23평(76.18)",
            "rank_history":[
                [
                    "202203",
                    30
                ],
                [
                    "202202",
                    24
                ],
                [
                    "202201",
                    31
                ]
            ],
            "rank_gap":-6
        },
        {
            "index":299,
            "아파트명":"그레이스K",
            "투자타입":"일반",
            "전용면적(m2)":"44.2",
            "전용면적(평)":"13평",
            "법정동주소":"대전시 대덕구 중리동 236-4",
            "도로명주소":"대전시 대덕구 한밭대로 1140",
            "세대수":0,
            "입주년차":100,
            "용적률점수":"--",
            "건폐율점수":"--",
            "세대당주차수":0,
            "난방방식":30,
            "공급면적":"--",
            "전용률":"--",
            "욕실수":50,
            "현관타입":100,
            "주거총점":38.0,
            "지역구공급총점":0.0,
            "역세권":0,
            "30분내 이동가능 거점":60,
            "1시간내 이동가능 거점":60,
            "교통총점":30.0,
            "백화점":0,
            "아울렛몰":0,
            "대형마트":0,
            "은행":0,
            "병원":0,
            "종합병원":100,
            "공원":100,
            "혐오시설":0,
            "인프라총점":23.0,
            "초등학군":90.0,
            "중학군":43.08,
            "학군총점":52.464,
            "인구수":19.57,
            "인구증감":-3.15,
            "인구총점":12.754,
            "일자리":14.07,
            "소득수준":72.66,
            "일자리총점":31.647,
            "가치 총점":36.6392,
            "매매실거래년":"18000101",
            "매매실거래가":null,
            "전세실거래년":20210407.0,
            "전세실거래가":16000.0,
            "전세가율":null,
            "장기전세가율평균":69.62,
            "전세가율거품지수":null,
            "검색코드":135326,
            "세대수":64.0,
            "준공년월":"2020-08-14",
            "준공년차":3.0,
            "가까운역이름":"대동",
            "가까운역거리":3585.56,
            "역세권여부":"비역세권",
            "30분이내주요거점역":3,
            "30분거점역이름":"['대전', '시청', '정부청사']",
            "1시간이내주요거점역":6,
            "1시간거점역이름":"['대전', '유성온천', '시청', '반석', '정부청사', '탄방']",
            "3km이내백화점수":0,
            "5km이내아울렛몰수":0,
            "1km이내대형먀트수":0,
            "500m이내은행수":0,
            "500m이내병원수":0,
            "5km이내대형병원수":6,
            "500m이내공원수":5,
            "3km이내혐오시설수":0,
            "초등학교학업성취도":90.0,
            "중학교학업성취도":71.8,
            "용적률":249,
            "건폐율":42,
            "Y":36.35853,
            "X":127.425192,
            "rank":31.0,
            "area_info":"13평(44.2), 13평(45.38)",
            "last_sales":"1800-01-01,nan,13평(44.2)",
            "rank_history":[
                [
                    "202203",
                    31
                ],
                [
                    "202202",
                    9999
                ]
            ],
            "rank_gap":9999
        },
        {
            "index":280,
            "아파트명":"영진로얄맨션",
            "투자타입":"재건축",
            "전용면적(m2)":"90.68",
            "전용면적(평)":"27평",
            "법정동주소":"대전시 대덕구 오정동 254-1",
            "도로명주소":"대전시 대덕구 대전로1020번길 86",
            "세대수":0,
            "입주년차":"--",
            "용적률점수":0,
            "건폐율점수":0,
            "세대당주차수":"--",
            "난방방식":"--",
            "공급면적":70,
            "전용률":80,
            "욕실수":"--",
            "현관타입":"--",
            "주거총점":7.5,
            "지역구공급총점":0.0,
            "역세권":0,
            "30분내 이동가능 거점":40,
            "1시간내 이동가능 거점":60,
            "교통총점":24.0,
            "백화점":100,
            "아울렛몰":0,
            "대형마트":0,
            "은행":0,
            "병원":0,
            "종합병원":100,
            "공원":80,
            "혐오시설":0,
            "인프라총점":52.4,
            "초등학군":89.99,
            "중학군":41.52,
            "학군총점":51.214,
            "인구수":19.57,
            "인구증감":-3.15,
            "인구총점":12.754,
            "일자리":14.07,
            "소득수준":72.66,
            "일자리총점":31.647,
            "가치 총점":36.5592,
            "매매실거래년":20210907.0,
            "매매실거래가":15000.0,
            "전세실거래년":20190219.0,
            "전세실거래가":8000.0,
            "전세가율":53.33,
            "장기전세가율평균":69.62,
            "전세가율거품지수":16.29,
            "검색코드":5625,
            "세대수":120.0,
            "준공년월":"1991-10-12",
            "준공년차":32.0,
            "가까운역이름":"오룡",
            "가까운역거리":2705.06,
            "역세권여부":"비역세권",
            "30분이내주요거점역":2,
            "30분거점역이름":"['대전', '탄방']",
            "1시간이내주요거점역":6,
            "1시간거점역이름":"['대전', '유성온천', '시청', '반석', '정부청사', '탄방']",
            "3km이내백화점수":1,
            "5km이내아울렛몰수":0,
            "1km이내대형먀트수":0,
            "500m이내은행수":1,
            "500m이내병원수":0,
            "5km이내대형병원수":6,
            "500m이내공원수":1,
            "3km이내혐오시설수":0,
            "초등학교학업성취도":89.99,
            "중학교학업성취도":69.2,
            "용적률":0,
            "건폐율":0,
            "Y":36.34973,
            "X":127.42008,
            "rank":32.0,
            "area_info":"27평(90.68), 27평(92.16), 30평(100.1)",
            "last_sales":"2021-09-07,15000.0,27평(90.68)",
            "rank_history":[
                [
                    "202203",
                    32
                ],
                [
                    "202202",
                    30
                ],
                [
                    "202201",
                    29
                ]
            ],
            "rank_gap":-2
        },
        {
            "index":28,
            "아파트명":"오광",
            "투자타입":"재건축",
            "전용면적(m2)":"65.06",
            "전용면적(평)":"19평",
            "법정동주소":"대전시 대덕구 대화동 253",
            "도로명주소":"대전시 대덕구 생산5길 22",
            "세대수":0,
            "입주년차":"--",
            "용적률점수":0,
            "건폐율점수":0,
            "세대당주차수":"--",
            "난방방식":"--",
            "공급면적":50,
            "전용률":80,
            "욕실수":"--",
            "현관타입":"--",
            "주거총점":6.5,
            "지역구공급총점":0.0,
            "역세권":0,
            "30분내 이동가능 거점":20,
            "1시간내 이동가능 거점":60,
            "교통총점":18.0,
            "백화점":100,
            "아울렛몰":0,
            "대형마트":0,
            "은행":0,
            "병원":0,
            "종합병원":100,
            "공원":100,
            "혐오시설":0,
            "인프라총점":53.0,
            "초등학군":89.99,
            "중학군":44.44,
            "학군총점":53.55,
            "인구수":19.57,
            "인구증감":-3.15,
            "인구총점":12.754,
            "일자리":14.07,
            "소득수준":72.66,
            "일자리총점":31.647,
            "가치 총점":36.29,
            "매매실거래년":20211028.0,
            "매매실거래가":9300.0,
            "전세실거래년":20210117.0,
            "전세실거래가":5000.0,
            "전세가율":62.5,
            "장기전세가율평균":69.62,
            "전세가율거품지수":7.12,
            "검색코드":14557,
            "세대수":105.0,
            "준공년월":"1986-09-25",
            "준공년차":37.0,
            "가까운역이름":"정부청사",
            "가까운역거리":2703.78,
            "역세권여부":"비역세권",
            "30분이내주요거점역":1,
            "30분거점역이름":"['정부청사']",
            "1시간이내주요거점역":6,
            "1시간거점역이름":"['대전', '유성온천', '시청', '반석', '정부청사', '탄방']",
            "3km이내백화점수":1,
            "5km이내아울렛몰수":0,
            "1km이내대형먀트수":0,
            "500m이내은행수":0,
            "500m이내병원수":0,
            "5km이내대형병원수":5,
            "500m이내공원수":5,
            "3km이내혐오시설수":0,
            "초등학교학업성취도":89.99,
            "중학교학업성취도":73.4,
            "용적률":0,
            "건폐율":0,
            "Y":36.364634,
            "X":127.410123,
            "rank":33.0,
            "area_info":"19평(65.06), 22평(75.41)",
            "last_sales":"2021-10-28,9300.0,22평(75.41)",
            "rank_history":[
                [
                    "202203",
                    33
                ],
                [
                    "202202",
                    31
                ],
                [
                    "202201",
                    28
                ]
            ],
            "rank_gap":-2
        },
        {
            "index":92,
            "아파트명":"삼호",
            "투자타입":"재건축",
            "전용면적(m2)":"93.26",
            "전용면적(평)":"28평",
            "법정동주소":"대전시 대덕구 법동 280-2",
            "도로명주소":"대전시 대덕구 계족로663번길 32",
            "세대수":50,
            "입주년차":"--",
            "용적률점수":0,
            "건폐율점수":60,
            "세대당주차수":"--",
            "난방방식":"--",
            "공급면적":70,
            "전용률":80,
            "욕실수":"--",
            "현관타입":"--",
            "주거총점":34.5,
            "지역구공급총점":0.0,
            "역세권":0,
            "30분내 이동가능 거점":20,
            "1시간내 이동가능 거점":50,
            "교통총점":16.0,
            "백화점":0,
            "아울렛몰":0,
            "대형마트":100,
            "은행":0,
            "병원":0,
            "종합병원":100,
            "공원":100,
            "혐오시설":0,
            "인프라총점":38.0,
            "초등학군":89.95,
            "중학군":34.14,
            "학군총점":45.302,
            "인구수":19.57,
            "인구증감":-3.15,
            "인구총점":12.754,
            "일자리":14.07,
            "소득수준":72.66,
            "일자리총점":31.647,
            "가치 총점":36.0156,
            "매매실거래년":20211225.0,
            "매매실거래가":26500.0,
            "전세실거래년":20211215.0,
            "전세실거래가":20000.0,
            "전세가율":93.02,
            "장기전세가율평균":69.62,
            "전세가율거품지수":-23.4,
            "검색코드":5596,
            "세대수":480.0,
            "준공년월":"1989-10-19",
            "준공년차":34.0,
            "가까운역이름":"정부청사",
            "가까운역거리":4285.36,
            "역세권여부":"비역세권",
            "30분이내주요거점역":1,
            "30분거점역이름":"['대전']",
            "1시간이내주요거점역":5,
            "1시간거점역이름":"['대전', '유성온천', '시청', '정부청사', '탄방']",
            "3km이내백화점수":0,
            "5km이내아울렛몰수":0,
            "1km이내대형먀트수":2,
            "500m이내은행수":0,
            "500m이내병원수":0,
            "5km이내대형병원수":4,
            "500m이내공원수":3,
            "3km이내혐오시설수":0,
            "초등학교학업성취도":89.95,
            "중학교학업성취도":56.9,
            "용적률":248,
            "건폐율":34,
            "Y":36.372854,
            "X":127.42515,
            "rank":34.0,
            "area_info":"28평(93.26), 30평(101.48), 30평(101.66)",
            "last_sales":"2021-12-25,26500.0,30평(101.48)",
            "rank_history":[
                [
                    "202203",
                    34
                ],
                [
                    "202202",
                    32
                ],
                [
                    "202201",
                    39
                ]
            ],
            "rank_gap":-2
        },
        {
            "index":30,
            "아파트명":"장미",
            "투자타입":"재건축",
            "전용면적(m2)":"65.52",
            "전용면적(평)":"19평",
            "법정동주소":"대전시 대덕구 대화동 229-12",
            "도로명주소":"대전시 대덕구 동심5길 16",
            "세대수":0,
            "입주년차":"--",
            "용적률점수":0,
            "건폐율점수":0,
            "세대당주차수":"--",
            "난방방식":"--",
            "공급면적":50,
            "전용률":100,
            "욕실수":"--",
            "현관타입":"--",
            "주거총점":7.5,
            "지역구공급총점":0.0,
            "역세권":0,
            "30분내 이동가능 거점":0,
            "1시간내 이동가능 거점":60,
            "교통총점":12.0,
            "백화점":100,
            "아울렛몰":0,
            "대형마트":0,
            "은행":0,
            "병원":0,
            "종합병원":100,
            "공원":100,
            "혐오시설":0,
            "인프라총점":53.0,
            "초등학군":89.99,
            "중학군":44.44,
            "학군총점":53.55,
            "인구수":19.57,
            "인구증감":-3.15,
            "인구총점":12.754,
            "일자리":14.07,
            "소득수준":72.66,
            "일자리총점":31.647,
            "가치 총점":35.64,
            "매매실거래년":20211116.0,
            "매매실거래가":10000.0,
            "전세실거래년":20210828.0,
            "전세실거래가":9000.0,
            "전세가율":90.0,
            "장기전세가율평균":69.62,
            "전세가율거품지수":-20.38,
            "검색코드":5588,
            "세대수":159.0,
            "준공년월":"1986-09-05",
            "준공년차":37.0,
            "가까운역이름":"정부청사",
            "가까운역거리":2919.82,
            "역세권여부":"비역세권",
            "30분이내주요거점역":0,
            "30분거점역이름":"[]",
            "1시간이내주요거점역":6,
            "1시간거점역이름":"['대전', '유성온천', '시청', '반석', '정부청사', '탄방']",
            "3km이내백화점수":1,
            "5km이내아울렛몰수":0,
            "1km이내대형먀트수":0,
            "500m이내은행수":1,
            "500m이내병원수":0,
            "5km이내대형병원수":5,
            "500m이내공원수":6,
            "3km이내혐오시설수":0,
            "초등학교학업성취도":89.99,
            "중학교학업성취도":73.4,
            "용적률":0,
            "건폐율":0,
            "Y":36.366185,
            "X":127.412028,
            "rank":35.0,
            "area_info":"19평(65.52), 20평(67.41), 20평(68.76)",
            "last_sales":"2021-11-16,10000.0,19평(65.52)",
            "rank_history":[
                [
                    "202203",
                    35
                ],
                [
                    "202202",
                    29
                ],
                [
                    "202201",
                    27
                ]
            ],
            "rank_gap":-6
        },
        {
            "index":8,
            "아파트명":"대화",
            "투자타입":"재건축",
            "전용면적(m2)":"53.81",
            "전용면적(평)":"16평",
            "법정동주소":"대전시 대덕구 대화동 40-67",
            "도로명주소":"대전시 대덕구 대화로 53",
            "세대수":0,
            "입주년차":"--",
            "용적률점수":0,
            "건폐율점수":0,
            "세대당주차수":"--",
            "난방방식":"--",
            "공급면적":50,
            "전용률":100,
            "욕실수":"--",
            "현관타입":"--",
            "주거총점":7.5,
            "지역구공급총점":0.0,
            "역세권":0,
            "30분내 이동가능 거점":0,
            "1시간내 이동가능 거점":60,
            "교통총점":12.0,
            "백화점":100,
            "아울렛몰":0,
            "대형마트":0,
            "은행":0,
            "병원":0,
            "종합병원":100,
            "공원":100,
            "혐오시설":0,
            "인프라총점":53.0,
            "초등학군":89.99,
            "중학군":44.44,
            "학군총점":53.55,
            "인구수":19.57,
            "인구증감":-3.15,
            "인구총점":12.754,
            "일자리":14.07,
            "소득수준":72.66,
            "일자리총점":31.647,
            "가치 총점":35.64,
            "매매실거래년":20220103.0,
            "매매실거래가":6800.0,
            "전세실거래년":20220111.0,
            "전세실거래가":6500.0,
            "전세가율":95.59,
            "장기전세가율평균":69.62,
            "전세가율거품지수":-25.97,
            "검색코드":100954,
            "세대수":50.0,
            "준공년월":"1979-03-30",
            "준공년차":44.0,
            "가까운역이름":"정부청사",
            "가까운역거리":3070.23,
            "역세권여부":"비역세권",
            "30분이내주요거점역":0,
            "30분거점역이름":"[]",
            "1시간이내주요거점역":6,
            "1시간거점역이름":"['대전', '유성온천', '시청', '반석', '정부청사', '탄방']",
            "3km이내백화점수":1,
            "5km이내아울렛몰수":0,
            "1km이내대형먀트수":0,
            "500m이내은행수":1,
            "500m이내병원수":0,
            "5km이내대형병원수":5,
            "500m이내공원수":6,
            "3km이내혐오시설수":0,
            "초등학교학업성취도":89.99,
            "중학교학업성취도":73.4,
            "용적률":0,
            "건폐율":0,
            "Y":36.367461,
            "X":127.413233,
            "rank":35.0,
            "area_info":"16평(53.81)",
            "last_sales":"2022-01-03,6800.0,16평(53.81)",
            "rank_history":[
                [
                    "202203",
                    35
                ],
                [
                    "202202",
                    9999
                ]
            ],
            "rank_gap":9999
        },
        {
            "index":139,
            "아파트명":"유앤미",
            "투자타입":"일반",
            "전용면적(m2)":"107.25",
            "전용면적(평)":"32평",
            "법정동주소":"대전시 대덕구 비래동 116-2",
            "도로명주소":"대전시 대덕구 우암동로15번길 30",
            "세대수":0,
            "입주년차":40,
            "용적률점수":"--",
            "건폐율점수":"--",
            "세대당주차수":30,
            "난방방식":30,
            "공급면적":"--",
            "전용률":"--",
            "욕실수":100,
            "현관타입":100,
            "주거총점":35.5,
            "지역구공급총점":0.0,
            "역세권":0,
            "30분내 이동가능 거점":20,
            "1시간내 이동가능 거점":50,
            "교통총점":16.0,
            "백화점":0,
            "아울렛몰":0,
            "대형마트":0,
            "은행":0,
            "병원":0,
            "종합병원":100,
            "공원":100,
            "혐오시설":0,
            "인프라총점":23.0,
            "초등학군":90.02,
            "중학군":49.9,
            "학군총점":57.924,
            "인구수":19.57,
            "인구증감":-3.15,
            "인구총점":12.754,
            "일자리":14.07,
            "소득수준":72.66,
            "일자리총점":31.647,
            "가치 총점":35.5522,
            "매매실거래년":20210108.0,
            "매매실거래가":21500.0,
            "전세실거래년":20210106.0,
            "전세실거래가":18000.0,
            "전세가율":83.72,
            "장기전세가율평균":69.62,
            "전세가율거품지수":-14.1,
            "검색코드":101922,
            "세대수":58.0,
            "준공년월":"2005-04-22",
            "준공년차":18.0,
            "가까운역이름":"대동",
            "가까운역거리":3485.18,
            "역세권여부":"비역세권",
            "30분이내주요거점역":1,
            "30분거점역이름":"['대전']",
            "1시간이내주요거점역":5,
            "1시간거점역이름":"['대전', '유성온천', '시청', '정부청사', '탄방']",
            "3km이내백화점수":0,
            "5km이내아울렛몰수":0,
            "1km이내대형먀트수":0,
            "500m이내은행수":0,
            "500m이내병원수":0,
            "5km이내대형병원수":4,
            "500m이내공원수":2,
            "3km이내혐오시설수":0,
            "초등학교학업성취도":90.02,
            "중학교학업성취도":81.9,
            "용적률":199,
            "건폐율":18,
            "Y":36.360311,
            "X":127.450525,
            "rank":36.0,
            "area_info":"32평(107.25)",
            "last_sales":"2021-01-08,21500.0,32평(107.25)",
            "rank_history":[
                [
                    "202203",
                    36
                ],
                [
                    "202202",
                    9999
                ]
            ],
            "rank_gap":9999
        },
        {
            "index":37,
            "아파트명":"덕암(옥그린)",
            "투자타입":"일반",
            "전용면적(m2)":"60.32",
            "전용면적(평)":"18평",
            "법정동주소":"대전시 대덕구 덕암동 3-7",
            "도로명주소":"대전시 대덕구 덕암로265번길 81",
            "세대수":0,
            "입주년차":0,
            "용적률점수":"--",
            "건폐율점수":"--",
            "세대당주차수":0,
            "난방방식":30,
            "공급면적":"--",
            "전용률":"--",
            "욕실수":50,
            "현관타입":100,
            "주거총점":18.0,
            "지역구공급총점":0.0,
            "역세권":0,
            "30분내 이동가능 거점":0,
            "1시간내 이동가능 거점":10,
            "교통총점":2.0,
            "백화점":0,
            "아울렛몰":80,
            "대형마트":100,
            "은행":0,
            "병원":0,
            "종합병원":80,
            "공원":100,
            "혐오시설":0,
            "인프라총점":42.0,
            "초등학군":90.0,
            "중학군":52.86,
            "학군총점":60.288,
            "인구수":19.57,
            "인구증감":-3.15,
            "인구총점":12.754,
            "일자리":14.07,
            "소득수준":72.66,
            "일자리총점":31.647,
            "가치 총점":35.4864,
            "매매실거래년":20220218.0,
            "매매실거래가":6750.0,
            "전세실거래년":20210407.0,
            "전세실거래가":4200.0,
            "전세가율":75.0,
            "장기전세가율평균":69.62,
            "전세가율거품지수":-5.38,
            "검색코드":17032,
            "세대수":250.0,
            "준공년월":"1998-11-17",
            "준공년차":25.0,
            "가까운역이름":"정부청사",
            "가까운역거리":10479.36,
            "역세권여부":"비역세권",
            "30분이내주요거점역":0,
            "30분거점역이름":"[]",
            "1시간이내주요거점역":1,
            "1시간거점역이름":"['대전']",
            "3km이내백화점수":0,
            "5km이내아울렛몰수":1,
            "1km이내대형먀트수":2,
            "500m이내은행수":1,
            "500m이내병원수":0,
            "5km이내대형병원수":1,
            "500m이내공원수":3,
            "3km이내혐오시설수":0,
            "초등학교학업성취도":90.0,
            "중학교학업성취도":88.1,
            "용적률":0,
            "건폐율":0,
            "Y":36.44587,
            "X":127.42186,
            "rank":37.0,
            "area_info":"18평(60.32), 22평(73.04)",
            "last_sales":"2022-02-18,6750.0,22평(73.04)",
            "rank_history":[
                [
                    "202203",
                    37
                ],
                [
                    "202202",
                    26
                ],
                [
                    "202201",
                    25
                ]
            ],
            "rank_gap":-11
        },
        {
            "index":275,
            "아파트명":"양지마을",
            "투자타입":"일반",
            "전용면적(m2)":"79.41",
            "전용면적(평)":"24평",
            "법정동주소":"대전시 대덕구 오정동 55-5",
            "도로명주소":"대전시 대덕구 대전로1185번길 30",
            "세대수":50,
            "입주년차":20,
            "용적률점수":"--",
            "건폐율점수":"--",
            "세대당주차수":0,
            "난방방식":80,
            "공급면적":"--",
            "전용률":"--",
            "욕실수":50,
            "현관타입":10,
            "주거총점":35.5,
            "지역구공급총점":0.0,
            "역세권":0,
            "30분내 이동가능 거점":40,
            "1시간내 이동가능 거점":60,
            "교통총점":24.0,
            "백화점":0,
            "아울렛몰":0,
            "대형마트":0,
            "은행":0,
            "병원":0,
            "종합병원":100,
            "공원":100,
            "혐오시설":0,
            "인프라총점":23.0,
            "초등학군":89.99,
            "중학군":44.44,
            "학군총점":53.55,
            "인구수":19.57,
            "인구증감":-3.15,
            "인구총점":12.754,
            "일자리":14.07,
            "소득수준":72.66,
            "일자리총점":31.647,
            "가치 총점":35.44,
            "매매실거래년":20220117.0,
            "매매실거래가":33000.0,
            "전세실거래년":20220118.0,
            "전세실거래가":16000.0,
            "전세가율":74.42,
            "장기전세가율평균":69.62,
            "전세가율거품지수":-4.8,
            "검색코드":5623,
            "세대수":548.0,
            "준공년월":"1999-05-31",
            "준공년차":24.0,
            "가까운역이름":"정부청사",
            "가까운역거리":2986.41,
            "역세권여부":"비역세권",
            "30분이내주요거점역":2,
            "30분거점역이름":"['시청', '정부청사']",
            "1시간이내주요거점역":6,
            "1시간거점역이름":"['대전', '유성온천', '시청', '반석', '정부청사', '탄방']",
            "3km이내백화점수":0,
            "5km이내아울렛몰수":0,
            "1km이내대형먀트수":0,
            "500m이내은행수":1,
            "500m이내병원수":0,
            "5km이내대형병원수":6,
            "500m이내공원수":4,
            "3km이내혐오시설수":0,
            "초등학교학업성취도":89.99,
            "중학교학업성취도":73.4,
            "용적률":233,
            "건폐율":20,
            "Y":36.360545,
            "X":127.414399,
            "rank":38.0,
            "area_info":"24평(79.41), 26평(86.84), 31평(104.75), 32평(106.49), 42평(141.64)",
            "last_sales":"2022-01-17,33000.0,31평(104.75)",
            "rank_history":[
                [
                    "202203",
                    38
                ],
                [
                    "202202",
                    39
                ],
                [
                    "202201",
                    26
                ]
            ],
            "rank_gap":1
        },
        {
            "index":235,
            "아파트명":"골든리버",
            "투자타입":"일반",
            "전용면적(m2)":"35.7",
            "전용면적(평)":"10평",
            "법정동주소":"대전시 대덕구 신탄진동 141-28",
            "도로명주소":"대전시 대덕구 신탄진로810번길 20",
            "세대수":0,
            "입주년차":40,
            "용적률점수":"--",
            "건폐율점수":"--",
            "세대당주차수":0,
            "난방방식":30,
            "공급면적":"--",
            "전용률":"--",
            "욕실수":50,
            "현관타입":10,
            "주거총점":17.0,
            "지역구공급총점":0.0,
            "역세권":0,
            "30분내 이동가능 거점":0,
            "1시간내 이동가능 거점":20,
            "교통총점":4.0,
            "백화점":0,
            "아울렛몰":80,
            "대형마트":80,
            "은행":20,
            "병원":0,
            "종합병원":80,
            "공원":100,
            "혐오시설":0,
            "인프라총점":41.0,
            "초등학군":90.06,
            "중학군":52.86,
            "학군총점":60.3,
            "인구수":19.57,
            "인구증감":-3.15,
            "인구총점":12.754,
            "일자리":14.07,
            "소득수준":72.66,
            "일자리총점":31.647,
            "가치 총점":35.24,
            "매매실거래년":20220122.0,
            "매매실거래가":8800.0,
            "전세실거래년":20220106.0,
            "전세실거래가":4000.0,
            "전세가율":78.43,
            "장기전세가율평균":69.62,
            "전세가율거품지수":-8.81,
            "검색코드":102964,
            "세대수":191.0,
            "준공년월":"2004-05-25",
            "준공년차":19.0,
            "가까운역이름":"정부청사",
            "가까운역거리":11160.2,
            "역세권여부":"비역세권",
            "30분이내주요거점역":0,
            "30분거점역이름":"[]",
            "1시간이내주요거점역":2,
            "1시간거점역이름":"['대전', '시청']",
            "3km이내백화점수":0,
            "5km이내아울렛몰수":1,
            "1km이내대형먀트수":1,
            "500m이내은행수":2,
            "500m이내병원수":0,
            "5km이내대형병원수":1,
            "500m이내공원수":6,
            "3km이내혐오시설수":0,
            "초등학교학업성취도":90.06,
            "중학교학업성취도":88.1,
            "용적률":574,
            "건폐율":74,
            "Y":36.449755,
            "X":127.430295,
            "rank":39.0,
            "area_info":"10평(35.7), 16평(54.37), 22평(72.98), 27평(90.07), 37평(122.38), 73평(243.62)",
            "last_sales":"2022-01-22,8800.0,22평(72.98)",
            "rank_history":[
                [
                    "202203",
                    39
                ],
                [
                    "202202",
                    28
                ],
                [
                    "202201",
                    23
                ]
            ],
            "rank_gap":-11
        },
        {
            "index":9,
            "아파트명":"두레",
            "투자타입":"일반",
            "전용면적(m2)":"48.8",
            "전용면적(평)":"14평",
            "법정동주소":"대전시 대덕구 대화동 31-36",
            "도로명주소":"대전시 대덕구 대화1길 77",
            "세대수":50,
            "입주년차":20,
            "용적률점수":"--",
            "건폐율점수":"--",
            "세대당주차수":0,
            "난방방식":30,
            "공급면적":"--",
            "전용률":"--",
            "욕실수":50,
            "현관타입":50,
            "주거총점":34.5,
            "지역구공급총점":0.0,
            "역세권":0,
            "30분내 이동가능 거점":40,
            "1시간내 이동가능 거점":60,
            "교통총점":24.0,
            "백화점":0,
            "아울렛몰":0,
            "대형마트":0,
            "은행":0,
            "병원":0,
            "종합병원":100,
            "공원":100,
            "혐오시설":0,
            "인프라총점":23.0,
            "초등학군":89.99,
            "중학군":44.44,
            "학군총점":53.55,
            "인구수":19.57,
            "인구증감":-3.15,
            "인구총점":12.754,
            "일자리":14.07,
            "소득수준":72.66,
            "일자리총점":31.647,
            "가치 총점":35.19,
            "매매실거래년":20220220.0,
            "매매실거래가":7100.0,
            "전세실거래년":20220214.0,
            "전세실거래가":7500.0,
            "전세가율":125.0,
            "장기전세가율평균":69.62,
            "전세가율거품지수":-55.38,
            "검색코드":105830,
            "세대수":423.0,
            "준공년월":"2001-07-11",
            "준공년차":22.0,
            "가까운역이름":"정부청사",
            "가까운역거리":3258.36,
            "역세권여부":"비역세권",
            "30분이내주요거점역":2,
            "30분거점역이름":"['시청', '정부청사']",
            "1시간이내주요거점역":6,
            "1시간거점역이름":"['대전', '유성온천', '시청', '반석', '정부청사', '탄방']",
            "3km이내백화점수":0,
            "5km이내아울렛몰수":0,
            "1km이내대형먀트수":0,
            "500m이내은행수":1,
            "500m이내병원수":0,
            "5km이내대형병원수":5,
            "500m이내공원수":6,
            "3km이내혐오시설수":0,
            "초등학교학업성취도":89.99,
            "중학교학업성취도":73.4,
            "용적률":0,
            "건폐율":0,
            "Y":36.363604,
            "X":127.41685,
            "rank":40.0,
            "area_info":"14평(48.8), 16평(53.79), 20평(68.27)",
            "last_sales":"2022-02-20,7100.0,16평(53.79)",
            "rank_history":[
                [
                    "202203",
                    40
                ],
                [
                    "202202",
                    40
                ],
                [
                    "202201",
                    34
                ]
            ],
            "rank_gap":0
        },
        {
            "index":103,
            "아파트명":"주공2단지",
            "투자타입":"재건축",
            "전용면적(m2)":"34.8",
            "전용면적(평)":"10평",
            "법정동주소":"대전시 대덕구 법동 284-1",
            "도로명주소":"대전시 대덕구 계족로663번길 29",
            "세대수":90,
            "입주년차":"--",
            "용적률점수":0,
            "건폐율점수":0,
            "세대당주차수":"--",
            "난방방식":"--",
            "공급면적":50,
            "전용률":80,
            "욕실수":"--",
            "현관타입":"--",
            "주거총점":33.5,
            "지역구공급총점":0.0,
            "역세권":0,
            "30분내 이동가능 거점":0,
            "1시간내 이동가능 거점":60,
            "교통총점":12.0,
            "백화점":0,
            "아울렛몰":0,
            "대형마트":100,
            "은행":0,
            "병원":0,
            "종합병원":100,
            "공원":100,
            "혐오시설":0,
            "인프라총점":38.0,
            "초등학군":90.0,
            "중학군":34.14,
            "학군총점":45.312,
            "인구수":19.57,
            "인구증감":-3.15,
            "인구총점":12.754,
            "일자리":14.07,
            "소득수준":72.66,
            "일자리총점":31.647,
            "가치 총점":35.1686,
            "매매실거래년":20211215.0,
            "매매실거래가":26900.0,
            "전세실거래년":20220108.0,
            "전세실거래가":5000.0,
            "전세가율":41.67,
            "장기전세가율평균":69.62,
            "전세가율거품지수":27.95,
            "검색코드":101202,
            "세대수":1220.0,
            "준공년월":"1987-09-02",
            "준공년차":36.0,
            "가까운역이름":"정부청사",
            "가까운역거리":4183.46,
            "역세권여부":"비역세권",
            "30분이내주요거점역":0,
            "30분거점역이름":"[]",
            "1시간이내주요거점역":6,
            "1시간거점역이름":"['대전', '유성온천', '시청', '반석', '정부청사', '탄방']",
            "3km이내백화점수":0,
            "5km이내아울렛몰수":0,
            "1km이내대형먀트수":2,
            "500m이내은행수":0,
            "500m이내병원수":0,
            "5km이내대형병원수":4,
            "500m이내공원수":5,
            "3km이내혐오시설수":0,
            "초등학교학업성취도":90.0,
            "중학교학업성취도":56.9,
            "용적률":0,
            "건폐율":0,
            "Y":36.369596,
            "X":127.425496,
            "rank":41.0,
            "area_info":"10평(34.8), 14평(46.58), 14평(48.82), 18평(60.45), 22평(73.2), 27평(89.34), 29평(96.65), 29평(96.39), 29평(97.69)",
            "last_sales":"2021-12-15,26900.0,29평(96.65)",
            "rank_history":[
                [
                    "202203",
                    41
                ],
                [
                    "202202",
                    33
                ],
                [
                    "202201",
                    35
                ]
            ],
            "rank_gap":-8
        },
        {
            "index":186,
            "아파트명":"한밭",
            "투자타입":"일반",
            "전용면적(m2)":"86.13",
            "전용면적(평)":"26평",
            "법정동주소":"대전시 대덕구 석봉동 313-1",
            "도로명주소":"대전시 대덕구 석봉로58번안길 82",
            "세대수":30,
            "입주년차":0,
            "용적률점수":"--",
            "건폐율점수":"--",
            "세대당주차수":0,
            "난방방식":30,
            "공급면적":"--",
            "전용률":"--",
            "욕실수":50,
            "현관타입":10,
            "주거총점":19.5,
            "지역구공급총점":0.0,
            "역세권":0,
            "30분내 이동가능 거점":0,
            "1시간내 이동가능 거점":10,
            "교통총점":2.0,
            "백화점":0,
            "아울렛몰":80,
            "대형마트":80,
            "은행":0,
            "병원":0,
            "종합병원":80,
            "공원":100,
            "혐오시설":0,
            "인프라총점":39.0,
            "초등학군":90.0,
            "중학군":52.86,
            "학군총점":60.288,
            "인구수":19.57,
            "인구증감":-3.15,
            "인구총점":12.754,
            "일자리":14.07,
            "소득수준":72.66,
            "일자리총점":31.647,
            "가치 총점":34.9614,
            "매매실거래년":20220123.0,
            "매매실거래가":12300.0,
            "전세실거래년":20211223.0,
            "전세실거래가":10000.0,
            "전세가율":81.3,
            "장기전세가율평균":69.62,
            "전세가율거품지수":-11.68,
            "검색코드":5609,
            "세대수":302.0,
            "준공년월":"1995-11-10",
            "준공년차":28.0,
            "가까운역이름":"정부청사",
            "가까운역거리":10621.37,
            "역세권여부":"비역세권",
            "30분이내주요거점역":0,
            "30분거점역이름":"[]",
            "1시간이내주요거점역":1,
            "1시간거점역이름":"['대전']",
            "3km이내백화점수":0,
            "5km이내아울렛몰수":1,
            "1km이내대형먀트수":1,
            "500m이내은행수":1,
            "500m이내병원수":0,
            "5km이내대형병원수":1,
            "500m이내공원수":5,
            "3km이내혐오시설수":0,
            "초등학교학업성취도":90.0,
            "중학교학업성취도":88.1,
            "용적률":284,
            "건폐율":22,
            "Y":36.446517,
            "X":127.424217,
            "rank":42.0,
            "area_info":"26평(86.13), 32평(107.16)",
            "last_sales":"2022-01-23,12300.0,26평(86.13)",
            "rank_history":[
                [
                    "202203",
                    42
                ],
                [
                    "202202",
                    27
                ],
                [
                    "202201",
                    22
                ]
            ],
            "rank_gap":-15
        },
        {
            "index":295,
            "아파트명":"현대",
            "투자타입":"재건축",
            "전용면적(m2)":"75.05",
            "전용면적(평)":"22평",
            "법정동주소":"대전시 대덕구 읍내동 54",
            "도로명주소":"대전시 대덕구 계족로761번길 24",
            "세대수":90,
            "입주년차":"--",
            "용적률점수":0,
            "건폐율점수":0,
            "세대당주차수":"--",
            "난방방식":"--",
            "공급면적":50,
            "전용률":60,
            "욕실수":"--",
            "현관타입":"--",
            "주거총점":32.5,
            "지역구공급총점":0.0,
            "역세권":0,
            "30분내 이동가능 거점":20,
            "1시간내 이동가능 거점":60,
            "교통총점":18.0,
            "백화점":0,
            "아울렛몰":0,
            "대형마트":80,
            "은행":0,
            "병원":0,
            "종합병원":100,
            "공원":100,
            "혐오시설":0,
            "인프라총점":35.0,
            "초등학군":89.95,
            "중학군":34.14,
            "학군총점":45.302,
            "인구수":19.57,
            "인구증감":-3.15,
            "인구총점":12.754,
            "일자리":14.07,
            "소득수준":72.66,
            "일자리총점":31.647,
            "가치 총점":34.9156,
            "매매실거래년":20211204.0,
            "매매실거래가":25700.0,
            "전세실거래년":20211225.0,
            "전세실거래가":10000.0,
            "전세가율":71.43,
            "장기전세가율평균":69.62,
            "전세가율거품지수":-1.81,
            "검색코드":5577,
            "세대수":1344.0,
            "준공년월":"1991-10-12",
            "준공년차":32.0,
            "가까운역이름":"정부청사",
            "가까운역거리":4637.07,
            "역세권여부":"비역세권",
            "30분이내주요거점역":1,
            "30분거점역이름":"['대전']",
            "1시간이내주요거점역":6,
            "1시간거점역이름":"['대전', '유성온천', '시청', '반석', '정부청사', '탄방']",
            "3km이내백화점수":0,
            "5km이내아울렛몰수":0,
            "1km이내대형먀트수":1,
            "500m이내은행수":0,
            "500m이내병원수":0,
            "5km이내대형병원수":3,
            "500m이내공원수":3,
            "3km이내혐오시설수":0,
            "초등학교학업성취도":89.95,
            "중학교학업성취도":56.9,
            "용적률":0,
            "건폐율":0,
            "Y":36.379524,
            "X":127.425224,
            "rank":43.0,
            "area_info":"22평(75.05), 25평(83.87), 28평(94.4), 30평(102.42)",
            "last_sales":"2021-12-04,25700.0,30평(102.42)",
            "rank_history":[
                [
                    "202203",
                    43
                ],
                [
                    "202202",
                    37
                ],
                [
                    "202201",
                    43
                ]
            ],
            "rank_gap":-6
        },
        {
            "index":229,
            "아파트명":"주공",
            "투자타입":"재건축",
            "전용면적(m2)":"45.12",
            "전용면적(평)":"13평",
            "법정동주소":"대전시 대덕구 신대동 179",
            "도로명주소":"대전시 대덕구 신탄진로 217",
            "세대수":50,
            "입주년차":"--",
            "용적률점수":0,
            "건폐율점수":0,
            "세대당주차수":"--",
            "난방방식":"--",
            "공급면적":50,
            "전용률":80,
            "욕실수":"--",
            "현관타입":"--",
            "주거총점":21.5,
            "지역구공급총점":0.0,
            "역세권":0,
            "30분내 이동가능 거점":0,
            "1시간내 이동가능 거점":50,
            "교통총점":10.0,
            "백화점":0,
            "아울렛몰":80,
            "대형마트":80,
            "은행":0,
            "병원":0,
            "종합병원":80,
            "공원":80,
            "혐오시설":0,
            "인프라총점":38.4,
            "초등학군":89.96,
            "중학군":44.22,
            "학군총점":53.368,
            "인구수":19.57,
            "인구증감":-3.15,
            "인구총점":12.754,
            "일자리":14.07,
            "소득수준":72.66,
            "일자리총점":31.647,
            "가치 총점":34.4054,
            "매매실거래년":20211110.0,
            "매매실거래가":20500.0,
            "전세실거래년":20220211.0,
            "전세실거래가":3500.0,
            "전세가율":17.07,
            "장기전세가율평균":69.62,
            "전세가율거품지수":52.55,
            "검색코드":5638,
            "세대수":540.0,
            "준공년월":"1987-05-15",
            "준공년차":36.0,
            "가까운역이름":"정부청사",
            "가까운역거리":5955.81,
            "역세권여부":"비역세권",
            "30분이내주요거점역":0,
            "30분거점역이름":"[]",
            "1시간이내주요거점역":5,
            "1시간거점역이름":"['대전', '유성온천', '시청', '정부청사', '탄방']",
            "3km이내백화점수":0,
            "5km이내아울렛몰수":1,
            "1km이내대형먀트수":1,
            "500m이내은행수":1,
            "500m이내병원수":0,
            "5km이내대형병원수":1,
            "500m이내공원수":1,
            "3km이내혐오시설수":0,
            "초등학교학업성취도":89.96,
            "중학교학업성취도":73.7,
            "용적률":0,
            "건폐율":0,
            "Y":36.400037,
            "X":127.42165,
            "rank":44.0,
            "area_info":"13평(45.12), 13평(45.12), 15평(52.5), 15평(52.14)",
            "last_sales":"2021-11-10,20500.0,13평(45.12)",
            "rank_history":[
                [
                    "202203",
                    44
                ],
                [
                    "202202",
                    35
                ],
                [
                    "202201",
                    45
                ]
            ],
            "rank_gap":-9
        },
        {
            "index":193,
            "아파트명":"서오",
            "투자타입":"재건축",
            "전용면적(m2)":"75.23",
            "전용면적(평)":"22평",
            "법정동주소":"대전시 대덕구 송촌동 554",
            "도로명주소":"대전시 대덕구 동춘당로23번길 13",
            "세대수":30,
            "입주년차":"--",
            "용적률점수":0,
            "건폐율점수":0,
            "세대당주차수":"--",
            "난방방식":"--",
            "공급면적":50,
            "전용률":80,
            "욕실수":"--",
            "현관타입":"--",
            "주거총점":15.5,
            "지역구공급총점":0.0,
            "역세권":0,
            "30분내 이동가능 거점":20,
            "1시간내 이동가능 거점":50,
            "교통총점":16.0,
            "백화점":0,
            "아울렛몰":0,
            "대형마트":80,
            "은행":0,
            "병원":0,
            "종합병원":100,
            "공원":100,
            "혐오시설":0,
            "인프라총점":35.0,
            "초등학군":90.02,
            "중학군":49.9,
            "학군총점":57.924,
            "인구수":19.57,
            "인구증감":-3.15,
            "인구총점":12.754,
            "일자리":14.07,
            "소득수준":72.66,
            "일자리총점":31.647,
            "가치 총점":34.1522,
            "매매실거래년":20210917.0,
            "매매실거래가":20600.0,
            "전세실거래년":20191101.0,
            "전세실거래가":9200.0,
            "전세가율":62.16,
            "장기전세가율평균":69.62,
            "전세가율거품지수":7.46,
            "검색코드":5635,
            "세대수":320.0,
            "준공년월":"1991-11-11",
            "준공년차":32.0,
            "가까운역이름":"대동",
            "가까운역거리":3384.2,
            "역세권여부":"비역세권",
            "30분이내주요거점역":1,
            "30분거점역이름":"['대전']",
            "1시간이내주요거점역":5,
            "1시간거점역이름":"['대전', '유성온천', '시청', '정부청사', '탄방']",
            "3km이내백화점수":0,
            "5km이내아울렛몰수":0,
            "1km이내대형먀트수":1,
            "500m이내은행수":0,
            "500m이내병원수":0,
            "5km이내대형병원수":4,
            "500m이내공원수":4,
            "3km이내혐오시설수":0,
            "초등학교학업성취도":90.02,
            "중학교학업성취도":81.9,
            "용적률":0,
            "건폐율":0,
            "Y":36.359921,
            "X":127.445892,
            "rank":45.0,
            "area_info":"22평(75.23), 23평(78.94), 23평(79.12), 25평(85.66), 29평(97.17), 30평(100.59), 32평(106.45), 37평(123.57)",
            "last_sales":"2021-09-17,20600.0,32평(106.45)",
            "rank_history":[
                [
                    "202203",
                    45
                ],
                [
                    "202202",
                    42
                ],
                [
                    "202201",
                    52
                ]
            ],
            "rank_gap":-3
        },
        {
            "index":265,
            "아파트명":"주공",
            "투자타입":"재건축",
            "전용면적(m2)":"45.12",
            "전용면적(평)":"13평",
            "법정동주소":"대전시 대덕구 연축동 102",
            "도로명주소":"대전시 대덕구 신탄진로 170",
            "세대수":50,
            "입주년차":"--",
            "용적률점수":0,
            "건폐율점수":0,
            "세대당주차수":"--",
            "난방방식":"--",
            "공급면적":50,
            "전용률":80,
            "욕실수":"--",
            "현관타입":"--",
            "주거총점":21.5,
            "지역구공급총점":0.0,
            "역세권":0,
            "30분내 이동가능 거점":0,
            "1시간내 이동가능 거점":50,
            "교통총점":10.0,
            "백화점":0,
            "아울렛몰":80,
            "대형마트":80,
            "은행":0,
            "병원":0,
            "종합병원":80,
            "공원":80,
            "혐오시설":-50,
            "인프라총점":37.4,
            "초등학군":89.96,
            "중학군":44.22,
            "학군총점":53.368,
            "인구수":19.57,
            "인구증감":-3.15,
            "인구총점":12.754,
            "일자리":14.07,
            "소득수준":72.66,
            "일자리총점":31.647,
            "가치 총점":34.1054,
            "매매실거래년":20211115.0,
            "매매실거래가":27500.0,
            "전세실거래년":20220202.0,
            "전세실거래가":5000.0,
            "전세가율":27.78,
            "장기전세가율평균":69.62,
            "전세가율거품지수":41.84,
            "검색코드":11865,
            "세대수":670.0,
            "준공년월":"1987-11-19",
            "준공년차":36.0,
            "가까운역이름":"정부청사",
            "가까운역거리":5722.83,
            "역세권여부":"비역세권",
            "30분이내주요거점역":0,
            "30분거점역이름":"[]",
            "1시간이내주요거점역":5,
            "1시간거점역이름":"['대전', '유성온천', '시청', '정부청사', '탄방']",
            "3km이내백화점수":0,
            "5km이내아울렛몰수":1,
            "1km이내대형먀트수":1,
            "500m이내은행수":1,
            "500m이내병원수":0,
            "5km이내대형병원수":1,
            "500m이내공원수":1,
            "3km이내혐오시설수":1,
            "초등학교학업성취도":89.96,
            "중학교학업성취도":73.7,
            "용적률":0,
            "건폐율":0,
            "Y":36.395642,
            "X":127.424146,
            "rank":46.0,
            "area_info":"13평(45.12), 13평(45.12), 15평(52.5), 15평(52.14)",
            "last_sales":"2021-11-15,27500.0,15평(52.14)",
            "rank_history":[
                [
                    "202203",
                    46
                ],
                [
                    "202202",
                    36
                ],
                [
                    "202201",
                    47
                ]
            ],
            "rank_gap":-10
        },
        {
            "index":39,
            "아파트명":"덕암삼부",
            "투자타입":"일반",
            "전용면적(m2)":"75.53",
            "전용면적(평)":"22평",
            "법정동주소":"대전시 대덕구 덕암동 45-2",
            "도로명주소":"대전시 대덕구 덕암로234번길 15",
            "세대수":0,
            "입주년차":20,
            "용적률점수":"--",
            "건폐율점수":"--",
            "세대당주차수":30,
            "난방방식":30,
            "공급면적":"--",
            "전용률":"--",
            "욕실수":50,
            "현관타입":100,
            "주거총점":26.5,
            "지역구공급총점":0.0,
            "역세권":0,
            "30분내 이동가능 거점":0,
            "1시간내 이동가능 거점":20,
            "교통총점":4.0,
            "백화점":0,
            "아울렛몰":80,
            "대형마트":100,
            "은행":0,
            "병원":0,
            "종합병원":80,
            "공원":100,
            "혐오시설":0,
            "인프라총점":42.0,
            "초등학군":90.0,
            "중학군":35.08,
            "학군총점":46.064,
            "인구수":19.57,
            "인구증감":-3.15,
            "인구총점":12.754,
            "일자리":14.07,
            "소득수준":72.66,
            "일자리총점":31.647,
            "가치 총점":33.6442,
            "매매실거래년":20220108.0,
            "매매실거래가":17300.0,
            "전세실거래년":20220205.0,
            "전세실거래가":16000.0,
            "전세가율":92.49,
            "장기전세가율평균":69.62,
            "전세가율거품지수":-22.87,
            "검색코드":9373,
            "세대수":292.0,
            "준공년월":"2000-10-30",
            "준공년차":23.0,
            "가까운역이름":"정부청사",
            "가까운역거리":10139.41,
            "역세권여부":"비역세권",
            "30분이내주요거점역":0,
            "30분거점역이름":"[]",
            "1시간이내주요거점역":2,
            "1시간거점역이름":"['대전', '시청']",
            "3km이내백화점수":0,
            "5km이내아울렛몰수":1,
            "1km이내대형먀트수":2,
            "500m이내은행수":0,
            "500m이내병원수":0,
            "5km이내대형병원수":1,
            "500m이내공원수":2,
            "3km이내혐오시설수":0,
            "초등학교학업성취도":90.0,
            "중학교학업성취도":57.6,
            "용적률":296,
            "건폐율":19,
            "Y":36.441449,
            "X":127.425414,
            "rank":47.0,
            "area_info":"22평(75.53), 30평(100.29), 30평(100.66), 37평(123.55)",
            "last_sales":"2022-01-08,17300.0,22평(75.53)",
            "rank_history":[
                [
                    "202203",
                    47
                ],
                [
                    "202202",
                    34
                ],
                [
                    "202201",
                    30
                ]
            ],
            "rank_gap":-13
        },
        {
            "index":72,
            "아파트명":"법동영진로얄맨션",
            "투자타입":"재건축",
            "전용면적(m2)":"90.09",
            "전용면적(평)":"27평",
            "법정동주소":"대전시 대덕구 법동 389",
            "도로명주소":"대전시 대덕구 아리랑로 211",
            "세대수":50,
            "입주년차":"--",
            "용적률점수":0,
            "건폐율점수":0,
            "세대당주차수":"--",
            "난방방식":"--",
            "공급면적":70,
            "전용률":80,
            "욕실수":"--",
            "현관타입":"--",
            "주거총점":22.5,
            "지역구공급총점":0.0,
            "역세권":0,
            "30분내 이동가능 거점":20,
            "1시간내 이동가능 거점":60,
            "교통총점":18.0,
            "백화점":0,
            "아울렛몰":0,
            "대형마트":100,
            "은행":0,
            "병원":0,
            "종합병원":100,
            "공원":100,
            "혐오시설":0,
            "인프라총점":38.0,
            "초등학군":89.95,
            "중학군":34.14,
            "학군총점":45.302,
            "인구수":19.57,
            "인구증감":-3.15,
            "인구총점":12.754,
            "일자리":14.07,
            "소득수준":72.66,
            "일자리총점":31.647,
            "가치 총점":33.3156,
            "매매실거래년":20220210.0,
            "매매실거래가":25500.0,
            "전세실거래년":20201123.0,
            "전세실거래가":13000.0,
            "전세가율":50.98,
            "장기전세가율평균":69.62,
            "전세가율거품지수":18.64,
            "검색코드":5602,
            "세대수":600.0,
            "준공년월":"1990-12-28",
            "준공년차":33.0,
            "가까운역이름":"정부청사",
            "가까운역거리":4519.52,
            "역세권여부":"비역세권",
            "30분이내주요거점역":1,
            "30분거점역이름":"['대전']",
            "1시간이내주요거점역":6,
            "1시간거점역이름":"['대전', '유성온천', '시청', '반석', '정부청사', '탄방']",
            "3km이내백화점수":0,
            "5km이내아울렛몰수":0,
            "1km이내대형먀트수":2,
            "500m이내은행수":0,
            "500m이내병원수":0,
            "5km이내대형병원수":4,
            "500m이내공원수":4,
            "3km이내혐오시설수":0,
            "초등학교학업성취도":89.95,
            "중학교학업성취도":56.9,
            "용적률":0,
            "건폐율":0,
            "Y":36.375061,
            "X":127.426772,
            "rank":48.0,
            "area_info":"27평(90.09), 30평(101.35), 43평(144.92)",
            "last_sales":"2022-02-10,25500.0,30평(101.35)",
            "rank_history":[
                [
                    "202203",
                    48
                ],
                [
                    "202202",
                    45
                ],
                [
                    "202201",
                    48
                ]
            ],
            "rank_gap":-3
        },
        {
            "index":99,
            "아파트명":"유원",
            "투자타입":"재건축",
            "전용면적(m2)":"71.39",
            "전용면적(평)":"21평",
            "법정동주소":"대전시 대덕구 법동 285-1",
            "도로명주소":"대전시 대덕구 계족로663번길 23",
            "세대수":50,
            "입주년차":"--",
            "용적률점수":0,
            "건폐율점수":0,
            "세대당주차수":"--",
            "난방방식":"--",
            "공급면적":50,
            "전용률":80,
            "욕실수":"--",
            "현관타입":"--",
            "주거총점":21.5,
            "지역구공급총점":0.0,
            "역세권":0,
            "30분내 이동가능 거점":20,
            "1시간내 이동가능 거점":60,
            "교통총점":18.0,
            "백화점":0,
            "아울렛몰":0,
            "대형마트":100,
            "은행":0,
            "병원":0,
            "종합병원":100,
            "공원":100,
            "혐오시설":0,
            "인프라총점":38.0,
            "초등학군":90.0,
            "중학군":34.14,
            "학군총점":45.312,
            "인구수":19.57,
            "인구증감":-3.15,
            "인구총점":12.754,
            "일자리":14.07,
            "소득수준":72.66,
            "일자리총점":31.647,
            "가치 총점":33.0686,
            "매매실거래년":20211217.0,
            "매매실거래가":17500.0,
            "전세실거래년":20220206.0,
            "전세실거래가":10000.0,
            "전세가율":57.14,
            "장기전세가율평균":69.62,
            "전세가율거품지수":12.48,
            "검색코드":5603,
            "세대수":400.0,
            "준공년월":"1989-11-25",
            "준공년차":34.0,
            "가까운역이름":"정부청사",
            "가까운역거리":4435.77,
            "역세권여부":"비역세권",
            "30분이내주요거점역":1,
            "30분거점역이름":"['대전']",
            "1시간이내주요거점역":6,
            "1시간거점역이름":"['대전', '유성온천', '시청', '반석', '정부청사', '탄방']",
            "3km이내백화점수":0,
            "5km이내아울렛몰수":0,
            "1km이내대형먀트수":2,
            "500m이내은행수":1,
            "500m이내병원수":0,
            "5km이내대형병원수":4,
            "500m이내공원수":8,
            "3km이내혐오시설수":0,
            "초등학교학업성취도":90.0,
            "중학교학업성취도":56.9,
            "용적률":0,
            "건폐율":0,
            "Y":36.370157,
            "X":127.428235,
            "rank":49.0,
            "area_info":"21평(71.39), 26평(86.15), 30평(101.84), 38평(127.8)",
            "last_sales":"2021-12-17,17500.0,21평(71.39)",
            "rank_history":[
                [
                    "202203",
                    49
                ],
                [
                    "202202",
                    48
                ],
                [
                    "202201",
                    46
                ]
            ],
            "rank_gap":-1
        },
        {
            "index":305,
            "아파트명":"영진로얄",
            "투자타입":"재건축",
            "전용면적(m2)":"40.21",
            "전용면적(평)":"12평",
            "법정동주소":"대전시 대덕구 중리동 274-1",
            "도로명주소":"대전시 대덕구 중리서로 31",
            "세대수":80,
            "입주년차":"--",
            "용적률점수":0,
            "건폐율점수":0,
            "세대당주차수":"--",
            "난방방식":"--",
            "공급면적":50,
            "전용률":60,
            "욕실수":"--",
            "현관타입":"--",
            "주거총점":29.5,
            "지역구공급총점":0.0,
            "역세권":0,
            "30분내 이동가능 거점":20,
            "1시간내 이동가능 거점":60,
            "교통총점":18.0,
            "백화점":0,
            "아울렛몰":0,
            "대형마트":0,
            "은행":0,
            "병원":0,
            "종합병원":100,
            "공원":100,
            "혐오시설":0,
            "인프라총점":23.0,
            "초등학군":90.0,
            "중학군":44.44,
            "학군총점":53.552,
            "인구수":19.57,
            "인구증감":-3.15,
            "인구총점":12.754,
            "일자리":14.07,
            "소득수준":72.66,
            "일자리총점":31.647,
            "가치 총점":33.0406,
            "매매실거래년":20210302.0,
            "매매실거래가":15500.0,
            "전세실거래년":20210617.0,
            "전세실거래가":5000.0,
            "전세가율":78.12,
            "장기전세가율평균":69.62,
            "전세가율거품지수":-8.5,
            "검색코드":5642,
            "세대수":750.0,
            "준공년월":"1989-05-04",
            "준공년차":34.0,
            "가까운역이름":"정부청사",
            "가까운역거리":3614.01,
            "역세권여부":"비역세권",
            "30분이내주요거점역":1,
            "30분거점역이름":"['정부청사']",
            "1시간이내주요거점역":6,
            "1시간거점역이름":"['대전', '유성온천', '시청', '반석', '정부청사', '탄방']",
            "3km이내백화점수":0,
            "5km이내아울렛몰수":0,
            "1km이내대형먀트수":0,
            "500m이내은행수":0,
            "500m이내병원수":0,
            "5km이내대형병원수":5,
            "500m이내공원수":6,
            "3km이내혐오시설수":0,
            "초등학교학업성취도":90.0,
            "중학교학업성취도":73.4,
            "용적률":0,
            "건폐율":0,
            "Y":36.361886,
            "X":127.421253,
            "rank":50.0,
            "area_info":"12평(40.21), 14평(46.97), 17평(59.04), 21평(70.05), 23평(77.54), 26평(87.84), 29평(98.63)",
            "last_sales":"2021-03-02,15500.0,29평(98.63)",
            "rank_history":[
                [
                    "202203",
                    50
                ],
                [
                    "202202",
                    47
                ],
                [
                    "202201",
                    41
                ]
            ],
            "rank_gap":-3
        },
        {
            "index":312,
            "아파트명":"영진상록",
            "투자타입":"일반",
            "전용면적(m2)":"67.77",
            "전용면적(평)":"20평",
            "법정동주소":"대전시 대덕구 중리동 250-3",
            "도로명주소":"대전시 대덕구 계족로521번길 79",
            "세대수":0,
            "입주년차":0,
            "용적률점수":"--",
            "건폐율점수":"--",
            "세대당주차수":0,
            "난방방식":30,
            "공급면적":"--",
            "전용률":"--",
            "욕실수":50,
            "현관타입":10,
            "주거총점":9.0,
            "지역구공급총점":0.0,
            "역세권":0,
            "30분내 이동가능 거점":60,
            "1시간내 이동가능 거점":60,
            "교통총점":30.0,
            "백화점":0,
            "아울렛몰":0,
            "대형마트":80,
            "은행":0,
            "병원":0,
            "종합병원":100,
            "공원":100,
            "혐오시설":0,
            "인프라총점":35.0,
            "초등학군":90.0,
            "중학군":43.08,
            "학군총점":52.464,
            "인구수":19.57,
            "인구증감":-3.15,
            "인구총점":12.754,
            "일자리":14.07,
            "소득수준":72.66,
            "일자리총점":31.647,
            "가치 총점":32.9892,
            "매매실거래년":20220104.0,
            "매매실거래가":18800.0,
            "전세실거래년":20201006.0,
            "전세실거래가":9000.0,
            "전세가율":79.3,
            "장기전세가율평균":69.62,
            "전세가율거품지수":-9.68,
            "검색코드":8978,
            "세대수":104.0,
            "준공년월":"1993-09-23",
            "준공년차":30.0,
            "가까운역이름":"대동",
            "가까운역거리":3429.25,
            "역세권여부":"비역세권",
            "30분이내주요거점역":3,
            "30분거점역이름":"['대전', '시청', '정부청사']",
            "1시간이내주요거점역":6,
            "1시간거점역이름":"['대전', '유성온천', '시청', '반석', '정부청사', '탄방']",
            "3km이내백화점수":0,
            "5km이내아울렛몰수":0,
            "1km이내대형먀트수":1,
            "500m이내은행수":1,
            "500m이내병원수":0,
            "5km이내대형병원수":6,
            "500m이내공원수":3,
            "3km이내혐오시설수":0,
            "초등학교학업성취도":90.0,
            "중학교학업성취도":71.8,
            "용적률":189,
            "건폐율":31,
            "Y":36.358098,
            "X":127.428245,
            "rank":51.0,
            "area_info":"20평(67.77), 30평(99.66)",
            "last_sales":"2022-01-04,18800.0,30평(99.66)",
            "rank_history":[
                [
                    "202203",
                    51
                ],
                [
                    "202202",
                    50
                ],
                [
                    "202201",
                    42
                ]
            ],
            "rank_gap":-1
        },
        {
            "index":136,
            "아파트명":"아이조움",
            "투자타입":"일반",
            "전용면적(m2)":"102.91",
            "전용면적(평)":"31평",
            "법정동주소":"대전시 대덕구 비래동 136-3",
            "도로명주소":"대전시 대덕구 비래서로61번길 71",
            "세대수":0,
            "입주년차":40,
            "용적률점수":"--",
            "건폐율점수":"--",
            "세대당주차수":30,
            "난방방식":30,
            "공급면적":"--",
            "전용률":"--",
            "욕실수":100,
            "현관타입":100,
            "주거총점":35.5,
            "지역구공급총점":0.0,
            "역세권":0,
            "30분내 이동가능 거점":20,
            "1시간내 이동가능 거점":50,
            "교통총점":16.0,
            "백화점":0,
            "아울렛몰":0,
            "대형마트":0,
            "은행":0,
            "병원":0,
            "종합병원":100,
            "공원":80,
            "혐오시설":0,
            "인프라총점":22.4,
            "초등학군":90.02,
            "중학군":39.26,
            "학군총점":49.412,
            "인구수":19.57,
            "인구증감":-3.15,
            "인구총점":12.754,
            "일자리":14.07,
            "소득수준":72.66,
            "일자리총점":31.647,
            "가치 총점":32.8186,
            "매매실거래년":20210904.0,
            "매매실거래가":23000.0,
            "전세실거래년":20190511.0,
            "전세실거래가":15000.0,
            "전세가율":65.22,
            "장기전세가율평균":69.62,
            "전세가율거품지수":4.4,
            "검색코드":102280,
            "세대수":82.0,
            "준공년월":"2005-06-02",
            "준공년차":18.0,
            "가까운역이름":"대동",
            "가까운역거리":3201.12,
            "역세권여부":"비역세권",
            "30분이내주요거점역":1,
            "30분거점역이름":"['대전']",
            "1시간이내주요거점역":5,
            "1시간거점역이름":"['대전', '유성온천', '시청', '정부청사', '탄방']",
            "3km이내백화점수":0,
            "5km이내아울렛몰수":0,
            "1km이내대형먀트수":0,
            "500m이내은행수":1,
            "500m이내병원수":0,
            "5km이내대형병원수":4,
            "500m이내공원수":1,
            "3km이내혐오시설수":0,
            "초등학교학업성취도":90.02,
            "중학교학업성취도":65.1,
            "용적률":199,
            "건폐율":29,
            "Y":36.357275,
            "X":127.452619,
            "rank":52.0,
            "area_info":"31평(102.91), 31평(102.87), 32평(106.7)",
            "last_sales":"2021-09-04,23000.0,31평(102.91)",
            "rank_history":[
                [
                    "202203",
                    52
                ],
                [
                    "202202",
                    9999
                ]
            ],
            "rank_gap":9999
        },
        {
            "index":122,
            "아파트명":"둥지",
            "투자타입":"일반",
            "전용면적(m2)":"83.3",
            "전용면적(평)":"25평",
            "법정동주소":"대전시 대덕구 비래동 18-21",
            "도로명주소":"대전시 대덕구 신상로 21",
            "세대수":50,
            "입주년차":0,
            "용적률점수":"--",
            "건폐율점수":"--",
            "세대당주차수":0,
            "난방방식":30,
            "공급면적":"--",
            "전용률":"--",
            "욕실수":50,
            "현관타입":100,
            "주거총점":35.5,
            "지역구공급총점":0.0,
            "역세권":0,
            "30분내 이동가능 거점":20,
            "1시간내 이동가능 거점":50,
            "교통총점":16.0,
            "백화점":0,
            "아울렛몰":0,
            "대형마트":0,
            "은행":0,
            "병원":0,
            "종합병원":100,
            "공원":80,
            "혐오시설":0,
            "인프라총점":22.4,
            "초등학군":90.02,
            "중학군":39.26,
            "학군총점":49.412,
            "인구수":19.57,
            "인구증감":-3.15,
            "인구총점":12.754,
            "일자리":14.07,
            "소득수준":72.66,
            "일자리총점":31.647,
            "가치 총점":32.8186,
            "매매실거래년":20220216.0,
            "매매실거래가":17000.0,
            "전세실거래년":20220209.0,
            "전세실거래가":12000.0,
            "전세가율":70.59,
            "장기전세가율평균":69.62,
            "전세가율거품지수":-0.97,
            "검색코드":5633,
            "세대수":425.0,
            "준공년월":"1994-11-07",
            "준공년차":29.0,
            "가까운역이름":"대동",
            "가까운역거리":3207.39,
            "역세권여부":"비역세권",
            "30분이내주요거점역":1,
            "30분거점역이름":"['대전']",
            "1시간이내주요거점역":5,
            "1시간거점역이름":"['대전', '유성온천', '시청', '정부청사', '탄방']",
            "3km이내백화점수":0,
            "5km이내아울렛몰수":0,
            "1km이내대형먀트수":0,
            "500m이내은행수":0,
            "500m이내병원수":0,
            "5km이내대형병원수":4,
            "500m이내공원수":1,
            "3km이내혐오시설수":0,
            "초등학교학업성취도":90.02,
            "중학교학업성취도":65.1,
            "용적률":265,
            "건폐율":18,
            "Y":36.356523,
            "X":127.455644,
            "rank":52.0,
            "area_info":"25평(83.3), 31평(104.91)",
            "last_sales":"2022-02-16,17000.0,25평(83.3)",
            "rank_history":[
                [
                    "202203",
                    52
                ],
                [
                    "202202",
                    46
                ],
                [
                    "202201",
                    32
                ]
            ],
            "rank_gap":-6
        },
        {
            "index":82,
            "아파트명":"삼정하이츠타운",
            "투자타입":"재건축",
            "전용면적(m2)":"38.85",
            "전용면적(평)":"11평",
            "법정동주소":"대전시 대덕구 법동 281",
            "도로명주소":"대전시 대덕구 계족로663번길 30",
            "세대수":50,
            "입주년차":"--",
            "용적률점수":0,
            "건폐율점수":0,
            "세대당주차수":"--",
            "난방방식":"--",
            "공급면적":50,
            "전용률":60,
            "욕실수":"--",
            "현관타입":"--",
            "주거총점":20.5,
            "지역구공급총점":0.0,
            "역세권":0,
            "30분내 이동가능 거점":20,
            "1시간내 이동가능 거점":60,
            "교통총점":18.0,
            "백화점":0,
            "아울렛몰":0,
            "대형마트":100,
            "은행":0,
            "병원":0,
            "종합병원":100,
            "공원":100,
            "혐오시설":0,
            "인프라총점":38.0,
            "초등학군":89.95,
            "중학군":34.14,
            "학군총점":45.302,
            "인구수":19.57,
            "인구증감":-3.15,
            "인구총점":12.754,
            "일자리":14.07,
            "소득수준":72.66,
            "일자리총점":31.647,
            "가치 총점":32.8156,
            "매매실거래년":20211204.0,
            "매매실거래가":41000.0,
            "전세실거래년":20191202.0,
            "전세실거래가":4500.0,
            "전세가율":37.5,
            "장기전세가율평균":69.62,
            "전세가율거품지수":32.12,
            "검색코드":8088,
            "세대수":468.0,
            "준공년월":"1987-11-18",
            "준공년차":36.0,
            "가까운역이름":"정부청사",
            "가까운역거리":4480.1,
            "역세권여부":"비역세권",
            "30분이내주요거점역":1,
            "30분거점역이름":"['대전']",
            "1시간이내주요거점역":6,
            "1시간거점역이름":"['대전', '유성온천', '시청', '반석', '정부청사', '탄방']",
            "3km이내백화점수":0,
            "5km이내아울렛몰수":0,
            "1km이내대형먀트수":2,
            "500m이내은행수":0,
            "500m이내병원수":0,
            "5km이내대형병원수":4,
            "500m이내공원수":4,
            "3km이내혐오시설수":0,
            "초등학교학업성취도":89.95,
            "중학교학업성취도":56.9,
            "용적률":0,
            "건폐율":0,
            "Y":36.373414,
            "X":127.427219,
            "rank":53.0,
            "area_info":"11평(38.85), 12평(41.62), 18평(60.05), 19평(65.31), 19평(65.72), 21평(69.86), 23평(78.38), 25평(84.27), 27평(89.68), 29평(98.02)",
            "last_sales":"2021-12-04,41000.0,29평(98.02)",
            "rank_history":[
                [
                    "202203",
                    53
                ],
                [
                    "202202",
                    49
                ],
                [
                    "202201",
                    51
                ]
            ],
            "rank_gap":-4
        },
        {
            "index":254,
            "아파트명":"흥진",
            "투자타입":"재건축",
            "전용면적(m2)":"75.81",
            "전용면적(평)":"22평",
            "법정동주소":"대전시 대덕구 신탄진동 166-3",
            "도로명주소":"대전시 대덕구 신탄진남로 26",
            "세대수":0,
            "입주년차":"--",
            "용적률점수":0,
            "건폐율점수":80,
            "세대당주차수":"--",
            "난방방식":"--",
            "공급면적":50,
            "전용률":60,
            "욕실수":"--",
            "현관타입":"--",
            "주거총점":21.5,
            "지역구공급총점":0.0,
            "역세권":0,
            "30분내 이동가능 거점":0,
            "1시간내 이동가능 거점":10,
            "교통총점":2.0,
            "백화점":0,
            "아울렛몰":80,
            "대형마트":80,
            "은행":0,
            "병원":0,
            "종합병원":80,
            "공원":100,
            "혐오시설":0,
            "인프라총점":39.0,
            "초등학군":90.06,
            "중학군":41.76,
            "학군총점":51.42,
            "인구수":19.57,
            "인구증감":-3.15,
            "인구총점":12.754,
            "일자리":14.07,
            "소득수준":72.66,
            "일자리총점":31.647,
            "가치 총점":32.801,
            "매매실거래년":20211102.0,
            "매매실거래가":9200.0,
            "전세실거래년":20170911.0,
            "전세실거래가":7000.0,
            "전세가율":76.09,
            "장기전세가율평균":69.62,
            "전세가율거품지수":-6.47,
            "검색코드":5568,
            "세대수":96.0,
            "준공년월":"1992-09-04",
            "준공년차":31.0,
            "가까운역이름":"정부청사",
            "가까운역거리":10963.39,
            "역세권여부":"비역세권",
            "30분이내주요거점역":0,
            "30분거점역이름":"[]",
            "1시간이내주요거점역":1,
            "1시간거점역이름":"['대전']",
            "3km이내백화점수":0,
            "5km이내아울렛몰수":1,
            "1km이내대형먀트수":1,
            "500m이내은행수":0,
            "500m이내병원수":0,
            "5km이내대형병원수":1,
            "500m이내공원수":4,
            "3km이내혐오시설수":0,
            "초등학교학업성취도":90.06,
            "중학교학업성취도":67.2,
            "용적률":268,
            "건폐율":25,
            "Y":36.44595,
            "X":127.43532,
            "rank":54.0,
            "area_info":"22평(75.81), 23평(76.23), 31평(102.7), 31평(102.81), 31평(102.86), 30평(102.37), 30평(102.38), 31평(102.84), 31평(103.68), 31평(103.68), 34평(114.82)",
            "last_sales":"2021-11-02,9200.0,22평(75.81)",
            "rank_history":[
                [
                    "202203",
                    54
                ],
                [
                    "202202",
                    9999
                ]
            ],
            "rank_gap":9999
        },
        {
            "index":192,
            "아파트명":"보령",
            "투자타입":"재건축",
            "전용면적(m2)":"74.82",
            "전용면적(평)":"22평",
            "법정동주소":"대전시 대덕구 송촌동 219-3",
            "도로명주소":"대전시 대덕구 동춘당로23번길 22",
            "세대수":0,
            "입주년차":"--",
            "용적률점수":0,
            "건폐율점수":0,
            "세대당주차수":"--",
            "난방방식":"--",
            "공급면적":50,
            "전용률":80,
            "욕실수":"--",
            "현관타입":"--",
            "주거총점":6.5,
            "지역구공급총점":0.0,
            "역세권":0,
            "30분내 이동가능 거점":20,
            "1시간내 이동가능 거점":50,
            "교통총점":16.0,
            "백화점":0,
            "아울렛몰":0,
            "대형마트":100,
            "은행":0,
            "병원":0,
            "종합병원":100,
            "공원":100,
            "혐오시설":0,
            "인프라총점":38.0,
            "초등학군":89.98,
            "중학군":49.9,
            "학군총점":57.916,
            "인구수":19.57,
            "인구증감":-3.15,
            "인구총점":12.754,
            "일자리":14.07,
            "소득수준":72.66,
            "일자리총점":31.647,
            "가치 총점":32.7998,
            "매매실거래년":20211220.0,
            "매매실거래가":11000.0,
            "전세실거래년":20211001.0,
            "전세실거래가":8000.0,
            "전세가율":72.73,
            "장기전세가율평균":69.62,
            "전세가율거품지수":-3.11,
            "검색코드":100955,
            "세대수":99.0,
            "준공년월":"1988-12-14",
            "준공년차":35.0,
            "가까운역이름":"대동",
            "가까운역거리":3392.89,
            "역세권여부":"비역세권",
            "30분이내주요거점역":1,
            "30분거점역이름":"['대전']",
            "1시간이내주요거점역":5,
            "1시간거점역이름":"['대전', '유성온천', '시청', '정부청사', '탄방']",
            "3km이내백화점수":0,
            "5km이내아울렛몰수":0,
            "1km이내대형먀트수":2,
            "500m이내은행수":0,
            "500m이내병원수":0,
            "5km이내대형병원수":4,
            "500m이내공원수":5,
            "3km이내혐오시설수":0,
            "초등학교학업성취도":89.98,
            "중학교학업성취도":81.9,
            "용적률":0,
            "건폐율":0,
            "Y":36.360051,
            "X":127.444956,
            "rank":55.0,
            "area_info":"22평(74.82)",
            "last_sales":"2021-12-20,11000.0,22평(74.82)",
            "rank_history":[
                [
                    "202203",
                    55
                ],
                [
                    "202202",
                    9999
                ]
            ],
            "rank_gap":9999
        },
        {
            "index":182,
            "아파트명":"유락",
            "투자타입":"재건축",
            "전용면적(m2)":"48.15",
            "전용면적(평)":"14평",
            "법정동주소":"대전시 대덕구 석봉동 178-2",
            "도로명주소":"대전시 대덕구 석봉로44번길 13",
            "세대수":0,
            "입주년차":"--",
            "용적률점수":0,
            "건폐율점수":0,
            "세대당주차수":"--",
            "난방방식":"--",
            "공급면적":50,
            "전용률":80,
            "욕실수":"--",
            "현관타입":"--",
            "주거총점":6.5,
            "지역구공급총점":0.0,
            "역세권":0,
            "30분내 이동가능 거점":0,
            "1시간내 이동가능 거점":20,
            "교통총점":4.0,
            "백화점":0,
            "아울렛몰":80,
            "대형마트":80,
            "은행":20,
            "병원":0,
            "종합병원":80,
            "공원":100,
            "혐오시설":0,
            "인프라총점":41.0,
            "초등학군":90.0,
            "중학군":52.86,
            "학군총점":60.288,
            "인구수":19.57,
            "인구증감":-3.15,
            "인구총점":12.754,
            "일자리":14.07,
            "소득수준":72.66,
            "일자리총점":31.647,
            "가치 총점":32.6114,
            "매매실거래년":20210724.0,
            "매매실거래가":13000.0,
            "전세실거래년":null,
            "전세실거래가":null,
            "전세가율":null,
            "장기전세가율평균":69.62,
            "전세가율거품지수":null,
            "검색코드":5610,
            "세대수":128.0,
            "준공년월":"1992-05-04",
            "준공년차":31.0,
            "가까운역이름":"정부청사",
            "가까운역거리":10718.95,
            "역세권여부":"비역세권",
            "30분이내주요거점역":0,
            "30분거점역이름":"[]",
            "1시간이내주요거점역":2,
            "1시간거점역이름":"['대전', '시청']",
            "3km이내백화점수":0,
            "5km이내아울렛몰수":1,
            "1km이내대형먀트수":1,
            "500m이내은행수":2,
            "500m이내병원수":0,
            "5km이내대형병원수":1,
            "500m이내공원수":4,
            "3km이내혐오시설수":0,
            "초등학교학업성취도":90.0,
            "중학교학업성취도":88.1,
            "용적률":0,
            "건폐율":0,
            "Y":36.446451,
            "X":127.427341,
            "rank":56.0,
            "area_info":"14평(48.15), 18평(60.23), 23평(76.55), 27평(89.4)",
            "last_sales":"2021-07-24,13000.0,27평(89.4)",
            "rank_history":[
                [
                    "202203",
                    56
                ],
                [
                    "202202",
                    38
                ],
                [
                    "202201",
                    33
                ]
            ],
            "rank_gap":-18
        },
        {
            "index":188,
            "아파트명":"로얄",
            "투자타입":"일반",
            "전용면적(m2)":"73.6",
            "전용면적(평)":"22평",
            "법정동주소":"대전시 대덕구 송촌동 219-2",
            "도로명주소":"대전시 대덕구 동춘당로23번길 4",
            "세대수":0,
            "입주년차":0,
            "용적률점수":"--",
            "건폐율점수":"--",
            "세대당주차수":0,
            "난방방식":30,
            "공급면적":"--",
            "전용률":"--",
            "욕실수":50,
            "현관타입":50,
            "주거총점":13.0,
            "지역구공급총점":0.0,
            "역세권":0,
            "30분내 이동가능 거점":0,
            "1시간내 이동가능 거점":40,
            "교통총점":8.0,
            "백화점":0,
            "아울렛몰":0,
            "대형마트":80,
            "은행":0,
            "병원":0,
            "종합병원":100,
            "공원":100,
            "혐오시설":0,
            "인프라총점":35.0,
            "초등학군":90.0,
            "중학군":49.9,
            "학군총점":57.92,
            "인구수":19.57,
            "인구증감":-3.15,
            "인구총점":12.754,
            "일자리":14.07,
            "소득수준":72.66,
            "일자리총점":31.647,
            "가치 총점":32.326,
            "매매실거래년":20210914.0,
            "매매실거래가":16000.0,
            "전세실거래년":20200721.0,
            "전세실거래가":10000.0,
            "전세가율":83.68,
            "장기전세가율평균":69.62,
            "전세가율거품지수":-14.06,
            "검색코드":11284,
            "세대수":87.0,
            "준공년월":"1995-11-11",
            "준공년차":28.0,
            "가까운역이름":"대동",
            "가까운역거리":3508.58,
            "역세권여부":"비역세권",
            "30분이내주요거점역":0,
            "30분거점역이름":"[]",
            "1시간이내주요거점역":4,
            "1시간거점역이름":"['대전', '시청', '정부청사', '탄방']",
            "3km이내백화점수":0,
            "5km이내아울렛몰수":0,
            "1km이내대형먀트수":1,
            "500m이내은행수":0,
            "500m이내병원수":0,
            "5km이내대형병원수":4,
            "500m이내공원수":3,
            "3km이내혐오시설수":0,
            "초등학교학업성취도":90.0,
            "중학교학업성취도":81.9,
            "용적률":261,
            "건폐율":35,
            "Y":36.36107,
            "X":127.44543,
            "rank":57.0,
            "area_info":"22평(73.6), 22평(75.38), 29평(98.55), 32평(106.73)",
            "last_sales":"2021-09-14,16000.0,32평(106.73)",
            "rank_history":[
                [
                    "202203",
                    57
                ],
                [
                    "202202",
                    9999
                ]
            ],
            "rank_gap":9999
        },
        {
            "index":247,
            "아파트명":"새여울(대우)",
            "투자타입":"일반",
            "전용면적(m2)":"81.64",
            "전용면적(평)":"24평",
            "법정동주소":"대전시 대덕구 신탄진동 22-2",
            "도로명주소":"대전시 대덕구 대청로64번길 41",
            "세대수":30,
            "입주년차":0,
            "용적률점수":"--",
            "건폐율점수":"--",
            "세대당주차수":0,
            "난방방식":30,
            "공급면적":"--",
            "전용률":"--",
            "욕실수":50,
            "현관타입":10,
            "주거총점":19.5,
            "지역구공급총점":0.0,
            "역세권":0,
            "30분내 이동가능 거점":0,
            "1시간내 이동가능 거점":10,
            "교통총점":2.0,
            "백화점":0,
            "아울렛몰":80,
            "대형마트":80,
            "은행":0,
            "병원":0,
            "종합병원":80,
            "공원":100,
            "혐오시설":0,
            "인프라총점":39.0,
            "초등학군":90.01,
            "중학군":41.76,
            "학군총점":51.41,
            "인구수":19.57,
            "인구증감":-3.15,
            "인구총점":12.754,
            "일자리":14.07,
            "소득수준":72.66,
            "일자리총점":31.647,
            "가치 총점":32.298,
            "매매실거래년":20220105.0,
            "매매실거래가":26500.0,
            "전세실거래년":20220209.0,
            "전세실거래가":9500.0,
            "전세가율":68.35,
            "장기전세가율평균":69.62,
            "전세가율거품지수":1.27,
            "검색코드":5569,
            "세대수":300.0,
            "준공년월":"1994-08-27",
            "준공년차":29.0,
            "가까운역이름":"정부청사",
            "가까운역거리":11575.12,
            "역세권여부":"비역세권",
            "30분이내주요거점역":0,
            "30분거점역이름":"[]",
            "1시간이내주요거점역":1,
            "1시간거점역이름":"['대전']",
            "3km이내백화점수":0,
            "5km이내아울렛몰수":1,
            "1km이내대형먀트수":1,
            "500m이내은행수":0,
            "500m이내병원수":0,
            "5km이내대형병원수":1,
            "500m이내공원수":4,
            "3km이내혐오시설수":0,
            "초등학교학업성취도":90.01,
            "중학교학업성취도":67.2,
            "용적률":198,
            "건폐율":19,
            "Y":36.451542,
            "X":127.436652,
            "rank":58.0,
            "area_info":"24평(81.64), 30평(102.22)",
            "last_sales":"2022-01-05,26500.0,30평(102.22)",
            "rank_history":[
                [
                    "202203",
                    58
                ],
                [
                    "202202",
                    41
                ],
                [
                    "202201",
                    37
                ]
            ],
            "rank_gap":-17
        },
        {
            "index":176,
            "아파트명":"서우",
            "투자타입":"재건축",
            "전용면적(m2)":"64.36",
            "전용면적(평)":"19평",
            "법정동주소":"대전시 대덕구 석봉동 177-2",
            "도로명주소":"대전시 대덕구 석봉로30번안길 57",
            "세대수":0,
            "입주년차":"--",
            "용적률점수":0,
            "건폐율점수":0,
            "세대당주차수":"--",
            "난방방식":"--",
            "공급면적":50,
            "전용률":60,
            "욕실수":"--",
            "현관타입":"--",
            "주거총점":5.5,
            "지역구공급총점":0.0,
            "역세권":0,
            "30분내 이동가능 거점":0,
            "1시간내 이동가능 거점":30,
            "교통총점":6.0,
            "백화점":0,
            "아울렛몰":80,
            "대형마트":80,
            "은행":0,
            "병원":0,
            "종합병원":80,
            "공원":100,
            "혐오시설":0,
            "인프라총점":39.0,
            "초등학군":90.06,
            "중학군":52.86,
            "학군총점":60.3,
            "인구수":19.57,
            "인구증감":-3.15,
            "인구총점":12.754,
            "일자리":14.07,
            "소득수준":72.66,
            "일자리총점":31.647,
            "가치 총점":32.065,
            "매매실거래년":20220119.0,
            "매매실거래가":12450.0,
            "전세실거래년":20190726.0,
            "전세실거래가":5500.0,
            "전세가율":94.83,
            "장기전세가율평균":69.62,
            "전세가율거품지수":-25.21,
            "검색코드":5608,
            "세대수":230.0,
            "준공년월":"1991-03-18",
            "준공년차":32.0,
            "가까운역이름":"정부청사",
            "가까운역거리":10675.34,
            "역세권여부":"비역세권",
            "30분이내주요거점역":0,
            "30분거점역이름":"[]",
            "1시간이내주요거점역":3,
            "1시간거점역이름":"['대전', '시청', '정부청사']",
            "3km이내백화점수":0,
            "5km이내아울렛몰수":1,
            "1km이내대형먀트수":1,
            "500m이내은행수":1,
            "500m이내병원수":0,
            "5km이내대형병원수":1,
            "500m이내공원수":4,
            "3km이내혐오시설수":0,
            "초등학교학업성취도":90.06,
            "중학교학업성취도":88.1,
            "용적률":0,
            "건폐율":0,
            "Y":36.445627,
            "X":127.428507,
            "rank":59.0,
            "area_info":"19평(64.36), 21평(70.19), 22평(75.72), 25평(82.82), 25평(85.07), 27평(90.96)",
            "last_sales":"2022-01-19,12450.0,27평(90.96)",
            "rank_history":[
                [
                    "202203",
                    59
                ],
                [
                    "202202",
                    44
                ],
                [
                    "202201",
                    36
                ]
            ],
            "rank_gap":-15
        },
        {
            "index":58,
            "아파트명":"현대",
            "투자타입":"재건축",
            "전용면적(m2)":"68.57",
            "전용면적(평)":"20평",
            "법정동주소":"대전시 대덕구 목상동 215",
            "도로명주소":"대전시 대덕구 대덕대로1524번길 27",
            "세대수":0,
            "입주년차":"--",
            "용적률점수":0,
            "건폐율점수":0,
            "세대당주차수":"--",
            "난방방식":"--",
            "공급면적":50,
            "전용률":100,
            "욕실수":"--",
            "현관타입":"--",
            "주거총점":7.5,
            "지역구공급총점":0.0,
            "역세권":0,
            "30분내 이동가능 거점":0,
            "1시간내 이동가능 거점":10,
            "교통총점":2.0,
            "백화점":0,
            "아울렛몰":80,
            "대형마트":80,
            "은행":0,
            "병원":0,
            "종합병원":80,
            "공원":80,
            "혐오시설":0,
            "인프라총점":38.4,
            "초등학군":89.98,
            "중학군":52.86,
            "학군총점":60.284,
            "인구수":19.57,
            "인구증감":-3.15,
            "인구총점":12.754,
            "일자리":14.07,
            "소득수준":72.66,
            "일자리총점":31.647,
            "가치 총점":31.7802,
            "매매실거래년":20220218.0,
            "매매실거래가":6500.0,
            "전세실거래년":20200601.0,
            "전세실거래가":3800.0,
            "전세가율":58.46,
            "장기전세가율평균":69.62,
            "전세가율거품지수":11.16,
            "검색코드":11332,
            "세대수":90.0,
            "준공년월":"1986-12-05",
            "준공년차":37.0,
            "가까운역이름":"정부청사",
            "가까운역거리":10577.02,
            "역세권여부":"비역세권",
            "30분이내주요거점역":0,
            "30분거점역이름":"[]",
            "1시간이내주요거점역":1,
            "1시간거점역이름":"['대전']",
            "3km이내백화점수":0,
            "5km이내아울렛몰수":1,
            "1km이내대형먀트수":1,
            "500m이내은행수":1,
            "500m이내병원수":0,
            "5km이내대형병원수":1,
            "500m이내공원수":1,
            "3km이내혐오시설수":0,
            "초등학교학업성취도":89.98,
            "중학교학업성취도":88.1,
            "용적률":0,
            "건폐율":0,
            "Y":36.448397,
            "X":127.415981,
            "rank":60.0,
            "area_info":"20평(68.57), 20평(68.79), 20평(69.06), 23평(79.12)",
            "last_sales":"2022-02-18,6500.0,20평(68.57)",
            "rank_history":[
                [
                    "202203",
                    60
                ],
                [
                    "202202",
                    9999
                ]
            ],
            "rank_gap":9999
        },
        {
            "index":252,
            "아파트명":"새여울(한신)",
            "투자타입":"일반",
            "전용면적(m2)":"74.97",
            "전용면적(평)":"22평",
            "법정동주소":"대전시 대덕구 신탄진동 22-2",
            "도로명주소":"대전시 대덕구 대청로64번길 63",
            "세대수":0,
            "입주년차":0,
            "용적률점수":"--",
            "건폐율점수":"--",
            "세대당주차수":0,
            "난방방식":30,
            "공급면적":"--",
            "전용률":"--",
            "욕실수":50,
            "현관타입":100,
            "주거총점":18.0,
            "지역구공급총점":0.0,
            "역세권":0,
            "30분내 이동가능 거점":0,
            "1시간내 이동가능 거점":0,
            "교통총점":0.0,
            "백화점":0,
            "아울렛몰":80,
            "대형마트":80,
            "은행":0,
            "병원":0,
            "종합병원":80,
            "공원":100,
            "혐오시설":0,
            "인프라총점":39.0,
            "초등학군":90.01,
            "중학군":41.76,
            "학군총점":51.41,
            "인구수":19.57,
            "인구증감":-3.15,
            "인구총점":12.754,
            "일자리":14.07,
            "소득수준":72.66,
            "일자리총점":31.647,
            "가치 총점":31.623,
            "매매실거래년":20220123.0,
            "매매실거래가":26500.0,
            "전세실거래년":20211205.0,
            "전세실거래가":13000.0,
            "전세가율":73.45,
            "장기전세가율평균":69.62,
            "전세가율거품지수":-3.83,
            "검색코드":5571,
            "세대수":299.0,
            "준공년월":"1996-09-14",
            "준공년차":27.0,
            "가까운역이름":"정부청사",
            "가까운역거리":11486.09,
            "역세권여부":"비역세권",
            "30분이내주요거점역":0,
            "30분거점역이름":"[]",
            "1시간이내주요거점역":0,
            "1시간거점역이름":"[]",
            "3km이내백화점수":0,
            "5km이내아울렛몰수":1,
            "1km이내대형먀트수":1,
            "500m이내은행수":0,
            "500m이내병원수":0,
            "5km이내대형병원수":1,
            "500m이내공원수":4,
            "3km이내혐오시설수":0,
            "초등학교학업성취도":90.01,
            "중학교학업성취도":67.2,
            "용적률":198,
            "건폐율":19,
            "Y":36.450588,
            "X":127.436826,
            "rank":61.0,
            "area_info":"22평(74.97), 31평(102.62)",
            "last_sales":"2022-01-23,26500.0,31평(102.62)",
            "rank_history":[
                [
                    "202203",
                    61
                ],
                [
                    "202202",
                    43
                ],
                [
                    "202201",
                    40
                ]
            ],
            "rank_gap":-18
        },
        {
            "index":124,
            "아파트명":"리치빌",
            "투자타입":"일반",
            "전용면적(m2)":"100.78",
            "전용면적(평)":"30평",
            "법정동주소":"대전시 대덕구 비래동 145-11",
            "도로명주소":"대전시 대덕구 비래동로32번길 45",
            "세대수":0,
            "입주년차":40,
            "용적률점수":"--",
            "건폐율점수":"--",
            "세대당주차수":30,
            "난방방식":30,
            "공급면적":"--",
            "전용률":"--",
            "욕실수":100,
            "현관타입":50,
            "주거총점":30.5,
            "지역구공급총점":0.0,
            "역세권":0,
            "30분내 이동가능 거점":20,
            "1시간내 이동가능 거점":50,
            "교통총점":16.0,
            "백화점":0,
            "아울렛몰":0,
            "대형마트":0,
            "은행":0,
            "병원":0,
            "종합병원":100,
            "공원":80,
            "혐오시설":0,
            "인프라총점":22.4,
            "초등학군":90.0,
            "중학군":39.26,
            "학군총점":49.408,
            "인구수":19.57,
            "인구증감":-3.15,
            "인구총점":12.754,
            "일자리":14.07,
            "소득수준":72.66,
            "일자리총점":31.647,
            "가치 총점":31.5674,
            "매매실거래년":20210911.0,
            "매매실거래가":20800.0,
            "전세실거래년":20210927.0,
            "전세실거래가":15750.0,
            "전세가율":75.72,
            "장기전세가율평균":69.62,
            "전세가율거품지수":-6.1,
            "검색코드":107951,
            "세대수":53.0,
            "준공년월":"2005-04-22",
            "준공년차":18.0,
            "가까운역이름":"대동",
            "가까운역거리":3071.07,
            "역세권여부":"비역세권",
            "30분이내주요거점역":1,
            "30분거점역이름":"['대전']",
            "1시간이내주요거점역":5,
            "1시간거점역이름":"['대전', '유성온천', '시청', '정부청사', '탄방']",
            "3km이내백화점수":0,
            "5km이내아울렛몰수":0,
            "1km이내대형먀트수":0,
            "500m이내은행수":1,
            "500m이내병원수":0,
            "5km이내대형병원수":4,
            "500m이내공원수":1,
            "3km이내혐오시설수":0,
            "초등학교학업성취도":90.0,
            "중학교학업성취도":65.1,
            "용적률":198,
            "건폐율":28,
            "Y":36.355934,
            "X":127.453118,
            "rank":62.0,
            "area_info":"30평(100.78)",
            "last_sales":"2021-09-11,20800.0,30평(100.78)",
            "rank_history":[
                [
                    "202203",
                    62
                ],
                [
                    "202202",
                    9999
                ]
            ],
            "rank_gap":9999
        },
        {
            "index":44,
            "아파트명":"원창(4-1)",
            "투자타입":"재건축",
            "전용면적(m2)":"75.91",
            "전용면적(평)":"22평",
            "법정동주소":"대전시 대덕구 덕암동 4-1",
            "도로명주소":"대전시 대덕구 덕암북로10번길 31",
            "세대수":0,
            "입주년차":"--",
            "용적률점수":0,
            "건폐율점수":0,
            "세대당주차수":"--",
            "난방방식":"--",
            "공급면적":50,
            "전용률":60,
            "욕실수":"--",
            "현관타입":"--",
            "주거총점":5.5,
            "지역구공급총점":0.0,
            "역세권":0,
            "30분내 이동가능 거점":0,
            "1시간내 이동가능 거점":10,
            "교통총점":2.0,
            "백화점":0,
            "아울렛몰":80,
            "대형마트":80,
            "은행":0,
            "병원":0,
            "종합병원":80,
            "공원":100,
            "혐오시설":0,
            "인프라총점":39.0,
            "초등학군":90.0,
            "중학군":52.86,
            "학군총점":60.288,
            "인구수":19.57,
            "인구증감":-3.15,
            "인구총점":12.754,
            "일자리":14.07,
            "소득수준":72.66,
            "일자리총점":31.647,
            "가치 총점":31.4614,
            "매매실거래년":20220221.0,
            "매매실거래가":6500.0,
            "전세실거래년":20180526.0,
            "전세실거래가":2600.0,
            "전세가율":43.33,
            "장기전세가율평균":69.62,
            "전세가율거품지수":26.29,
            "검색코드":103715,
            "세대수":60.0,
            "준공년월":"1991-05-30",
            "준공년차":32.0,
            "가까운역이름":"정부청사",
            "가까운역거리":10503.83,
            "역세권여부":"비역세권",
            "30분이내주요거점역":0,
            "30분거점역이름":"[]",
            "1시간이내주요거점역":1,
            "1시간거점역이름":"['대전']",
            "3km이내백화점수":0,
            "5km이내아울렛몰수":1,
            "1km이내대형먀트수":1,
            "500m이내은행수":1,
            "500m이내병원수":0,
            "5km이내대형병원수":1,
            "500m이내공원수":2,
            "3km이내혐오시설수":0,
            "초등학교학업성취도":90.0,
            "중학교학업성취도":88.1,
            "용적률":0,
            "건폐율":0,
            "Y":36.446455,
            "X":127.420659,
            "rank":63.0,
            "area_info":"22평(75.91), 22평(75.38), 22평(75.83), 23평(76.06)",
            "last_sales":"2022-02-21,6500.0,22평(75.38)",
            "rank_history":[
                [
                    "202203",
                    63
                ],
                [
                    "202202",
                    9999
                ]
            ],
            "rank_gap":9999
        },
        {
            "index":0,
            "아파트명":"금성백조",
            "투자타입":"재건축",
            "전용면적(m2)":"54.46",
            "전용면적(평)":"16평",
            "법정동주소":"대전시 대덕구 대화동 16-2",
            "도로명주소":"대전시 대덕구 대화로 19",
            "세대수":0,
            "입주년차":"--",
            "용적률점수":0,
            "건폐율점수":0,
            "세대당주차수":"--",
            "난방방식":"--",
            "공급면적":50,
            "전용률":80,
            "욕실수":"--",
            "현관타입":"--",
            "주거총점":6.5,
            "지역구공급총점":0.0,
            "역세권":0,
            "30분내 이동가능 거점":20,
            "1시간내 이동가능 거점":60,
            "교통총점":18.0,
            "백화점":0,
            "아울렛몰":0,
            "대형마트":80,
            "은행":0,
            "병원":0,
            "종합병원":100,
            "공원":100,
            "혐오시설":0,
            "인프라총점":35.0,
            "초등학군":89.99,
            "중학군":44.44,
            "학군총점":53.55,
            "인구수":19.57,
            "인구증감":-3.15,
            "인구총점":12.754,
            "일자리":14.07,
            "소득수준":72.66,
            "일자리총점":31.647,
            "가치 총점":30.89,
            "매매실거래년":20201231.0,
            "매매실거래가":10400.0,
            "전세실거래년":20130830.0,
            "전세실거래가":4200.0,
            "전세가율":88.42,
            "장기전세가율평균":69.62,
            "전세가율거품지수":-18.8,
            "검색코드":5580,
            "세대수":160.0,
            "준공년월":"1985-03-14",
            "준공년차":38.0,
            "가까운역이름":"정부청사",
            "가까운역거리":3432.51,
            "역세권여부":"비역세권",
            "30분이내주요거점역":1,
            "30분거점역이름":"['시청']",
            "1시간이내주요거점역":6,
            "1시간거점역이름":"['대전', '유성온천', '시청', '반석', '정부청사', '탄방']",
            "3km이내백화점수":0,
            "5km이내아울렛몰수":0,
            "1km이내대형먀트수":1,
            "500m이내은행수":1,
            "500m이내병원수":0,
            "5km이내대형병원수":5,
            "500m이내공원수":3,
            "3km이내혐오시설수":0,
            "초등학교학업성취도":89.99,
            "중학교학업성취도":73.4,
            "용적률":0,
            "건폐율":0,
            "Y":36.367361,
            "X":127.417581,
            "rank":64.0,
            "area_info":"16평(54.46), 16평(55.16), 20평(68.7), 21평(69.69), 21평(70.42), 21평(71.96), 21평(71.9), 21평(72.67)",
            "last_sales":"2020-12-31,10400.0,21평(72.67)",
            "rank_history":[
                [
                    "202203",
                    64
                ],
                [
                    "202202",
                    51
                ],
                [
                    "202201",
                    57
                ]
            ],
            "rank_gap":-13
        },
        {
            "index":133,
            "아파트명":"삼호맨션",
            "투자타입":"재건축",
            "전용면적(m2)":"93.71",
            "전용면적(평)":"28평",
            "법정동주소":"대전시 대덕구 비래동 124-1",
            "도로명주소":"대전시 대덕구 비래서로 42",
            "세대수":0,
            "입주년차":"--",
            "용적률점수":0,
            "건폐율점수":0,
            "세대당주차수":"--",
            "난방방식":"--",
            "공급면적":70,
            "전용률":80,
            "욕실수":"--",
            "현관타입":"--",
            "주거총점":7.5,
            "지역구공급총점":0.0,
            "역세권":0,
            "30분내 이동가능 거점":20,
            "1시간내 이동가능 거점":50,
            "교통총점":16.0,
            "백화점":0,
            "아울렛몰":0,
            "대형마트":80,
            "은행":0,
            "병원":0,
            "종합병원":100,
            "공원":100,
            "혐오시설":0,
            "인프라총점":35.0,
            "초등학군":90.0,
            "중학군":39.26,
            "학군총점":49.408,
            "인구수":19.57,
            "인구증감":-3.15,
            "인구총점":12.754,
            "일자리":14.07,
            "소득수준":72.66,
            "일자리총점":31.647,
            "가치 총점":29.5974,
            "매매실거래년":20211205.0,
            "매매실거래가":19800.0,
            "전세실거래년":20220208.0,
            "전세실거래가":15000.0,
            "전세가율":93.75,
            "장기전세가율평균":69.62,
            "전세가율거품지수":-24.13,
            "검색코드":5634,
            "세대수":220.0,
            "준공년월":"1989-12-07",
            "준공년차":34.0,
            "가까운역이름":"대동",
            "가까운역거리":2759.37,
            "역세권여부":"비역세권",
            "30분이내주요거점역":1,
            "30분거점역이름":"['대전']",
            "1시간이내주요거점역":5,
            "1시간거점역이름":"['대전', '유성온천', '시청', '정부청사', '탄방']",
            "3km이내백화점수":0,
            "5km이내아울렛몰수":0,
            "1km이내대형먀트수":1,
            "500m이내은행수":1,
            "500m이내병원수":0,
            "5km이내대형병원수":4,
            "500m이내공원수":2,
            "3km이내혐오시설수":0,
            "초등학교학업성취도":90.0,
            "중학교학업성취도":65.1,
            "용적률":0,
            "건폐율":0,
            "Y":36.353984,
            "X":127.448464,
            "rank":65.0,
            "area_info":"28평(93.71), 28평(94.74)",
            "last_sales":"2021-12-05,19800.0,28평(94.74)",
            "rank_history":[
                [
                    "202203",
                    65
                ],
                [
                    "202202",
                    52
                ],
                [
                    "202201",
                    44
                ]
            ],
            "rank_gap":-13
        },
        {
            "index":234,
            "아파트명":"고려",
            "투자타입":"재건축",
            "전용면적(m2)":"76.48",
            "전용면적(평)":"23평",
            "법정동주소":"대전시 대덕구 신탄진동 129-2",
            "도로명주소":"대전시 대덕구 신탄진북로35번길 27",
            "세대수":0,
            "입주년차":"--",
            "용적률점수":0,
            "건폐율점수":0,
            "세대당주차수":"--",
            "난방방식":"--",
            "공급면적":50,
            "전용률":60,
            "욕실수":"--",
            "현관타입":"--",
            "주거총점":5.5,
            "지역구공급총점":0.0,
            "역세권":0,
            "30분내 이동가능 거점":0,
            "1시간내 이동가능 거점":10,
            "교통총점":2.0,
            "백화점":0,
            "아울렛몰":80,
            "대형마트":80,
            "은행":20,
            "병원":0,
            "종합병원":80,
            "공원":100,
            "혐오시설":0,
            "인프라총점":41.0,
            "초등학군":90.01,
            "중학군":41.76,
            "학군총점":51.41,
            "인구수":19.57,
            "인구증감":-3.15,
            "인구총점":12.754,
            "일자리":14.07,
            "소득수준":72.66,
            "일자리총점":31.647,
            "가치 총점":29.398,
            "매매실거래년":20211115.0,
            "매매실거래가":7250.0,
            "전세실거래년":20220221.0,
            "전세실거래가":4000.0,
            "전세가율":55.17,
            "장기전세가율평균":69.62,
            "전세가율거품지수":14.45,
            "검색코드":101519,
            "세대수":60.0,
            "준공년월":"1990-09-20",
            "준공년차":33.0,
            "가까운역이름":"정부청사",
            "가까운역거리":11393.4,
            "역세권여부":"비역세권",
            "30분이내주요거점역":0,
            "30분거점역이름":"[]",
            "1시간이내주요거점역":1,
            "1시간거점역이름":"['대전']",
            "3km이내백화점수":0,
            "5km이내아울렛몰수":1,
            "1km이내대형먀트수":1,
            "500m이내은행수":2,
            "500m이내병원수":0,
            "5km이내대형병원수":1,
            "500m이내공원수":4,
            "3km이내혐오시설수":0,
            "초등학교학업성취도":90.01,
            "중학교학업성취도":67.2,
            "용적률":0,
            "건폐율":0,
            "Y":36.451039,
            "X":127.433152,
            "rank":66.0,
            "area_info":"23평(76.48)",
            "last_sales":"2021-11-15,7250.0,23평(76.48)",
            "rank_history":[
                [
                    "202203",
                    66
                ],
                [
                    "202202",
                    9999
                ]
            ],
            "rank_gap":9999
        },
        {
            "index":314,
            "아파트명":"임광하이츠",
            "투자타입":"재건축",
            "전용면적(m2)":"76.46",
            "전용면적(평)":"23평",
            "법정동주소":"대전시 대덕구 중리동 235-8",
            "도로명주소":"대전시 대덕구 홍도로135번길 35",
            "세대수":0,
            "입주년차":"--",
            "용적률점수":0,
            "건폐율점수":0,
            "세대당주차수":"--",
            "난방방식":"--",
            "공급면적":50,
            "전용률":80,
            "욕실수":"--",
            "현관타입":"--",
            "주거총점":6.5,
            "지역구공급총점":0.0,
            "역세권":0,
            "30분내 이동가능 거점":60,
            "1시간내 이동가능 거점":60,
            "교통총점":30.0,
            "백화점":0,
            "아울렛몰":0,
            "대형마트":0,
            "은행":0,
            "병원":0,
            "종합병원":100,
            "공원":100,
            "혐오시설":0,
            "인프라총점":23.0,
            "초등학군":90.0,
            "중학군":43.08,
            "학군총점":52.464,
            "인구수":19.57,
            "인구증감":-3.15,
            "인구총점":12.754,
            "일자리":14.07,
            "소득수준":72.66,
            "일자리총점":31.647,
            "가치 총점":28.7642,
            "매매실거래년":20201228.0,
            "매매실거래가":10000.0,
            "전세실거래년":20151125.0,
            "전세실거래가":2000.0,
            "전세가율":23.53,
            "장기전세가율평균":69.62,
            "전세가율거품지수":46.09,
            "검색코드":14560,
            "세대수":59.0,
            "준공년월":"1987-08-20",
            "준공년차":36.0,
            "가까운역이름":"대동",
            "가까운역거리":3544.0,
            "역세권여부":"비역세권",
            "30분이내주요거점역":3,
            "30분거점역이름":"['대전', '시청', '정부청사']",
            "1시간이내주요거점역":6,
            "1시간거점역이름":"['대전', '유성온천', '시청', '반석', '정부청사', '탄방']",
            "3km이내백화점수":0,
            "5km이내아울렛몰수":0,
            "1km이내대형먀트수":0,
            "500m이내은행수":1,
            "500m이내병원수":0,
            "5km이내대형병원수":6,
            "500m이내공원수":5,
            "3km이내혐오시설수":0,
            "초등학교학업성취도":90.0,
            "중학교학업성취도":71.8,
            "용적률":0,
            "건폐율":0,
            "Y":36.35808,
            "X":127.42511,
            "rank":67.0,
            "area_info":"23평(76.46), 24평(79.97)",
            "last_sales":"2020-12-28,10000.0,24평(79.97)",
            "rank_history":[
                [
                    "202203",
                    67
                ],
                [
                    "202202",
                    9999
                ]
            ],
            "rank_gap":9999
        },
        {
            "index":148,
            "아파트명":"반석",
            "투자타입":"일반",
            "전용면적(m2)":"43.01",
            "전용면적(평)":"13평",
            "법정동주소":"대전시 대덕구 상서동 828-3",
            "도로명주소":"대전시 대덕구 덕암로154번길 16",
            "세대수":0,
            "입주년차":0,
            "용적률점수":"--",
            "건폐율점수":"--",
            "세대당주차수":0,
            "난방방식":30,
            "공급면적":"--",
            "전용률":"--",
            "욕실수":50,
            "현관타입":10,
            "주거총점":9.0,
            "지역구공급총점":0.0,
            "역세권":0,
            "30분내 이동가능 거점":0,
            "1시간내 이동가능 거점":30,
            "교통총점":6.0,
            "백화점":0,
            "아울렛몰":80,
            "대형마트":80,
            "은행":0,
            "병원":0,
            "종합병원":80,
            "공원":80,
            "혐오시설":0,
            "인프라총점":38.4,
            "초등학군":89.98,
            "중학군":35.08,
            "학군총점":46.06,
            "인구수":19.57,
            "인구증감":-3.15,
            "인구총점":12.754,
            "일자리":14.07,
            "소득수준":72.66,
            "일자리총점":31.647,
            "가치 총점":28.488,
            "매매실거래년":20181207.0,
            "매매실거래가":4701.0,
            "전세실거래년":null,
            "전세실거래가":null,
            "전세가율":null,
            "장기전세가율평균":69.62,
            "전세가율거품지수":null,
            "검색코드":106247,
            "세대수":150.0,
            "준공년월":"1998-10-26",
            "준공년차":25.0,
            "가까운역이름":"정부청사",
            "가까운역거리":9285.71,
            "역세권여부":"비역세권",
            "30분이내주요거점역":0,
            "30분거점역이름":"[]",
            "1시간이내주요거점역":3,
            "1시간거점역이름":"['대전', '시청', '정부청사']",
            "3km이내백화점수":0,
            "5km이내아울렛몰수":1,
            "1km이내대형먀트수":1,
            "500m이내은행수":0,
            "500m이내병원수":0,
            "5km이내대형병원수":1,
            "500m이내공원수":1,
            "3km이내혐오시설수":0,
            "초등학교학업성취도":89.98,
            "중학교학업성취도":57.6,
            "용적률":211,
            "건폐율":22,
            "Y":36.433983,
            "X":127.422837,
            "rank":68.0,
            "area_info":"13평(43.01), 15평(52.62)",
            "last_sales":"2018-12-07,4701.0,15평(52.62)",
            "rank_history":[
                [
                    "202203",
                    68
                ],
                [
                    "202202",
                    53
                ],
                [
                    "202201",
                    58
                ]
            ],
            "rank_gap":-15
        },
        {
            "index":115,
            "아파트명":"금성백조2차",
            "투자타입":"재건축",
            "전용면적(m2)":"94.51",
            "전용면적(평)":"28평",
            "법정동주소":"대전시 대덕구 비래동 133-5",
            "도로명주소":"대전시 대덕구 우암동로 2",
            "세대수":30,
            "입주년차":"--",
            "용적률점수":0,
            "건폐율점수":0,
            "세대당주차수":"--",
            "난방방식":"--",
            "공급면적":70,
            "전용률":80,
            "욕실수":"--",
            "현관타입":"--",
            "주거총점":16.5,
            "지역구공급총점":0.0,
            "역세권":0,
            "30분내 이동가능 거점":20,
            "1시간내 이동가능 거점":50,
            "교통총점":16.0,
            "백화점":0,
            "아울렛몰":0,
            "대형마트":0,
            "은행":0,
            "병원":0,
            "종합병원":100,
            "공원":100,
            "혐오시설":0,
            "인프라총점":23.0,
            "초등학군":90.02,
            "중학군":39.26,
            "학군총점":49.412,
            "인구수":19.57,
            "인구증감":-3.15,
            "인구총점":12.754,
            "일자리":14.07,
            "소득수준":72.66,
            "일자리총점":31.647,
            "가치 총점":28.2486,
            "매매실거래년":20220119.0,
            "매매실거래가":23000.0,
            "전세실거래년":20210222.0,
            "전세실거래가":10000.0,
            "전세가율":54.05,
            "장기전세가율평균":69.62,
            "전세가율거품지수":15.57,
            "검색코드":5630,
            "세대수":324.0,
            "준공년월":"1991-03-20",
            "준공년차":32.0,
            "가까운역이름":"대동",
            "가까운역거리":3241.15,
            "역세권여부":"비역세권",
            "30분이내주요거점역":1,
            "30분거점역이름":"['대전']",
            "1시간이내주요거점역":5,
            "1시간거점역이름":"['대전', '유성온천', '시청', '정부청사', '탄방']",
            "3km이내백화점수":0,
            "5km이내아울렛몰수":0,
            "1km이내대형먀트수":0,
            "500m이내은행수":1,
            "500m이내병원수":0,
            "5km이내대형병원수":4,
            "500m이내공원수":3,
            "3km이내혐오시설수":0,
            "초등학교학업성취도":90.02,
            "중학교학업성취도":65.1,
            "용적률":0,
            "건폐율":0,
            "Y":36.357979,
            "X":127.451021,
            "rank":69.0,
            "area_info":"28평(94.51), 29평(96.85), 30평(100.53)",
            "last_sales":"2022-01-19,23000.0,29평(96.85)",
            "rank_history":[
                [
                    "202203",
                    69
                ],
                [
                    "202202",
                    55
                ],
                [
                    "202201",
                    49
                ]
            ],
            "rank_gap":-14
        },
        {
            "index":125,
            "아파트명":"미래",
            "투자타입":"일반",
            "전용면적(m2)":"51.7",
            "전용면적(평)":"15평",
            "법정동주소":"대전시 대덕구 비래동 135-5",
            "도로명주소":"대전시 대덕구 우암동로18번길 30",
            "세대수":0,
            "입주년차":20,
            "용적률점수":"--",
            "건폐율점수":"--",
            "세대당주차수":0,
            "난방방식":30,
            "공급면적":"--",
            "전용률":"--",
            "욕실수":50,
            "현관타입":50,
            "주거총점":17.0,
            "지역구공급총점":0.0,
            "역세권":0,
            "30분내 이동가능 거점":20,
            "1시간내 이동가능 거점":50,
            "교통총점":16.0,
            "백화점":0,
            "아울렛몰":0,
            "대형마트":0,
            "은행":0,
            "병원":0,
            "종합병원":100,
            "공원":80,
            "혐오시설":0,
            "인프라총점":22.4,
            "초등학군":90.02,
            "중학군":39.26,
            "학군총점":49.412,
            "인구수":19.57,
            "인구증감":-3.15,
            "인구총점":12.754,
            "일자리":14.07,
            "소득수준":72.66,
            "일자리총점":31.647,
            "가치 총점":28.1936,
            "매매실거래년":20220203.0,
            "매매실거래가":8300.0,
            "전세실거래년":20211027.0,
            "전세실거래가":5500.0,
            "전세가율":66.27,
            "장기전세가율평균":69.62,
            "전세가율거품지수":3.35,
            "검색코드":105205,
            "세대수":172.0,
            "준공년월":"2001-07-30",
            "준공년차":22.0,
            "가까운역이름":"대동",
            "가까운역거리":3263.67,
            "역세권여부":"비역세권",
            "30분이내주요거점역":1,
            "30분거점역이름":"['대전']",
            "1시간이내주요거점역":5,
            "1시간거점역이름":"['대전', '유성온천', '시청', '정부청사', '탄방']",
            "3km이내백화점수":0,
            "5km이내아울렛몰수":0,
            "1km이내대형먀트수":0,
            "500m이내은행수":1,
            "500m이내병원수":0,
            "5km이내대형병원수":4,
            "500m이내공원수":1,
            "3km이내혐오시설수":0,
            "초등학교학업성취도":90.02,
            "중학교학업성취도":65.1,
            "용적률":343,
            "건폐율":28,
            "Y":36.357763,
            "X":127.453039,
            "rank":70.0,
            "area_info":"15평(51.7), 17평(58.05)",
            "last_sales":"2022-02-03,8300.0,15평(51.7)",
            "rank_history":[
                [
                    "202203",
                    70
                ],
                [
                    "202202",
                    57
                ],
                [
                    "202201",
                    50
                ]
            ],
            "rank_gap":-13
        },
        {
            "index":301,
            "아파트명":"안전(안전로얄)",
            "투자타입":"재건축",
            "전용면적(m2)":"75.24",
            "전용면적(평)":"22평",
            "법정동주소":"대전시 대덕구 중리동 222-2",
            "도로명주소":"대전시 대덕구 홍도로135번길 121",
            "세대수":0,
            "입주년차":"--",
            "용적률점수":0,
            "건폐율점수":0,
            "세대당주차수":"--",
            "난방방식":"--",
            "공급면적":50,
            "전용률":100,
            "욕실수":"--",
            "현관타입":"--",
            "주거총점":7.5,
            "지역구공급총점":0.0,
            "역세권":0,
            "30분내 이동가능 거점":40,
            "1시간내 이동가능 거점":60,
            "교통총점":24.0,
            "백화점":0,
            "아울렛몰":0,
            "대형마트":0,
            "은행":0,
            "병원":0,
            "종합병원":100,
            "공원":100,
            "혐오시설":0,
            "인프라총점":23.0,
            "초등학군":90.0,
            "중학군":43.08,
            "학군총점":52.464,
            "인구수":19.57,
            "인구증감":-3.15,
            "인구총점":12.754,
            "일자리":14.07,
            "소득수준":72.66,
            "일자리총점":31.647,
            "가치 총점":28.1142,
            "매매실거래년":20211122.0,
            "매매실거래가":11900.0,
            "전세실거래년":20220115.0,
            "전세실거래가":13000.0,
            "전세가율":185.71,
            "장기전세가율평균":69.62,
            "전세가율거품지수":-116.09,
            "검색코드":117142,
            "세대수":65.0,
            "준공년월":"1986-04-29",
            "준공년차":37.0,
            "가까운역이름":"용문",
            "가까운역거리":3230.23,
            "역세권여부":"비역세권",
            "30분이내주요거점역":2,
            "30분거점역이름":"['시청', '정부청사']",
            "1시간이내주요거점역":6,
            "1시간거점역이름":"['대전', '유성온천', '시청', '반석', '정부청사', '탄방']",
            "3km이내백화점수":0,
            "5km이내아울렛몰수":0,
            "1km이내대형먀트수":0,
            "500m이내은행수":1,
            "500m이내병원수":0,
            "5km이내대형병원수":6,
            "500m이내공원수":3,
            "3km이내혐오시설수":0,
            "초등학교학업성취도":90.0,
            "중학교학업성취도":71.8,
            "용적률":0,
            "건폐율":0,
            "Y":36.357796,
            "X":127.419999,
            "rank":71.0,
            "area_info":"22평(75.24), 23평(78.03), 23평(78.03), 24평(82.08)",
            "last_sales":"2021-11-22,11900.0,23평(78.03)",
            "rank_history":[
                [
                    "202203",
                    71
                ],
                [
                    "202202",
                    9999
                ]
            ],
            "rank_gap":9999
        },
        {
            "index":292,
            "아파트명":"백송",
            "투자타입":"일반",
            "전용면적(m2)":"73.4",
            "전용면적(평)":"22평",
            "법정동주소":"대전시 대덕구 읍내동 202",
            "도로명주소":"대전시 대덕구 대전로1397번길 79",
            "세대수":0,
            "입주년차":0,
            "용적률점수":"--",
            "건폐율점수":"--",
            "세대당주차수":0,
            "난방방식":30,
            "공급면적":"--",
            "전용률":"--",
            "욕실수":50,
            "현관타입":10,
            "주거총점":9.0,
            "지역구공급총점":0.0,
            "역세권":0,
            "30분내 이동가능 거점":0,
            "1시간내 이동가능 거점":50,
            "교통총점":10.0,
            "백화점":0,
            "아울렛몰":0,
            "대형마트":80,
            "은행":0,
            "병원":0,
            "종합병원":100,
            "공원":100,
            "혐오시설":0,
            "인프라총점":35.0,
            "초등학군":89.95,
            "중학군":34.14,
            "학군총점":45.302,
            "인구수":19.57,
            "인구증감":-3.15,
            "인구총점":12.754,
            "일자리":14.07,
            "소득수준":72.66,
            "일자리총점":31.647,
            "가치 총점":27.8406,
            "매매실거래년":20220106.0,
            "매매실거래가":13500.0,
            "전세실거래년":20210911.0,
            "전세실거래가":7500.0,
            "전세가율":111.94,
            "장기전세가율평균":69.62,
            "전세가율거품지수":-42.32,
            "검색코드":5573,
            "세대수":297.0,
            "준공년월":"1997-11-19",
            "준공년차":26.0,
            "가까운역이름":"정부청사",
            "가까운역거리":4295.28,
            "역세권여부":"비역세권",
            "30분이내주요거점역":0,
            "30분거점역이름":"[]",
            "1시간이내주요거점역":5,
            "1시간거점역이름":"['대전', '유성온천', '시청', '정부청사', '탄방']",
            "3km이내백화점수":0,
            "5km이내아울렛몰수":0,
            "1km이내대형먀트수":1,
            "500m이내은행수":0,
            "500m이내병원수":0,
            "5km이내대형병원수":3,
            "500m이내공원수":2,
            "3km이내혐오시설수":0,
            "초등학교학업성취도":89.95,
            "중학교학업성취도":56.9,
            "용적률":312,
            "건폐율":31,
            "Y":36.380543,
            "X":127.419744,
            "rank":72.0,
            "area_info":"22평(73.4), 23평(77.15), 24평(82.58)",
            "last_sales":"2022-01-06,13500.0,23평(77.15)",
            "rank_history":[
                [
                    "202203",
                    72
                ],
                [
                    "202202",
                    54
                ],
                [
                    "202201",
                    59
                ]
            ],
            "rank_gap":-18
        },
        {
            "index":33,
            "아파트명":"금성백조",
            "투자타입":"재건축",
            "전용면적(m2)":"38.87",
            "전용면적(평)":"11평",
            "법정동주소":"대전시 대덕구 덕암동 62-18",
            "도로명주소":"대전시 대덕구 덕암로173번길 8",
            "세대수":0,
            "입주년차":"--",
            "용적률점수":0,
            "건폐율점수":0,
            "세대당주차수":"--",
            "난방방식":"--",
            "공급면적":50,
            "전용률":80,
            "욕실수":"--",
            "현관타입":"--",
            "주거총점":6.5,
            "지역구공급총점":0.0,
            "역세권":0,
            "30분내 이동가능 거점":0,
            "1시간내 이동가능 거점":20,
            "교통총점":4.0,
            "백화점":0,
            "아울렛몰":80,
            "대형마트":80,
            "은행":0,
            "병원":0,
            "종합병원":80,
            "공원":80,
            "혐오시설":0,
            "인프라총점":38.4,
            "초등학군":89.98,
            "중학군":35.08,
            "학군총점":46.06,
            "인구수":19.57,
            "인구증감":-3.15,
            "인구총점":12.754,
            "일자리":14.07,
            "소득수준":72.66,
            "일자리총점":31.647,
            "가치 총점":27.563,
            "매매실거래년":20220111.0,
            "매매실거래가":5000.0,
            "전세실거래년":20200221.0,
            "전세실거래가":3500.0,
            "전세가율":109.38,
            "장기전세가율평균":69.62,
            "전세가율거품지수":-39.76,
            "검색코드":112322,
            "세대수":80.0,
            "준공년월":"1988-07-04",
            "준공년차":35.0,
            "가까운역이름":"정부청사",
            "가까운역거리":9505.01,
            "역세권여부":"비역세권",
            "30분이내주요거점역":0,
            "30분거점역이름":"[]",
            "1시간이내주요거점역":2,
            "1시간거점역이름":"['대전', '시청']",
            "3km이내백화점수":0,
            "5km이내아울렛몰수":1,
            "1km이내대형먀트수":1,
            "500m이내은행수":0,
            "500m이내병원수":0,
            "5km이내대형병원수":1,
            "500m이내공원수":1,
            "3km이내혐오시설수":0,
            "초등학교학업성취도":89.98,
            "중학교학업성취도":57.6,
            "용적률":0,
            "건폐율":0,
            "Y":36.436795,
            "X":127.420842,
            "rank":73.0,
            "area_info":"11평(38.87), 15평(51.38), 16평(53.48), 19평(65.68)",
            "last_sales":"2022-01-11,5000.0,19평(65.68)",
            "rank_history":[
                [
                    "202203",
                    73
                ],
                [
                    "202202",
                    9999
                ]
            ],
            "rank_gap":9999
        },
        {
            "index":26,
            "아파트명":"신대화",
            "투자타입":"재건축",
            "전용면적(m2)":"57.35",
            "전용면적(평)":"17평",
            "법정동주소":"대전시 대덕구 대화동 16-163",
            "도로명주소":"대전시 대덕구 대전로 1255",
            "세대수":0,
            "입주년차":"--",
            "용적률점수":0,
            "건폐율점수":0,
            "세대당주차수":"--",
            "난방방식":"--",
            "공급면적":50,
            "전용률":100,
            "욕실수":"--",
            "현관타입":"--",
            "주거총점":7.5,
            "지역구공급총점":0.0,
            "역세권":0,
            "30분내 이동가능 거점":20,
            "1시간내 이동가능 거점":60,
            "교통총점":18.0,
            "백화점":0,
            "아울렛몰":0,
            "대형마트":0,
            "은행":0,
            "병원":0,
            "종합병원":100,
            "공원":100,
            "혐오시설":0,
            "인프라총점":23.0,
            "초등학군":89.99,
            "중학군":44.44,
            "학군총점":53.55,
            "인구수":19.57,
            "인구증감":-3.15,
            "인구총점":12.754,
            "일자리":14.07,
            "소득수준":72.66,
            "일자리총점":31.647,
            "가치 총점":27.54,
            "매매실거래년":20211209.0,
            "매매실거래가":7000.0,
            "전세실거래년":null,
            "전세실거래가":null,
            "전세가율":null,
            "장기전세가율평균":69.62,
            "전세가율거품지수":null,
            "검색코드":101059,
            "세대수":55.0,
            "준공년월":"1983-03-11",
            "준공년차":40.0,
            "가까운역이름":"정부청사",
            "가까운역거리":3447.46,
            "역세권여부":"비역세권",
            "30분이내주요거점역":1,
            "30분거점역이름":"['시청']",
            "1시간이내주요거점역":6,
            "1시간거점역이름":"['대전', '유성온천', '시청', '반석', '정부청사', '탄방']",
            "3km이내백화점수":0,
            "5km이내아울렛몰수":0,
            "1km이내대형먀트수":0,
            "500m이내은행수":1,
            "500m이내병원수":0,
            "5km이내대형병원수":5,
            "500m이내공원수":5,
            "3km이내혐오시설수":0,
            "초등학교학업성취도":89.99,
            "중학교학업성취도":73.4,
            "용적률":0,
            "건폐율":0,
            "Y":36.366008,
            "X":127.41828,
            "rank":74.0,
            "area_info":"17평(57.35), 17평(58.29)",
            "last_sales":"2021-12-09,7000.0,17평(58.29)",
            "rank_history":[
                [
                    "202203",
                    74
                ],
                [
                    "202202",
                    9999
                ]
            ],
            "rank_gap":9999
        },
        {
            "index":25,
            "아파트명":"소라",
            "투자타입":"재건축",
            "전용면적(m2)":"71.28",
            "전용면적(평)":"21평",
            "법정동주소":"대전시 대덕구 대화동 30-1",
            "도로명주소":"대전시 대덕구 동심1길 103",
            "세대수":0,
            "입주년차":"--",
            "용적률점수":0,
            "건폐율점수":0,
            "세대당주차수":"--",
            "난방방식":"--",
            "공급면적":50,
            "전용률":80,
            "욕실수":"--",
            "현관타입":"--",
            "주거총점":6.5,
            "지역구공급총점":0.0,
            "역세권":0,
            "30분내 이동가능 거점":20,
            "1시간내 이동가능 거점":60,
            "교통총점":18.0,
            "백화점":0,
            "아울렛몰":0,
            "대형마트":0,
            "은행":0,
            "병원":0,
            "종합병원":100,
            "공원":100,
            "혐오시설":0,
            "인프라총점":23.0,
            "초등학군":89.99,
            "중학군":44.44,
            "학군총점":53.55,
            "인구수":19.57,
            "인구증감":-3.15,
            "인구총점":12.754,
            "일자리":14.07,
            "소득수준":72.66,
            "일자리총점":31.647,
            "가치 총점":27.29,
            "매매실거래년":20211108.0,
            "매매실거래가":15300.0,
            "전세실거래년":20211112.0,
            "전세실거래가":9000.0,
            "전세가율":58.82,
            "장기전세가율평균":69.62,
            "전세가율거품지수":10.8,
            "검색코드":5587,
            "세대수":270.0,
            "준공년월":"1990-11-02",
            "준공년차":33.0,
            "가까운역이름":"정부청사",
            "가까운역거리":2887.6,
            "역세권여부":"비역세권",
            "30분이내주요거점역":1,
            "30분거점역이름":"['정부청사']",
            "1시간이내주요거점역":6,
            "1시간거점역이름":"['대전', '유성온천', '시청', '반석', '정부청사', '탄방']",
            "3km이내백화점수":0,
            "5km이내아울렛몰수":0,
            "1km이내대형먀트수":0,
            "500m이내은행수":1,
            "500m이내병원수":0,
            "5km이내대형병원수":5,
            "500m이내공원수":7,
            "3km이내혐오시설수":0,
            "초등학교학업성취도":89.99,
            "중학교학업성취도":73.4,
            "용적률":0,
            "건폐율":0,
            "Y":36.362827,
            "X":127.412822,
            "rank":75.0,
            "area_info":"21평(71.28)",
            "last_sales":"2021-11-08,15300.0,21평(71.28)",
            "rank_history":[
                [
                    "202203",
                    75
                ],
                [
                    "202202",
                    58
                ],
                [
                    "202201",
                    54
                ]
            ],
            "rank_gap":-17
        },
        {
            "index":12,
            "아파트명":"세원풍남",
            "투자타입":"재건축",
            "전용면적(m2)":"55.99",
            "전용면적(평)":"16평",
            "법정동주소":"대전시 대덕구 대화동 16-5",
            "도로명주소":"대전시 대덕구 대화11길 11",
            "세대수":0,
            "입주년차":"--",
            "용적률점수":0,
            "건폐율점수":0,
            "세대당주차수":"--",
            "난방방식":"--",
            "공급면적":50,
            "전용률":80,
            "욕실수":"--",
            "현관타입":"--",
            "주거총점":6.5,
            "지역구공급총점":0.0,
            "역세권":0,
            "30분내 이동가능 거점":20,
            "1시간내 이동가능 거점":60,
            "교통총점":18.0,
            "백화점":0,
            "아울렛몰":0,
            "대형마트":0,
            "은행":0,
            "병원":0,
            "종합병원":100,
            "공원":100,
            "혐오시설":0,
            "인프라총점":23.0,
            "초등학군":89.99,
            "중학군":44.44,
            "학군총점":53.55,
            "인구수":19.57,
            "인구증감":-3.15,
            "인구총점":12.754,
            "일자리":14.07,
            "소득수준":72.66,
            "일자리총점":31.647,
            "가치 총점":27.29,
            "매매실거래년":20211020.0,
            "매매실거래가":18000.0,
            "전세실거래년":null,
            "전세실거래가":null,
            "전세가율":null,
            "장기전세가율평균":69.62,
            "전세가율거품지수":null,
            "검색코드":5583,
            "세대수":270.0,
            "준공년월":"1987-12-22",
            "준공년차":36.0,
            "가까운역이름":"정부청사",
            "가까운역거리":3375.39,
            "역세권여부":"비역세권",
            "30분이내주요거점역":1,
            "30분거점역이름":"['시청']",
            "1시간이내주요거점역":6,
            "1시간거점역이름":"['대전', '유성온천', '시청', '반석', '정부청사', '탄방']",
            "3km이내백화점수":0,
            "5km이내아울렛몰수":0,
            "1km이내대형먀트수":0,
            "500m이내은행수":1,
            "500m이내병원수":0,
            "5km이내대형병원수":5,
            "500m이내공원수":4,
            "3km이내혐오시설수":0,
            "초등학교학업성취도":89.99,
            "중학교학업성취도":73.4,
            "용적률":0,
            "건폐율":0,
            "Y":36.36666,
            "X":127.417195,
            "rank":75.0,
            "area_info":"16평(55.99), 19평(63.86), 19평(64.25), 19평(64.67), 19평(65.52), 22평(74.63), 24평(80.09), 25평(82.77), 25평(83.3), 25평(84.45), 25평(85.13), 25평(85.02), 26평(86.63)",
            "last_sales":"2021-10-20,18000.0,25평(85.02)",
            "rank_history":[
                [
                    "202203",
                    75
                ],
                [
                    "202202",
                    58
                ],
                [
                    "202201",
                    55
                ]
            ],
            "rank_gap":-17
        },
        {
            "index":233,
            "아파트명":"한라",
            "투자타입":"일반",
            "전용면적(m2)":"72.05",
            "전용면적(평)":"21평",
            "법정동주소":"대전시 대덕구 신일동 1682-4",
            "도로명주소":"대전시 대덕구 대덕대로1448번길 80",
            "세대수":0,
            "입주년차":0,
            "용적률점수":"--",
            "건폐율점수":"--",
            "세대당주차수":0,
            "난방방식":30,
            "공급면적":"--",
            "전용률":"--",
            "욕실수":50,
            "현관타입":100,
            "주거총점":18.0,
            "지역구공급총점":0.0,
            "역세권":0,
            "30분내 이동가능 거점":0,
            "1시간내 이동가능 거점":10,
            "교통총점":2.0,
            "백화점":0,
            "아울렛몰":80,
            "대형마트":0,
            "은행":0,
            "병원":0,
            "종합병원":80,
            "공원":100,
            "혐오시설":0,
            "인프라총점":27.0,
            "초등학군":89.98,
            "중학군":35.08,
            "학군총점":46.06,
            "인구수":19.57,
            "인구증감":-3.15,
            "인구총점":12.754,
            "일자리":14.07,
            "소득수준":72.66,
            "일자리총점":31.647,
            "가치 총점":26.718,
            "매매실거래년":20220213.0,
            "매매실거래가":9900.0,
            "전세실거래년":20220103.0,
            "전세실거래가":8500.0,
            "전세가율":85.86,
            "장기전세가율평균":69.62,
            "전세가율거품지수":-16.24,
            "검색코드":11331,
            "세대수":150.0,
            "준공년월":"1996-10-16",
            "준공년차":27.0,
            "가까운역이름":"정부청사",
            "가까운역거리":9985.63,
            "역세권여부":"비역세권",
            "30분이내주요거점역":0,
            "30분거점역이름":"[]",
            "1시간이내주요거점역":1,
            "1시간거점역이름":"['대전']",
            "3km이내백화점수":0,
            "5km이내아울렛몰수":1,
            "1km이내대형먀트수":0,
            "500m이내은행수":0,
            "500m이내병원수":0,
            "5km이내대형병원수":1,
            "500m이내공원수":3,
            "3km이내혐오시설수":0,
            "초등학교학업성취도":89.98,
            "중학교학업성취도":57.6,
            "용적률":187,
            "건폐율":25,
            "Y":36.444231,
            "X":127.410067,
            "rank":76.0,
            "area_info":"21평(72.05)",
            "last_sales":"2022-02-13,9900.0,21평(72.05)",
            "rank_history":[
                [
                    "202203",
                    76
                ],
                [
                    "202202",
                    56
                ],
                [
                    "202201",
                    53
                ]
            ],
            "rank_gap":-20
        },
        {
            "index":118,
            "아파트명":"금성백조3차",
            "투자타입":"재건축",
            "전용면적(m2)":"87.48",
            "전용면적(평)":"26평",
            "법정동주소":"대전시 대덕구 비래동 119-9",
            "도로명주소":"대전시 대덕구 비래동로31번길 50",
            "세대수":0,
            "입주년차":"--",
            "용적률점수":0,
            "건폐율점수":0,
            "세대당주차수":"--",
            "난방방식":"--",
            "공급면적":70,
            "전용률":80,
            "욕실수":"--",
            "현관타입":"--",
            "주거총점":7.5,
            "지역구공급총점":0.0,
            "역세권":0,
            "30분내 이동가능 거점":20,
            "1시간내 이동가능 거점":50,
            "교통총점":16.0,
            "백화점":0,
            "아울렛몰":0,
            "대형마트":0,
            "은행":0,
            "병원":0,
            "종합병원":100,
            "공원":100,
            "혐오시설":0,
            "인프라총점":23.0,
            "초등학군":90.02,
            "중학군":39.26,
            "학군총점":49.412,
            "인구수":19.57,
            "인구증감":-3.15,
            "인구총점":12.754,
            "일자리":14.07,
            "소득수준":72.66,
            "일자리총점":31.647,
            "가치 총점":25.9986,
            "매매실거래년":20210605.0,
            "매매실거래가":17800.0,
            "전세실거래년":20210405.0,
            "전세실거래가":12000.0,
            "전세가율":83.92,
            "장기전세가율평균":69.62,
            "전세가율거품지수":-14.3,
            "검색코드":5631,
            "세대수":88.0,
            "준공년월":"1992-03-31",
            "준공년차":31.0,
            "가까운역이름":"대동",
            "가까운역거리":3175.2,
            "역세권여부":"비역세권",
            "30분이내주요거점역":1,
            "30분거점역이름":"['대전']",
            "1시간이내주요거점역":5,
            "1시간거점역이름":"['대전', '유성온천', '시청', '정부청사', '탄방']",
            "3km이내백화점수":0,
            "5km이내아울렛몰수":0,
            "1km이내대형먀트수":0,
            "500m이내은행수":1,
            "500m이내병원수":0,
            "5km이내대형병원수":4,
            "500m이내공원수":4,
            "3km이내혐오시설수":0,
            "초등학교학업성취도":90.02,
            "중학교학업성취도":65.1,
            "용적률":0,
            "건폐율":0,
            "Y":36.357839,
            "X":127.44798,
            "rank":77.0,
            "area_info":"26평(87.48), 28평(95.39)",
            "last_sales":"2021-06-05,17800.0,28평(95.39)",
            "rank_history":[
                [
                    "202203",
                    77
                ],
                [
                    "202202",
                    9999
                ]
            ],
            "rank_gap":9999
        },
        {
            "index":135,
            "아파트명":"성은맨션",
            "투자타입":"재건축",
            "전용면적(m2)":"90.61",
            "전용면적(평)":"27평",
            "법정동주소":"대전시 대덕구 비래동 139-9",
            "도로명주소":"대전시 대덕구 비래동로16번길 17",
            "세대수":0,
            "입주년차":"--",
            "용적률점수":0,
            "건폐율점수":0,
            "세대당주차수":"--",
            "난방방식":"--",
            "공급면적":70,
            "전용률":60,
            "욕실수":"--",
            "현관타입":"--",
            "주거총점":6.5,
            "지역구공급총점":0.0,
            "역세권":0,
            "30분내 이동가능 거점":20,
            "1시간내 이동가능 거점":50,
            "교통총점":16.0,
            "백화점":0,
            "아울렛몰":0,
            "대형마트":0,
            "은행":0,
            "병원":0,
            "종합병원":100,
            "공원":100,
            "혐오시설":0,
            "인프라총점":23.0,
            "초등학군":90.0,
            "중학군":39.26,
            "학군총점":49.408,
            "인구수":19.57,
            "인구증감":-3.15,
            "인구총점":12.754,
            "일자리":14.07,
            "소득수준":72.66,
            "일자리총점":31.647,
            "가치 총점":25.7474,
            "매매실거래년":20211229.0,
            "매매실거래가":9500.0,
            "전세실거래년":20211217.0,
            "전세실거래가":9500.0,
            "전세가율":100.0,
            "장기전세가율평균":69.62,
            "전세가율거품지수":-30.38,
            "검색코드":108743,
            "세대수":50.0,
            "준공년월":"1985-11-06",
            "준공년차":38.0,
            "가까운역이름":"대동",
            "가까운역거리":2936.78,
            "역세권여부":"비역세권",
            "30분이내주요거점역":1,
            "30분거점역이름":"['대전']",
            "1시간이내주요거점역":5,
            "1시간거점역이름":"['대전', '유성온천', '시청', '정부청사', '탄방']",
            "3km이내백화점수":0,
            "5km이내아울렛몰수":0,
            "1km이내대형먀트수":0,
            "500m이내은행수":1,
            "500m이내병원수":0,
            "5km이내대형병원수":4,
            "500m이내공원수":2,
            "3km이내혐오시설수":0,
            "초등학교학업성취도":90.0,
            "중학교학업성취도":65.1,
            "용적률":0,
            "건폐율":0,
            "Y":36.35515,
            "X":127.451074,
            "rank":78.0,
            "area_info":"27평(90.61)",
            "last_sales":"2021-12-29,9500.0,27평(90.61)",
            "rank_history":[
                [
                    "202203",
                    78
                ],
                [
                    "202202",
                    9999
                ]
            ],
            "rank_gap":9999
        },
        {
            "index":112,
            "아파트명":"금성백조1차",
            "투자타입":"재건축",
            "전용면적(m2)":"88.76",
            "전용면적(평)":"26평",
            "법정동주소":"대전시 대덕구 비래동 149-1",
            "도로명주소":"대전시 대덕구 우암로412번길 45",
            "세대수":0,
            "입주년차":"--",
            "용적률점수":0,
            "건폐율점수":0,
            "세대당주차수":"--",
            "난방방식":"--",
            "공급면적":70,
            "전용률":60,
            "욕실수":"--",
            "현관타입":"--",
            "주거총점":6.5,
            "지역구공급총점":0.0,
            "역세권":0,
            "30분내 이동가능 거점":20,
            "1시간내 이동가능 거점":50,
            "교통총점":16.0,
            "백화점":0,
            "아울렛몰":0,
            "대형마트":0,
            "은행":0,
            "병원":0,
            "종합병원":100,
            "공원":80,
            "혐오시설":0,
            "인프라총점":22.4,
            "초등학군":90.02,
            "중학군":39.26,
            "학군총점":49.412,
            "인구수":19.57,
            "인구증감":-3.15,
            "인구총점":12.754,
            "일자리":14.07,
            "소득수준":72.66,
            "일자리총점":31.647,
            "가치 총점":25.5686,
            "매매실거래년":20211106.0,
            "매매실거래가":18400.0,
            "전세실거래년":null,
            "전세실거래가":null,
            "전세가율":null,
            "장기전세가율평균":69.62,
            "전세가율거품지수":null,
            "검색코드":5628,
            "세대수":100.0,
            "준공년월":"1986-05-24",
            "준공년차":37.0,
            "가까운역이름":"대동",
            "가까운역거리":3232.82,
            "역세권여부":"비역세권",
            "30분이내주요거점역":1,
            "30분거점역이름":"['대전']",
            "1시간이내주요거점역":5,
            "1시간거점역이름":"['대전', '유성온천', '시청', '정부청사', '탄방']",
            "3km이내백화점수":0,
            "5km이내아울렛몰수":0,
            "1km이내대형먀트수":0,
            "500m이내은행수":0,
            "500m이내병원수":0,
            "5km이내대형병원수":4,
            "500m이내공원수":1,
            "3km이내혐오시설수":0,
            "초등학교학업성취도":90.02,
            "중학교학업성취도":65.1,
            "용적률":0,
            "건폐율":0,
            "Y":36.356899,
            "X":127.455206,
            "rank":79.0,
            "area_info":"26평(88.76), 29평(98.08), 30평(102.3)",
            "last_sales":"2021-11-06,18400.0,30평(102.3)",
            "rank_history":[
                [
                    "202203",
                    79
                ],
                [
                    "202202",
                    59
                ],
                [
                    "202201",
                    56
                ]
            ],
            "rank_gap":-20
        }
    ]
}