{
    "schema":{
        "fields":[
            {
                "name":"index",
                "type":"integer"
            },
            {
                "name":"아파트명",
                "type":"string"
            },
            {
                "name":"투자타입",
                "type":"string"
            },
            {
                "name":"전용면적(m2)",
                "type":"string"
            },
            {
                "name":"전용면적(평)",
                "type":"string"
            },
            {
                "name":"법정동주소",
                "type":"string"
            },
            {
                "name":"도로명주소",
                "type":"string"
            },
            {
                "name":"세대수",
                "type":"integer"
            },
            {
                "name":"입주년차",
                "type":"string"
            },
            {
                "name":"용적률점수",
                "type":"string"
            },
            {
                "name":"건폐율점수",
                "type":"string"
            },
            {
                "name":"세대당주차수",
                "type":"string"
            },
            {
                "name":"난방방식",
                "type":"string"
            },
            {
                "name":"공급면적",
                "type":"string"
            },
            {
                "name":"전용률",
                "type":"string"
            },
            {
                "name":"욕실수",
                "type":"string"
            },
            {
                "name":"현관타입",
                "type":"string"
            },
            {
                "name":"주거총점",
                "type":"number"
            },
            {
                "name":"지역구공급총점",
                "type":"number"
            },
            {
                "name":"역세권",
                "type":"string"
            },
            {
                "name":"30분내 이동가능 거점",
                "type":"string"
            },
            {
                "name":"1시간내 이동가능 거점",
                "type":"string"
            },
            {
                "name":"교통총점",
                "type":"string"
            },
            {
                "name":"백화점",
                "type":"integer"
            },
            {
                "name":"아울렛몰",
                "type":"integer"
            },
            {
                "name":"대형마트",
                "type":"integer"
            },
            {
                "name":"은행",
                "type":"integer"
            },
            {
                "name":"병원",
                "type":"integer"
            },
            {
                "name":"종합병원",
                "type":"integer"
            },
            {
                "name":"공원",
                "type":"integer"
            },
            {
                "name":"혐오시설",
                "type":"integer"
            },
            {
                "name":"인프라총점",
                "type":"number"
            },
            {
                "name":"초등학군",
                "type":"number"
            },
            {
                "name":"중학군",
                "type":"number"
            },
            {
                "name":"학군총점",
                "type":"number"
            },
            {
                "name":"인구수",
                "type":"number"
            },
            {
                "name":"인구증감",
                "type":"number"
            },
            {
                "name":"인구총점",
                "type":"number"
            },
            {
                "name":"일자리",
                "type":"number"
            },
            {
                "name":"소득수준",
                "type":"number"
            },
            {
                "name":"일자리총점",
                "type":"number"
            },
            {
                "name":"가치 총점",
                "type":"number"
            },
            {
                "name":"매매실거래년",
                "type":"string"
            },
            {
                "name":"매매실거래가",
                "type":"number"
            },
            {
                "name":"전세실거래년",
                "type":"number"
            },
            {
                "name":"전세실거래가",
                "type":"number"
            },
            {
                "name":"전세가율",
                "type":"number"
            },
            {
                "name":"장기전세가율평균",
                "type":"number"
            },
            {
                "name":"전세가율거품지수",
                "type":"number"
            },
            {
                "name":"검색코드",
                "type":"integer"
            },
            {
                "name":"세대수",
                "type":"integer"
            },
            {
                "name":"준공년월",
                "type":"string"
            },
            {
                "name":"준공년차",
                "type":"integer"
            },
            {
                "name":"가까운역이름",
                "type":"string"
            },
            {
                "name":"가까운역거리",
                "type":"string"
            },
            {
                "name":"역세권여부",
                "type":"string"
            },
            {
                "name":"30분이내주요거점역",
                "type":"string"
            },
            {
                "name":"30분거점역이름",
                "type":"string"
            },
            {
                "name":"1시간이내주요거점역",
                "type":"string"
            },
            {
                "name":"1시간거점역이름",
                "type":"string"
            },
            {
                "name":"3km이내백화점수",
                "type":"integer"
            },
            {
                "name":"5km이내아울렛몰수",
                "type":"integer"
            },
            {
                "name":"1km이내대형먀트수",
                "type":"integer"
            },
            {
                "name":"500m이내은행수",
                "type":"integer"
            },
            {
                "name":"500m이내병원수",
                "type":"integer"
            },
            {
                "name":"5km이내대형병원수",
                "type":"integer"
            },
            {
                "name":"500m이내공원수",
                "type":"integer"
            },
            {
                "name":"3km이내혐오시설수",
                "type":"integer"
            },
            {
                "name":"초등학교학업성취도",
                "type":"number"
            },
            {
                "name":"중학교학업성취도",
                "type":"number"
            },
            {
                "name":"용적률",
                "type":"integer"
            },
            {
                "name":"건폐율",
                "type":"integer"
            },
            {
                "name":"Y",
                "type":"number"
            },
            {
                "name":"X",
                "type":"number"
            },
            {
                "name":"rank",
                "type":"number"
            },
            {
                "name":"area_info",
                "type":"string"
            },
            {
                "name":"last_sales",
                "type":"string"
            },
            {
                "name":"rank_history",
                "type":"string"
            },
            {
                "name":"rank_gap",
                "type":"integer"
            }
        ],
        "primaryKey":[
            "index"
        ],
        "pandas_version":"1.4.0"
    },
    "data":[
        {
            "index":281,
            "아파트명":"태화강엑소디움",
            "투자타입":"일반",
            "전용면적(m2)":"151.02",
            "전용면적(평)":"45평",
            "법정동주소":"울산시 중구 옥교동 82-1",
            "도로명주소":"울산시 중구 강북로 123",
            "세대수":50,
            "입주년차":60,
            "용적률점수":"--",
            "건폐율점수":"--",
            "세대당주차수":80,
            "난방방식":30,
            "공급면적":"--",
            "전용률":"--",
            "욕실수":100,
            "현관타입":100,
            "주거총점":64.5,
            "지역구공급총점":0.0,
            "역세권":"NA",
            "30분내 이동가능 거점":"NA",
            "1시간내 이동가능 거점":"NA",
            "교통총점":"NA",
            "백화점":100,
            "아울렛몰":0,
            "대형마트":0,
            "은행":100,
            "병원":0,
            "종합병원":100,
            "공원":100,
            "혐오시설":0,
            "인프라총점":63.0,
            "초등학군":90.04,
            "중학군":54.06,
            "학군총점":61.256,
            "인구수":23.57,
            "인구증감":-12.32,
            "인구총점":12.803,
            "일자리":7.57,
            "소득수준":63.68,
            "일자리총점":24.403,
            "가치 총점":63.089,
            "매매실거래년":20220207.0,
            "매매실거래가":69000.0,
            "전세실거래년":20220111.0,
            "전세실거래가":39000.0,
            "전세가율":57.52,
            "장기전세가율평균":71.43,
            "전세가율거품지수":13.91,
            "검색코드":103130,
            "세대수":420,
            "준공년월":"2010-03-30",
            "준공년차":13,
            "가까운역이름":"NA",
            "가까운역거리":"NA",
            "역세권여부":"NA",
            "30분이내주요거점역":"NA",
            "30분거점역이름":"NA",
            "1시간이내주요거점역":"NA",
            "1시간거점역이름":"NA",
            "3km이내백화점수":2,
            "5km이내아울렛몰수":0,
            "1km이내대형먀트수":0,
            "500m이내은행수":6,
            "500m이내병원수":0,
            "5km이내대형병원수":6,
            "500m이내공원수":2,
            "3km이내혐오시설수":0,
            "초등학교학업성취도":90.04,
            "중학교학업성취도":90.1,
            "용적률":0,
            "건폐율":75,
            "Y":35.553238,
            "X":129.322592,
            "rank":1.0,
            "area_info":"45평(151.02), 51평(170.65), 62평(205.49), 68평(225.41), 99평(328.81)",
            "last_sales":"2022-02-07,69000.0,51평(170.65)",
            "rank_history":[
                [
                    "202203",
                    1
                ],
                [
                    "202202",
                    1
                ],
                [
                    "202201",
                    1
                ]
            ],
            "rank_gap":0
        },
        {
            "index":55,
            "아파트명":"e편한세상강변",
            "투자타입":"일반",
            "전용면적(m2)":"97.47",
            "전용면적(평)":"29평",
            "법정동주소":"울산시 중구 반구동 679",
            "도로명주소":"울산시 중구 반구로 55",
            "세대수":90,
            "입주년차":80,
            "용적률점수":"--",
            "건폐율점수":"--",
            "세대당주차수":30,
            "난방방식":30,
            "공급면적":"--",
            "전용률":"--",
            "욕실수":100,
            "현관타입":100,
            "주거총점":75.0,
            "지역구공급총점":0.0,
            "역세권":"NA",
            "30분내 이동가능 거점":"NA",
            "1시간내 이동가능 거점":"NA",
            "교통총점":"NA",
            "백화점":100,
            "아울렛몰":0,
            "대형마트":0,
            "은행":0,
            "병원":0,
            "종합병원":100,
            "공원":100,
            "혐오시설":0,
            "인프라총점":53.0,
            "초등학군":90.0,
            "중학군":49.42,
            "학군총점":57.536,
            "인구수":23.57,
            "인구증감":-12.32,
            "인구총점":12.803,
            "일자리":7.57,
            "소득수준":63.68,
            "일자리총점":24.403,
            "가치 총점":61.834,
            "매매실거래년":20220117.0,
            "매매실거래가":49000.0,
            "전세실거래년":20210812.0,
            "전세실거래가":30000.0,
            "전세가율":61.22,
            "장기전세가율평균":71.43,
            "전세가율거품지수":10.21,
            "검색코드":105740,
            "세대수":1112,
            "준공년월":"2015-03-02",
            "준공년차":8,
            "가까운역이름":"NA",
            "가까운역거리":"NA",
            "역세권여부":"NA",
            "30분이내주요거점역":"NA",
            "30분거점역이름":"NA",
            "1시간이내주요거점역":"NA",
            "1시간거점역이름":"NA",
            "3km이내백화점수":2,
            "5km이내아울렛몰수":0,
            "1km이내대형먀트수":0,
            "500m이내은행수":0,
            "500m이내병원수":0,
            "5km이내대형병원수":5,
            "500m이내공원수":10,
            "3km이내혐오시설수":0,
            "초등학교학업성취도":90.0,
            "중학교학업성취도":79.9,
            "용적률":248,
            "건폐율":23,
            "Y":35.555661,
            "X":129.347206,
            "rank":2.0,
            "area_info":"29평(97.47), 33평(109.98), 33평(110.09), 33평(110.2), 33평(111.21), 39평(131.22)",
            "last_sales":"2022-01-17,49000.0,29평(97.47)",
            "rank_history":[
                [
                    "202203",
                    2
                ],
                [
                    "202202",
                    2
                ],
                [
                    "202201",
                    2
                ]
            ],
            "rank_gap":0
        },
        {
            "index":171,
            "아파트명":"복산아이파크",
            "투자타입":"일반",
            "전용면적(m2)":"79.95",
            "전용면적(평)":"24평",
            "법정동주소":"울산시 중구 복산동 776",
            "도로명주소":"울산시 중구 계변로 96",
            "세대수":50,
            "입주년차":80,
            "용적률점수":"--",
            "건폐율점수":"--",
            "세대당주차수":30,
            "난방방식":30,
            "공급면적":"--",
            "전용률":"--",
            "욕실수":100,
            "현관타입":100,
            "주거총점":61.0,
            "지역구공급총점":0.0,
            "역세권":"NA",
            "30분내 이동가능 거점":"NA",
            "1시간내 이동가능 거점":"NA",
            "교통총점":"NA",
            "백화점":100,
            "아울렛몰":0,
            "대형마트":80,
            "은행":0,
            "병원":0,
            "종합병원":100,
            "공원":100,
            "혐오시설":0,
            "인프라총점":65.0,
            "초등학군":89.98,
            "중학군":47.8,
            "학군총점":56.236,
            "인구수":23.57,
            "인구증감":-12.32,
            "인구총점":12.803,
            "일자리":7.57,
            "소득수준":63.68,
            "일자리총점":24.403,
            "가치 총점":61.409,
            "매매실거래년":20211110.0,
            "매매실거래가":58000.0,
            "전세실거래년":20210807.0,
            "전세실거래가":19950.0,
            "전세가율":43.37,
            "장기전세가율평균":71.43,
            "전세가율거품지수":28.06,
            "검색코드":111267,
            "세대수":419,
            "준공년월":"2017-06-01",
            "준공년차":6,
            "가까운역이름":"NA",
            "가까운역거리":"NA",
            "역세권여부":"NA",
            "30분이내주요거점역":"NA",
            "30분거점역이름":"NA",
            "1시간이내주요거점역":"NA",
            "1시간거점역이름":"NA",
            "3km이내백화점수":2,
            "5km이내아울렛몰수":0,
            "1km이내대형먀트수":1,
            "500m이내은행수":0,
            "500m이내병원수":0,
            "5km이내대형병원수":5,
            "500m이내공원수":10,
            "3km이내혐오시설수":0,
            "초등학교학업성취도":89.98,
            "중학교학업성취도":78.0,
            "용적률":223,
            "건폐율":26,
            "Y":35.564751,
            "X":129.33047,
            "rank":3.0,
            "area_info":"24평(79.95), 24평(80.85), 33평(111.17), 34평(112.93), 33평(112.17)",
            "last_sales":"2021-11-10,58000.0,34평(112.93)",
            "rank_history":[
                [
                    "202203",
                    3
                ],
                [
                    "202202",
                    3
                ],
                [
                    "202201",
                    8
                ]
            ],
            "rank_gap":0
        },
        {
            "index":268,
            "아파트명":"래미안4단지",
            "투자타입":"일반",
            "전용면적(m2)":"112.31",
            "전용면적(평)":"33평",
            "법정동주소":"울산시 중구 약사동 707-42",
            "도로명주소":"울산시 중구 약사로 15",
            "세대수":50,
            "입주년차":40,
            "용적률점수":"--",
            "건폐율점수":"--",
            "세대당주차수":0,
            "난방방식":30,
            "공급면적":"--",
            "전용률":"--",
            "욕실수":100,
            "현관타입":100,
            "주거총점":48.5,
            "지역구공급총점":0.0,
            "역세권":"NA",
            "30분내 이동가능 거점":"NA",
            "1시간내 이동가능 거점":"NA",
            "교통총점":"NA",
            "백화점":100,
            "아울렛몰":0,
            "대형마트":100,
            "은행":0,
            "병원":0,
            "종합병원":100,
            "공원":100,
            "혐오시설":0,
            "인프라총점":68.0,
            "초등학군":90.01,
            "중학군":47.8,
            "학군총점":56.242,
            "인구수":23.57,
            "인구증감":-12.32,
            "인구총점":12.803,
            "일자리":7.57,
            "소득수준":63.68,
            "일자리총점":24.403,
            "가치 총점":58.2355,
            "매매실거래년":20220115.0,
            "매매실거래가":57700.0,
            "전세실거래년":20211020.0,
            "전세실거래가":43000.0,
            "전세가율":74.52,
            "장기전세가율평균":71.43,
            "전세가율거품지수":-3.09,
            "검색코드":101103,
            "세대수":569,
            "준공년월":"2004-07-28",
            "준공년차":19,
            "가까운역이름":"NA",
            "가까운역거리":"NA",
            "역세권여부":"NA",
            "30분이내주요거점역":"NA",
            "30분거점역이름":"NA",
            "1시간이내주요거점역":"NA",
            "1시간거점역이름":"NA",
            "3km이내백화점수":1,
            "5km이내아울렛몰수":0,
            "1km이내대형먀트수":2,
            "500m이내은행수":1,
            "500m이내병원수":0,
            "5km이내대형병원수":5,
            "500m이내공원수":12,
            "3km이내혐오시설수":0,
            "초등학교학업성취도":90.01,
            "중학교학업성취도":78.0,
            "용적률":0,
            "건폐율":0,
            "Y":35.566399,
            "X":129.337105,
            "rank":4.0,
            "area_info":"33평(112.31), 43평(142.93), 54평(178.94)",
            "last_sales":"2022-01-15,57700.0,33평(112.31)",
            "rank_history":[
                [
                    "202203",
                    4
                ],
                [
                    "202202",
                    4
                ],
                [
                    "202201",
                    4
                ]
            ],
            "rank_gap":0
        },
        {
            "index":23,
            "아파트명":"일신에일린의뜰",
            "투자타입":"일반",
            "전용면적(m2)":"111.72",
            "전용면적(평)":"33평",
            "법정동주소":"울산시 중구 남외동 500",
            "도로명주소":"울산시 중구 남외1길 105",
            "세대수":90,
            "입주년차":40,
            "용적률점수":"--",
            "건폐율점수":"--",
            "세대당주차수":60,
            "난방방식":30,
            "공급면적":"--",
            "전용률":"--",
            "욕실수":100,
            "현관타입":100,
            "주거총점":71.5,
            "지역구공급총점":0.0,
            "역세권":"NA",
            "30분내 이동가능 거점":"NA",
            "1시간내 이동가능 거점":"NA",
            "교통총점":"NA",
            "백화점":0,
            "아울렛몰":0,
            "대형마트":100,
            "은행":70,
            "병원":0,
            "종합병원":100,
            "공원":100,
            "혐오시설":0,
            "인프라총점":45.0,
            "초등학군":89.99,
            "중학군":52.28,
            "학군총점":59.822,
            "인구수":23.57,
            "인구증감":-12.32,
            "인구총점":12.803,
            "일자리":7.57,
            "소득수준":63.68,
            "일자리총점":24.403,
            "가치 총점":57.9805,
            "매매실거래년":20220120.0,
            "매매실거래가":58500.0,
            "전세실거래년":20220223.0,
            "전세실거래가":31500.0,
            "전세가율":58.77,
            "장기전세가율평균":71.43,
            "전세가율거품지수":12.66,
            "검색코드":24334,
            "세대수":920,
            "준공년월":"2007-07-06",
            "준공년차":16,
            "가까운역이름":"NA",
            "가까운역거리":"NA",
            "역세권여부":"NA",
            "30분이내주요거점역":"NA",
            "30분거점역이름":"NA",
            "1시간이내주요거점역":"NA",
            "1시간거점역이름":"NA",
            "3km이내백화점수":0,
            "5km이내아울렛몰수":0,
            "1km이내대형먀트수":2,
            "500m이내은행수":3,
            "500m이내병원수":0,
            "5km이내대형병원수":4,
            "500m이내공원수":4,
            "3km이내혐오시설수":0,
            "초등학교학업성취도":89.99,
            "중학교학업성취도":84.8,
            "용적률":234,
            "건폐율":24,
            "Y":35.568222,
            "X":129.349026,
            "rank":5.0,
            "area_info":"33평(111.72), 38평(128.89), 42평(141.92), 48평(161.74), 56평(185.94)",
            "last_sales":"2022-01-20,58500.0,38평(128.89)",
            "rank_history":[
                [
                    "202203",
                    5
                ],
                [
                    "202202",
                    5
                ],
                [
                    "202201",
                    3
                ]
            ],
            "rank_gap":0
        },
        {
            "index":331,
            "아파트명":"울산마제스타워",
            "투자타입":"일반",
            "전용면적(m2)":"112.67",
            "전용면적(평)":"34평",
            "법정동주소":"울산시 중구 우정동 172",
            "도로명주소":"울산시 중구 학성로 1",
            "세대수":30,
            "입주년차":60,
            "용적률점수":"--",
            "건폐율점수":"--",
            "세대당주차수":80,
            "난방방식":30,
            "공급면적":"--",
            "전용률":"--",
            "욕실수":100,
            "현관타입":100,
            "주거총점":57.5,
            "지역구공급총점":0.0,
            "역세권":"NA",
            "30분내 이동가능 거점":"NA",
            "1시간내 이동가능 거점":"NA",
            "교통총점":"NA",
            "백화점":100,
            "아울렛몰":0,
            "대형마트":0,
            "은행":20,
            "병원":0,
            "종합병원":100,
            "공원":100,
            "혐오시설":0,
            "인프라총점":55.0,
            "초등학군":90.04,
            "중학군":54.6,
            "학군총점":61.688,
            "인구수":23.57,
            "인구증감":-12.32,
            "인구총점":12.803,
            "일자리":7.57,
            "소득수준":63.68,
            "일자리총점":24.403,
            "가치 총점":57.547,
            "매매실거래년":20220211.0,
            "매매실거래가":63000.0,
            "전세실거래년":20220224.0,
            "전세실거래가":30000.0,
            "전세가율":81.08,
            "장기전세가율평균":71.43,
            "전세가율거품지수":-9.65,
            "검색코드":24826,
            "세대수":396,
            "준공년월":"2009-01-12",
            "준공년차":14,
            "가까운역이름":"NA",
            "가까운역거리":"NA",
            "역세권여부":"NA",
            "30분이내주요거점역":"NA",
            "30분거점역이름":"NA",
            "1시간이내주요거점역":"NA",
            "1시간거점역이름":"NA",
            "3km이내백화점수":2,
            "5km이내아울렛몰수":0,
            "1km이내대형먀트수":0,
            "500m이내은행수":2,
            "500m이내병원수":0,
            "5km이내대형병원수":5,
            "500m이내공원수":6,
            "3km이내혐오시설수":0,
            "초등학교학업성취도":90.04,
            "중학교학업성취도":87.6,
            "용적률":965,
            "건폐율":79,
            "Y":35.5533,
            "X":129.311994,
            "rank":6.0,
            "area_info":"34평(112.67), 52평(174.91), 52평(174.91)",
            "last_sales":"2022-02-11,63000.0,52평(174.91)",
            "rank_history":[
                [
                    "202203",
                    6
                ],
                [
                    "202202",
                    6
                ],
                [
                    "202201",
                    7
                ]
            ],
            "rank_gap":0
        },
        {
            "index":501,
            "아파트명":"동남하이빌6차",
            "투자타입":"일반",
            "전용면적(m2)":"108.9",
            "전용면적(평)":"32평",
            "법정동주소":"울산시 중구 학성동 432-12",
            "도로명주소":"울산시 중구 구역전길 24-10",
            "세대수":0,
            "입주년차":100,
            "용적률점수":"--",
            "건폐율점수":"--",
            "세대당주차수":30,
            "난방방식":30,
            "공급면적":"--",
            "전용률":"--",
            "욕실수":100,
            "현관타입":100,
            "주거총점":47.5,
            "지역구공급총점":0.0,
            "역세권":"NA",
            "30분내 이동가능 거점":"NA",
            "1시간내 이동가능 거점":"NA",
            "교통총점":"NA",
            "백화점":100,
            "아울렛몰":0,
            "대형마트":80,
            "은행":0,
            "병원":0,
            "종합병원":100,
            "공원":100,
            "혐오시설":0,
            "인프라총점":65.0,
            "초등학군":90.04,
            "중학군":49.42,
            "학군총점":57.544,
            "인구수":23.57,
            "인구증감":-12.32,
            "인구총점":12.803,
            "일자리":7.57,
            "소득수준":63.68,
            "일자리총점":24.403,
            "가치 총점":57.011,
            "매매실거래년":20210417.0,
            "매매실거래가":31500.0,
            "전세실거래년":20200520.0,
            "전세실거래가":23000.0,
            "전세가율":77.18,
            "장기전세가율평균":71.43,
            "전세가율거품지수":-5.75,
            "검색코드":128917,
            "세대수":69,
            "준공년월":"2019-12-24",
            "준공년차":4,
            "가까운역이름":"NA",
            "가까운역거리":"NA",
            "역세권여부":"NA",
            "30분이내주요거점역":"NA",
            "30분거점역이름":"NA",
            "1시간이내주요거점역":"NA",
            "1시간거점역이름":"NA",
            "3km이내백화점수":2,
            "5km이내아울렛몰수":0,
            "1km이내대형먀트수":1,
            "500m이내은행수":1,
            "500m이내병원수":0,
            "5km이내대형병원수":5,
            "500m이내공원수":6,
            "3km이내혐오시설수":0,
            "초등학교학업성취도":90.04,
            "중학교학업성취도":79.9,
            "용적률":594,
            "건폐율":63,
            "Y":35.557167,
            "X":129.329134,
            "rank":7.0,
            "area_info":"32평(108.9), 33평(109.47), 33평(110.53), 33평(111.25)",
            "last_sales":"2021-04-17,31500.0,33평(109.47)",
            "rank_history":[
                [
                    "202203",
                    7
                ],
                [
                    "202202",
                    9999
                ]
            ],
            "rank_gap":9999
        },
        {
            "index":232,
            "아파트명":"롯데캐슬스카이",
            "투자타입":"일반",
            "전용면적(m2)":"184.8",
            "전용면적(평)":"55평",
            "법정동주소":"울산시 중구 성남동 255-1",
            "도로명주소":"울산시 중구 강북로 105",
            "세대수":0,
            "입주년차":60,
            "용적률점수":"--",
            "건폐율점수":"--",
            "세대당주차수":80,
            "난방방식":30,
            "공급면적":"--",
            "전용률":"--",
            "욕실수":100,
            "현관타입":100,
            "주거총점":47.0,
            "지역구공급총점":0.0,
            "역세권":"NA",
            "30분내 이동가능 거점":"NA",
            "1시간내 이동가능 거점":"NA",
            "교통총점":"NA",
            "백화점":100,
            "아울렛몰":0,
            "대형마트":0,
            "은행":100,
            "병원":0,
            "종합병원":100,
            "공원":100,
            "혐오시설":0,
            "인프라총점":63.0,
            "초등학군":90.04,
            "중학군":54.06,
            "학군총점":61.256,
            "인구수":23.57,
            "인구증감":-12.32,
            "인구총점":12.803,
            "일자리":7.57,
            "소득수준":63.68,
            "일자리총점":24.403,
            "가치 총점":56.964,
            "매매실거래년":20220210.0,
            "매매실거래가":48000.0,
            "전세실거래년":20210505.0,
            "전세실거래가":47000.0,
            "전세가율":97.92,
            "장기전세가율평균":71.43,
            "전세가율거품지수":-26.49,
            "검색코드":24844,
            "세대수":132,
            "준공년월":"2009-02-12",
            "준공년차":14,
            "가까운역이름":"NA",
            "가까운역거리":"NA",
            "역세권여부":"NA",
            "30분이내주요거점역":"NA",
            "30분거점역이름":"NA",
            "1시간이내주요거점역":"NA",
            "1시간거점역이름":"NA",
            "3km이내백화점수":2,
            "5km이내아울렛몰수":0,
            "1km이내대형먀트수":0,
            "500m이내은행수":6,
            "500m이내병원수":0,
            "5km이내대형병원수":6,
            "500m이내공원수":2,
            "3km이내혐오시설수":0,
            "초등학교학업성취도":90.04,
            "중학교학업성취도":90.1,
            "용적률":0,
            "건폐율":75,
            "Y":35.553224,
            "X":129.321434,
            "rank":8.0,
            "area_info":"55평(184.8), 60평(201.25), 92평(305.19)",
            "last_sales":"2022-02-10,48000.0,55평(184.8)",
            "rank_history":[
                [
                    "202203",
                    8
                ],
                [
                    "202202",
                    7
                ],
                [
                    "202201",
                    5
                ]
            ],
            "rank_gap":-1
        },
        {
            "index":7,
            "아파트명":"남외푸르지오2차",
            "투자타입":"일반",
            "전용면적(m2)":"112.64",
            "전용면적(평)":"34평",
            "법정동주소":"울산시 중구 남외동 501-1",
            "도로명주소":"울산시 중구 남외로 60",
            "세대수":80,
            "입주년차":40,
            "용적률점수":"--",
            "건폐율점수":"--",
            "세대당주차수":60,
            "난방방식":30,
            "공급면적":"--",
            "전용률":"--",
            "욕실수":100,
            "현관타입":100,
            "주거총점":68.0,
            "지역구공급총점":0.0,
            "역세권":"NA",
            "30분내 이동가능 거점":"NA",
            "1시간내 이동가능 거점":"NA",
            "교통총점":"NA",
            "백화점":0,
            "아울렛몰":0,
            "대형마트":100,
            "은행":70,
            "병원":0,
            "종합병원":100,
            "공원":100,
            "혐오시설":0,
            "인프라총점":45.0,
            "초등학군":89.99,
            "중학군":52.28,
            "학군총점":59.822,
            "인구수":23.57,
            "인구증감":-12.32,
            "인구총점":12.803,
            "일자리":7.57,
            "소득수준":63.68,
            "일자리총점":24.403,
            "가치 총점":56.7555,
            "매매실거래년":20220117.0,
            "매매실거래가":60000.0,
            "전세실거래년":20220212.0,
            "전세실거래가":40000.0,
            "전세가율":71.43,
            "장기전세가율평균":71.43,
            "전세가율거품지수":0.0,
            "검색코드":24333,
            "세대수":710,
            "준공년월":"2007-07-30",
            "준공년차":16,
            "가까운역이름":"NA",
            "가까운역거리":"NA",
            "역세권여부":"NA",
            "30분이내주요거점역":"NA",
            "30분거점역이름":"NA",
            "1시간이내주요거점역":"NA",
            "1시간거점역이름":"NA",
            "3km이내백화점수":0,
            "5km이내아울렛몰수":0,
            "1km이내대형먀트수":2,
            "500m이내은행수":3,
            "500m이내병원수":0,
            "5km이내대형병원수":4,
            "500m이내공원수":6,
            "3km이내혐오시설수":0,
            "초등학교학업성취도":89.99,
            "중학교학업성취도":84.8,
            "용적률":0,
            "건폐율":0,
            "Y":35.566227,
            "X":129.346886,
            "rank":9.0,
            "area_info":"34평(112.64), 40평(132.54), 50평(166.73)",
            "last_sales":"2022-01-17,60000.0,40평(132.54)",
            "rank_history":[
                [
                    "202203",
                    9
                ],
                [
                    "202202",
                    8
                ],
                [
                    "202201",
                    6
                ]
            ],
            "rank_gap":-1
        },
        {
            "index":488,
            "아파트명":"남경해밀턴",
            "투자타입":"일반",
            "전용면적(m2)":"89.24",
            "전용면적(평)":"26평",
            "법정동주소":"울산시 중구 학성동 432-426",
            "도로명주소":"울산시 중구 학성로 179",
            "세대수":0,
            "입주년차":80,
            "용적률점수":"--",
            "건폐율점수":"--",
            "세대당주차수":30,
            "난방방식":30,
            "공급면적":"--",
            "전용률":"--",
            "욕실수":100,
            "현관타입":100,
            "주거총점":43.5,
            "지역구공급총점":0.0,
            "역세권":"NA",
            "30분내 이동가능 거점":"NA",
            "1시간내 이동가능 거점":"NA",
            "교통총점":"NA",
            "백화점":100,
            "아울렛몰":0,
            "대형마트":80,
            "은행":0,
            "병원":0,
            "종합병원":100,
            "공원":100,
            "혐오시설":0,
            "인프라총점":65.0,
            "초등학군":90.04,
            "중학군":49.42,
            "학군총점":57.544,
            "인구수":23.57,
            "인구증감":-12.32,
            "인구총점":12.803,
            "일자리":7.57,
            "소득수준":63.68,
            "일자리총점":24.403,
            "가치 총점":55.611,
            "매매실거래년":20211201.0,
            "매매실거래가":23000.0,
            "전세실거래년":20201013.0,
            "전세실거래가":15000.0,
            "전세가율":65.22,
            "장기전세가율평균":71.43,
            "전세가율거품지수":6.21,
            "검색코드":119270,
            "세대수":82,
            "준공년월":"2016-10-04",
            "준공년차":7,
            "가까운역이름":"NA",
            "가까운역거리":"NA",
            "역세권여부":"NA",
            "30분이내주요거점역":"NA",
            "30분거점역이름":"NA",
            "1시간이내주요거점역":"NA",
            "1시간거점역이름":"NA",
            "3km이내백화점수":2,
            "5km이내아울렛몰수":0,
            "1km이내대형먀트수":1,
            "500m이내은행수":1,
            "500m이내병원수":0,
            "5km이내대형병원수":5,
            "500m이내공원수":6,
            "3km이내혐오시설수":0,
            "초등학교학업성취도":90.04,
            "중학교학업성취도":79.9,
            "용적률":510,
            "건폐율":56,
            "Y":35.557063,
            "X":129.330283,
            "rank":10.0,
            "area_info":"26평(89.24), 32평(108.3), 33평(111.18), 34평(112.69), 34평(113.49)",
            "last_sales":"2021-12-01,23000.0,26평(89.24)",
            "rank_history":[
                [
                    "202203",
                    10
                ],
                [
                    "202202",
                    9999
                ]
            ],
            "rank_gap":9999
        },
        {
            "index":512,
            "아파트명":"창조애드웰",
            "투자타입":"일반",
            "전용면적(m2)":"109.49",
            "전용면적(평)":"33평",
            "법정동주소":"울산시 중구 학성동 345-1",
            "도로명주소":"울산시 중구 구교로 87",
            "세대수":0,
            "입주년차":80,
            "용적률점수":"--",
            "건폐율점수":"--",
            "세대당주차수":30,
            "난방방식":30,
            "공급면적":"--",
            "전용률":"--",
            "욕실수":100,
            "현관타입":100,
            "주거총점":43.5,
            "지역구공급총점":0.0,
            "역세권":"NA",
            "30분내 이동가능 거점":"NA",
            "1시간내 이동가능 거점":"NA",
            "교통총점":"NA",
            "백화점":100,
            "아울렛몰":0,
            "대형마트":80,
            "은행":0,
            "병원":0,
            "종합병원":100,
            "공원":100,
            "혐오시설":0,
            "인프라총점":65.0,
            "초등학군":89.98,
            "중학군":49.42,
            "학군총점":57.532,
            "인구수":23.57,
            "인구증감":-12.32,
            "인구총점":12.803,
            "일자리":7.57,
            "소득수준":63.68,
            "일자리총점":24.403,
            "가치 총점":55.608,
            "매매실거래년":20210308.0,
            "매매실거래가":25800.0,
            "전세실거래년":null,
            "전세실거래가":null,
            "전세가율":null,
            "장기전세가율평균":71.43,
            "전세가율거품지수":null,
            "검색코드":118295,
            "세대수":86,
            "준공년월":"2016-08-26",
            "준공년차":7,
            "가까운역이름":"NA",
            "가까운역거리":"NA",
            "역세권여부":"NA",
            "30분이내주요거점역":"NA",
            "30분거점역이름":"NA",
            "1시간이내주요거점역":"NA",
            "1시간거점역이름":"NA",
            "3km이내백화점수":2,
            "5km이내아울렛몰수":0,
            "1km이내대형먀트수":1,
            "500m이내은행수":0,
            "500m이내병원수":0,
            "5km이내대형병원수":5,
            "500m이내공원수":12,
            "3km이내혐오시설수":0,
            "초등학교학업성취도":89.98,
            "중학교학업성취도":79.9,
            "용적률":486,
            "건폐율":45,
            "Y":35.555908,
            "X":129.334332,
            "rank":11.0,
            "area_info":"33평(109.49), 33평(109.52), 33평(110.97), 33평(110.99), 33평(111.53)",
            "last_sales":"2021-03-08,25800.0,33평(111.53)",
            "rank_history":[
                [
                    "202203",
                    11
                ],
                [
                    "202202",
                    9999
                ]
            ],
            "rank_gap":9999
        },
        {
            "index":165,
            "아파트명":"번영로효성해링턴플레이스2차",
            "투자타입":"일반",
            "전용면적(m2)":"80.36",
            "전용면적(평)":"24평",
            "법정동주소":"울산시 중구 복산동 770",
            "도로명주소":"울산시 중구 번영로 445",
            "세대수":0,
            "입주년차":80,
            "용적률점수":"--",
            "건폐율점수":"--",
            "세대당주차수":30,
            "난방방식":30,
            "공급면적":"--",
            "전용률":"--",
            "욕실수":100,
            "현관타입":100,
            "주거총점":43.5,
            "지역구공급총점":0.0,
            "역세권":"NA",
            "30분내 이동가능 거점":"NA",
            "1시간내 이동가능 거점":"NA",
            "교통총점":"NA",
            "백화점":100,
            "아울렛몰":0,
            "대형마트":80,
            "은행":0,
            "병원":0,
            "종합병원":100,
            "공원":100,
            "혐오시설":0,
            "인프라총점":65.0,
            "초등학군":89.98,
            "중학군":49.42,
            "학군총점":57.532,
            "인구수":23.57,
            "인구증감":-12.32,
            "인구총점":12.803,
            "일자리":7.57,
            "소득수준":63.68,
            "일자리총점":24.403,
            "가치 총점":55.608,
            "매매실거래년":20211116.0,
            "매매실거래가":50100.0,
            "전세실거래년":20211218.0,
            "전세실거래가":39000.0,
            "전세가율":77.84,
            "장기전세가율평균":71.43,
            "전세가율거품지수":-6.41,
            "검색코드":107296,
            "세대수":205,
            "준공년월":"2015-11-04",
            "준공년차":8,
            "가까운역이름":"NA",
            "가까운역거리":"NA",
            "역세권여부":"NA",
            "30분이내주요거점역":"NA",
            "30분거점역이름":"NA",
            "1시간이내주요거점역":"NA",
            "1시간거점역이름":"NA",
            "3km이내백화점수":2,
            "5km이내아울렛몰수":0,
            "1km이내대형먀트수":1,
            "500m이내은행수":1,
            "500m이내병원수":0,
            "5km이내대형병원수":5,
            "500m이내공원수":8,
            "3km이내혐오시설수":0,
            "초등학교학업성취도":89.98,
            "중학교학업성취도":79.9,
            "용적률":249,
            "건폐율":30,
            "Y":35.562659,
            "X":129.332244,
            "rank":11.0,
            "area_info":"24평(80.36), 28평(94.95), 28평(95.51), 33평(112.14), 34평(113.09), 34평(113.31)",
            "last_sales":"2021-11-16,50100.0,24평(80.36)",
            "rank_history":[
                [
                    "202203",
                    11
                ],
                [
                    "202202",
                    9
                ],
                [
                    "202201",
                    16
                ]
            ],
            "rank_gap":-2
        },
        {
            "index":160,
            "아파트명":"번영로효성해링턴플레이스1차",
            "투자타입":"일반",
            "전용면적(m2)":"93.79",
            "전용면적(평)":"28평",
            "법정동주소":"울산시 중구 복산동 766",
            "도로명주소":"울산시 중구 번영로 435",
            "세대수":0,
            "입주년차":80,
            "용적률점수":"--",
            "건폐율점수":"--",
            "세대당주차수":30,
            "난방방식":30,
            "공급면적":"--",
            "전용률":"--",
            "욕실수":100,
            "현관타입":100,
            "주거총점":43.5,
            "지역구공급총점":0.0,
            "역세권":"NA",
            "30분내 이동가능 거점":"NA",
            "1시간내 이동가능 거점":"NA",
            "교통총점":"NA",
            "백화점":100,
            "아울렛몰":0,
            "대형마트":80,
            "은행":0,
            "병원":0,
            "종합병원":100,
            "공원":100,
            "혐오시설":0,
            "인프라총점":65.0,
            "초등학군":89.98,
            "중학군":49.42,
            "학군총점":57.532,
            "인구수":23.57,
            "인구증감":-12.32,
            "인구총점":12.803,
            "일자리":7.57,
            "소득수준":63.68,
            "일자리총점":24.403,
            "가치 총점":55.608,
            "매매실거래년":20210829.0,
            "매매실거래가":60500.0,
            "전세실거래년":20211223.0,
            "전세실거래가":27300.0,
            "전세가율":45.12,
            "장기전세가율평균":71.43,
            "전세가율거품지수":26.31,
            "검색코드":107295,
            "세대수":207,
            "준공년월":"2015-09-01",
            "준공년차":8,
            "가까운역이름":"NA",
            "가까운역거리":"NA",
            "역세권여부":"NA",
            "30분이내주요거점역":"NA",
            "30분거점역이름":"NA",
            "1시간이내주요거점역":"NA",
            "1시간거점역이름":"NA",
            "3km이내백화점수":2,
            "5km이내아울렛몰수":0,
            "1km이내대형먀트수":1,
            "500m이내은행수":0,
            "500m이내병원수":0,
            "5km이내대형병원수":5,
            "500m이내공원수":10,
            "3km이내혐오시설수":0,
            "초등학교학업성취도":89.98,
            "중학교학업성취도":79.9,
            "용적률":249,
            "건폐율":27,
            "Y":35.562421,
            "X":129.331711,
            "rank":11.0,
            "area_info":"28평(93.79), 33평(110.76), 33평(111.93), 33평(111.84), 33평(111.71)",
            "last_sales":"2021-08-29,60500.0,28평(93.79)",
            "rank_history":[
                [
                    "202203",
                    11
                ],
                [
                    "202202",
                    9
                ],
                [
                    "202201",
                    16
                ]
            ],
            "rank_gap":-2
        },
        {
            "index":525,
            "아파트명":"학성파크디아채",
            "투자타입":"일반",
            "전용면적(m2)":"101.96",
            "전용면적(평)":"30평",
            "법정동주소":"울산시 중구 학성동 356",
            "도로명주소":"울산시 중구 학성로 218",
            "세대수":0,
            "입주년차":80,
            "용적률점수":"--",
            "건폐율점수":"--",
            "세대당주차수":30,
            "난방방식":30,
            "공급면적":"--",
            "전용률":"--",
            "욕실수":100,
            "현관타입":100,
            "주거총점":43.5,
            "지역구공급총점":0.0,
            "역세권":"NA",
            "30분내 이동가능 거점":"NA",
            "1시간내 이동가능 거점":"NA",
            "교통총점":"NA",
            "백화점":100,
            "아울렛몰":0,
            "대형마트":80,
            "은행":0,
            "병원":0,
            "종합병원":100,
            "공원":100,
            "혐오시설":0,
            "인프라총점":65.0,
            "초등학군":89.98,
            "중학군":49.42,
            "학군총점":57.532,
            "인구수":23.57,
            "인구증감":-12.32,
            "인구총점":12.803,
            "일자리":7.57,
            "소득수준":63.68,
            "일자리총점":24.403,
            "가치 총점":55.608,
            "매매실거래년":20220118.0,
            "매매실거래가":36000.0,
            "전세실거래년":20211012.0,
            "전세실거래가":28000.0,
            "전세가율":88.33,
            "장기전세가율평균":71.43,
            "전세가율거품지수":-16.9,
            "검색코드":115474,
            "세대수":209,
            "준공년월":"2018-12-01",
            "준공년차":5,
            "가까운역이름":"NA",
            "가까운역거리":"NA",
            "역세권여부":"NA",
            "30분이내주요거점역":"NA",
            "30분거점역이름":"NA",
            "1시간이내주요거점역":"NA",
            "1시간거점역이름":"NA",
            "3km이내백화점수":2,
            "5km이내아울렛몰수":0,
            "1km이내대형먀트수":1,
            "500m이내은행수":0,
            "500m이내병원수":0,
            "5km이내대형병원수":5,
            "500m이내공원수":14,
            "3km이내혐오시설수":0,
            "초등학교학업성취도":89.98,
            "중학교학업성취도":79.9,
            "용적률":0,
            "건폐율":0,
            "Y":35.556436,
            "X":129.334896,
            "rank":11.0,
            "area_info":"30평(101.96), 30평(102.32), 31평(102.64), 34평(114.07), 34평(114.34), 34평(114.93)",
            "last_sales":"2022-01-18,36000.0,34평(114.07)",
            "rank_history":[
                [
                    "202203",
                    11
                ],
                [
                    "202202",
                    9
                ],
                [
                    "202201",
                    18
                ]
            ],
            "rank_gap":-2
        },
        {
            "index":157,
            "아파트명":"번영로서한이다음1단지",
            "투자타입":"일반",
            "전용면적(m2)":"95.03",
            "전용면적(평)":"28평",
            "법정동주소":"울산시 중구 복산동 779",
            "도로명주소":"울산시 중구 번영로 463",
            "세대수":0,
            "입주년차":80,
            "용적률점수":"--",
            "건폐율점수":"--",
            "세대당주차수":30,
            "난방방식":30,
            "공급면적":"--",
            "전용률":"--",
            "욕실수":100,
            "현관타입":100,
            "주거총점":43.5,
            "지역구공급총점":0.0,
            "역세권":"NA",
            "30분내 이동가능 거점":"NA",
            "1시간내 이동가능 거점":"NA",
            "교통총점":"NA",
            "백화점":100,
            "아울렛몰":0,
            "대형마트":80,
            "은행":0,
            "병원":0,
            "종합병원":100,
            "공원":100,
            "혐오시설":0,
            "인프라총점":65.0,
            "초등학군":89.98,
            "중학군":47.8,
            "학군총점":56.236,
            "인구수":23.57,
            "인구증감":-12.32,
            "인구총점":12.803,
            "일자리":7.57,
            "소득수준":63.68,
            "일자리총점":24.403,
            "가치 총점":55.284,
            "매매실거래년":20201110.0,
            "매매실거래가":59980.0,
            "전세실거래년":20220216.0,
            "전세실거래가":28350.0,
            "전세가율":56.7,
            "장기전세가율평균":71.43,
            "전세가율거품지수":14.73,
            "검색코드":115672,
            "세대수":208,
            "준공년월":"2018-11-14",
            "준공년차":5,
            "가까운역이름":"NA",
            "가까운역거리":"NA",
            "역세권여부":"NA",
            "30분이내주요거점역":"NA",
            "30분거점역이름":"NA",
            "1시간이내주요거점역":"NA",
            "1시간거점역이름":"NA",
            "3km이내백화점수":2,
            "5km이내아울렛몰수":0,
            "1km이내대형먀트수":1,
            "500m이내은행수":1,
            "500m이내병원수":0,
            "5km이내대형병원수":5,
            "500m이내공원수":6,
            "3km이내혐오시설수":0,
            "초등학교학업성취도":89.98,
            "중학교학업성취도":78.0,
            "용적률":200,
            "건폐율":27,
            "Y":35.564187,
            "X":129.332979,
            "rank":12.0,
            "area_info":"28평(95.03), 33평(110.12), 33평(110.74)",
            "last_sales":"2020-11-10,59980.0,33평(110.74)",
            "rank_history":[
                [
                    "202203",
                    12
                ],
                [
                    "202202",
                    10
                ],
                [
                    "202201",
                    16
                ]
            ],
            "rank_gap":-2
        },
        {
            "index":73,
            "아파트명":"반구에일린",
            "투자타입":"일반",
            "전용면적(m2)":"96.9",
            "전용면적(평)":"29평",
            "법정동주소":"울산시 중구 반구동 105-8",
            "도로명주소":"울산시 중구 화합로 383",
            "세대수":0,
            "입주년차":80,
            "용적률점수":"--",
            "건폐율점수":"--",
            "세대당주차수":0,
            "난방방식":30,
            "공급면적":"--",
            "전용률":"--",
            "욕실수":100,
            "현관타입":100,
            "주거총점":39.0,
            "지역구공급총점":0.0,
            "역세권":"NA",
            "30분내 이동가능 거점":"NA",
            "1시간내 이동가능 거점":"NA",
            "교통총점":"NA",
            "백화점":100,
            "아울렛몰":0,
            "대형마트":100,
            "은행":0,
            "병원":0,
            "종합병원":100,
            "공원":100,
            "혐오시설":0,
            "인프라총점":68.0,
            "초등학군":90.0,
            "중학군":49.42,
            "학군총점":57.536,
            "인구수":23.57,
            "인구증감":-12.32,
            "인구총점":12.803,
            "일자리":7.57,
            "소득수준":63.68,
            "일자리총점":24.403,
            "가치 총점":55.234,
            "매매실거래년":20210925.0,
            "매매실거래가":31900.0,
            "전세실거래년":null,
            "전세실거래가":null,
            "전세가율":null,
            "장기전세가율평균":71.43,
            "전세가율거품지수":null,
            "검색코드":119313,
            "세대수":50,
            "준공년월":"2016-05-30",
            "준공년차":7,
            "가까운역이름":"NA",
            "가까운역거리":"NA",
            "역세권여부":"NA",
            "30분이내주요거점역":"NA",
            "30분거점역이름":"NA",
            "1시간이내주요거점역":"NA",
            "1시간거점역이름":"NA",
            "3km이내백화점수":2,
            "5km이내아울렛몰수":0,
            "1km이내대형먀트수":2,
            "500m이내은행수":1,
            "500m이내병원수":0,
            "5km이내대형병원수":5,
            "500m이내공원수":12,
            "3km이내혐오시설수":0,
            "초등학교학업성취도":90.0,
            "중학교학업성취도":79.9,
            "용적률":597,
            "건폐율":56,
            "Y":35.559969,
            "X":129.339452,
            "rank":13.0,
            "area_info":"29평(96.9), 30평(99.22), 31평(104.02), 31평(104.91)",
            "last_sales":"2021-09-25,31900.0,31평(104.02)",
            "rank_history":[
                [
                    "202203",
                    13
                ],
                [
                    "202202",
                    9999
                ]
            ],
            "rank_gap":9999
        },
        {
            "index":77,
            "아파트명":"세창짜임",
            "투자타입":"일반",
            "전용면적(m2)":"98.18",
            "전용면적(평)":"29평",
            "법정동주소":"울산시 중구 반구동 215",
            "도로명주소":"울산시 중구 화합로 398",
            "세대수":0,
            "입주년차":40,
            "용적률점수":"--",
            "건폐율점수":"--",
            "세대당주차수":30,
            "난방방식":30,
            "공급면적":"--",
            "전용률":"--",
            "욕실수":100,
            "현관타입":100,
            "주거총점":35.5,
            "지역구공급총점":0.0,
            "역세권":"NA",
            "30분내 이동가능 거점":"NA",
            "1시간내 이동가능 거점":"NA",
            "교통총점":"NA",
            "백화점":100,
            "아울렛몰":0,
            "대형마트":100,
            "은행":20,
            "병원":0,
            "종합병원":100,
            "공원":100,
            "혐오시설":0,
            "인프라총점":70.0,
            "초등학군":90.0,
            "중학군":49.42,
            "학군총점":57.536,
            "인구수":23.57,
            "인구증감":-12.32,
            "인구총점":12.803,
            "일자리":7.57,
            "소득수준":63.68,
            "일자리총점":24.403,
            "가치 총점":54.809,
            "매매실거래년":20211026.0,
            "매매실거래가":29500.0,
            "전세실거래년":null,
            "전세실거래가":null,
            "전세가율":null,
            "장기전세가율평균":71.43,
            "전세가율거품지수":null,
            "검색코드":19753,
            "세대수":244,
            "준공년월":"2006-06-27",
            "준공년차":17,
            "가까운역이름":"NA",
            "가까운역거리":"NA",
            "역세권여부":"NA",
            "30분이내주요거점역":"NA",
            "30분거점역이름":"NA",
            "1시간이내주요거점역":"NA",
            "1시간거점역이름":"NA",
            "3km이내백화점수":2,
            "5km이내아울렛몰수":0,
            "1km이내대형먀트수":2,
            "500m이내은행수":2,
            "500m이내병원수":0,
            "5km이내대형병원수":5,
            "500m이내공원수":10,
            "3km이내혐오시설수":0,
            "초등학교학업성취도":90.0,
            "중학교학업성취도":79.9,
            "용적률":0,
            "건폐율":0,
            "Y":35.561601,
            "X":129.338999,
            "rank":14.0,
            "area_info":"29평(98.18), 30평(99.23), 31평(102.55), 31평(103.07), 31평(103.41)",
            "last_sales":"2021-10-26,29500.0,31평(103.41)",
            "rank_history":[
                [
                    "202203",
                    14
                ],
                [
                    "202202",
                    11
                ],
                [
                    "202201",
                    9
                ]
            ],
            "rank_gap":-3
        },
        {
            "index":324,
            "아파트명":"우정코아루웰메이드",
            "투자타입":"일반",
            "전용면적(m2)":"110.66",
            "전용면적(평)":"33평",
            "법정동주소":"울산시 중구 우정동 218-2",
            "도로명주소":"울산시 중구 당산2길 25",
            "세대수":0,
            "입주년차":100,
            "용적률점수":"--",
            "건폐율점수":"--",
            "세대당주차수":30,
            "난방방식":30,
            "공급면적":"--",
            "전용률":"--",
            "욕실수":100,
            "현관타입":100,
            "주거총점":47.5,
            "지역구공급총점":0.0,
            "역세권":"NA",
            "30분내 이동가능 거점":"NA",
            "1시간내 이동가능 거점":"NA",
            "교통총점":"NA",
            "백화점":100,
            "아울렛몰":0,
            "대형마트":0,
            "은행":20,
            "병원":0,
            "종합병원":100,
            "공원":100,
            "혐오시설":0,
            "인프라총점":55.0,
            "초등학군":89.99,
            "중학군":54.6,
            "학군총점":61.678,
            "인구수":23.57,
            "인구증감":-12.32,
            "인구총점":12.803,
            "일자리":7.57,
            "소득수준":63.68,
            "일자리총점":24.403,
            "가치 총점":54.0445,
            "매매실거래년":20220220.0,
            "매매실거래가":43500.0,
            "전세실거래년":20211121.0,
            "전세실거래가":26000.0,
            "전세가율":59.77,
            "장기전세가율평균":71.43,
            "전세가율거품지수":11.66,
            "검색코드":115526,
            "세대수":219,
            "준공년월":"2019-07-01",
            "준공년차":4,
            "가까운역이름":"NA",
            "가까운역거리":"NA",
            "역세권여부":"NA",
            "30분이내주요거점역":"NA",
            "30분거점역이름":"NA",
            "1시간이내주요거점역":"NA",
            "1시간거점역이름":"NA",
            "3km이내백화점수":1,
            "5km이내아울렛몰수":0,
            "1km이내대형먀트수":0,
            "500m이내은행수":2,
            "500m이내병원수":0,
            "5km이내대형병원수":5,
            "500m이내공원수":6,
            "3km이내혐오시설수":0,
            "초등학교학업성취도":89.99,
            "중학교학업성취도":87.6,
            "용적률":659,
            "건폐율":67,
            "Y":35.554374,
            "X":129.311048,
            "rank":15.0,
            "area_info":"33평(110.66), 33평(110.75), 33평(110.39), 33평(111.67)",
            "last_sales":"2022-02-20,43500.0,33평(110.66)",
            "rank_history":[
                [
                    "202203",
                    15
                ],
                [
                    "202202",
                    13
                ],
                [
                    "202201",
                    11
                ]
            ],
            "rank_gap":-2
        },
        {
            "index":2,
            "아파트명":"남외푸르지오",
            "투자타입":"일반",
            "전용면적(m2)":"109.79",
            "전용면적(평)":"33평",
            "법정동주소":"울산시 중구 남외동 506-1",
            "도로명주소":"울산시 중구 남외3길 33",
            "세대수":80,
            "입주년차":40,
            "용적률점수":"--",
            "건폐율점수":"--",
            "세대당주차수":60,
            "난방방식":30,
            "공급면적":"--",
            "전용률":"--",
            "욕실수":100,
            "현관타입":100,
            "주거총점":68.0,
            "지역구공급총점":0.0,
            "역세권":"NA",
            "30분내 이동가능 거점":"NA",
            "1시간내 이동가능 거점":"NA",
            "교통총점":"NA",
            "백화점":0,
            "아울렛몰":0,
            "대형마트":100,
            "은행":0,
            "병원":0,
            "종합병원":100,
            "공원":100,
            "혐오시설":0,
            "인프라총점":38.0,
            "초등학군":89.99,
            "중학군":52.28,
            "학군총점":59.822,
            "인구수":23.57,
            "인구증감":-12.32,
            "인구총점":12.803,
            "일자리":7.57,
            "소득수준":63.68,
            "일자리총점":24.403,
            "가치 총점":53.9555,
            "매매실거래년":20220106.0,
            "매매실거래가":63000.0,
            "전세실거래년":20211214.0,
            "전세실거래가":27000.0,
            "전세가율":62.07,
            "장기전세가율평균":71.43,
            "전세가율거품지수":9.36,
            "검색코드":17661,
            "세대수":892,
            "준공년월":"2006-01-25",
            "준공년차":17,
            "가까운역이름":"NA",
            "가까운역거리":"NA",
            "역세권여부":"NA",
            "30분이내주요거점역":"NA",
            "30분거점역이름":"NA",
            "1시간이내주요거점역":"NA",
            "1시간거점역이름":"NA",
            "3km이내백화점수":0,
            "5km이내아울렛몰수":0,
            "1km이내대형먀트수":2,
            "500m이내은행수":0,
            "500m이내병원수":0,
            "5km이내대형병원수":4,
            "500m이내공원수":6,
            "3km이내혐오시설수":0,
            "초등학교학업성취도":89.99,
            "중학교학업성취도":84.8,
            "용적률":237,
            "건폐율":19,
            "Y":35.564554,
            "X":129.349792,
            "rank":16.0,
            "area_info":"33평(109.79), 33평(110.2), 40평(133.8), 41평(136.49), 46평(153.23)",
            "last_sales":"2022-01-06,63000.0,46평(153.23)",
            "rank_history":[
                [
                    "202203",
                    16
                ],
                [
                    "202202",
                    12
                ],
                [
                    "202201",
                    14
                ]
            ],
            "rank_gap":-4
        },
        {
            "index":271,
            "아파트명":"약사더샵",
            "투자타입":"일반",
            "전용면적(m2)":"99.97",
            "전용면적(평)":"30평",
            "법정동주소":"울산시 중구 약사동 1108",
            "도로명주소":"울산시 중구 약사로 20",
            "세대수":50,
            "입주년차":80,
            "용적률점수":"--",
            "건폐율점수":"--",
            "세대당주차수":60,
            "난방방식":30,
            "공급면적":"--",
            "전용률":"--",
            "욕실수":100,
            "현관타입":100,
            "주거총점":65.5,
            "지역구공급총점":0.0,
            "역세권":"NA",
            "30분내 이동가능 거점":"NA",
            "1시간내 이동가능 거점":"NA",
            "교통총점":"NA",
            "백화점":0,
            "아울렛몰":0,
            "대형마트":100,
            "은행":20,
            "병원":0,
            "종합병원":100,
            "공원":100,
            "혐오시설":0,
            "인프라총점":40.0,
            "초등학군":89.99,
            "중학군":47.8,
            "학군총점":56.238,
            "인구수":23.57,
            "인구증감":-12.32,
            "인구총점":12.803,
            "일자리":7.57,
            "소득수준":63.68,
            "일자리총점":24.403,
            "가치 총점":52.9845,
            "매매실거래년":20211205.0,
            "매매실거래가":78500.0,
            "전세실거래년":20211218.0,
            "전세실거래가":31000.0,
            "전세가율":49.21,
            "장기전세가율평균":71.43,
            "전세가율거품지수":22.22,
            "검색코드":110078,
            "세대수":449,
            "준공년월":"2017-02-01",
            "준공년차":6,
            "가까운역이름":"NA",
            "가까운역거리":"NA",
            "역세권여부":"NA",
            "30분이내주요거점역":"NA",
            "30분거점역이름":"NA",
            "1시간이내주요거점역":"NA",
            "1시간거점역이름":"NA",
            "3km이내백화점수":0,
            "5km이내아울렛몰수":0,
            "1km이내대형먀트수":2,
            "500m이내은행수":2,
            "500m이내병원수":0,
            "5km이내대형병원수":4,
            "500m이내공원수":8,
            "3km이내혐오시설수":0,
            "초등학교학업성취도":89.99,
            "중학교학업성취도":78.0,
            "용적률":223,
            "건폐율":32,
            "Y":35.568141,
            "X":129.33774,
            "rank":17.0,
            "area_info":"30평(99.97), 30평(99.31), 34평(112.83), 34평(112.78), 34평(112.45)",
            "last_sales":"2021-12-05,78500.0,34평(112.78)",
            "rank_history":[
                [
                    "202203",
                    17
                ],
                [
                    "202202",
                    14
                ],
                [
                    "202201",
                    12
                ]
            ],
            "rank_gap":-3
        },
        {
            "index":334,
            "아파트명":"진흥마제스타워울산II",
            "투자타입":"일반",
            "전용면적(m2)":"117.73",
            "전용면적(평)":"35평",
            "법정동주소":"울산시 중구 우정동 172-5",
            "도로명주소":"울산시 중구 학성로 11",
            "세대수":0,
            "입주년차":60,
            "용적률점수":"--",
            "건폐율점수":"--",
            "세대당주차수":60,
            "난방방식":30,
            "공급면적":"--",
            "전용률":"--",
            "욕실수":100,
            "현관타입":100,
            "주거총점":44.0,
            "지역구공급총점":0.0,
            "역세권":"NA",
            "30분내 이동가능 거점":"NA",
            "1시간내 이동가능 거점":"NA",
            "교통총점":"NA",
            "백화점":100,
            "아울렛몰":0,
            "대형마트":0,
            "은행":20,
            "병원":0,
            "종합병원":100,
            "공원":100,
            "혐오시설":0,
            "인프라총점":55.0,
            "초등학군":90.04,
            "중학군":54.6,
            "학군총점":61.688,
            "인구수":23.57,
            "인구증감":-12.32,
            "인구총점":12.803,
            "일자리":7.57,
            "소득수준":63.68,
            "일자리총점":24.403,
            "가치 총점":52.822,
            "매매실거래년":20160616.0,
            "매매실거래가":56500.0,
            "전세실거래년":null,
            "전세실거래가":null,
            "전세가율":null,
            "장기전세가율평균":71.43,
            "전세가율거품지수":null,
            "검색코드":105456,
            "세대수":185,
            "준공년월":"2010-11-08",
            "준공년차":13,
            "가까운역이름":"NA",
            "가까운역거리":"NA",
            "역세권여부":"NA",
            "30분이내주요거점역":"NA",
            "30분거점역이름":"NA",
            "1시간이내주요거점역":"NA",
            "1시간거점역이름":"NA",
            "3km이내백화점수":2,
            "5km이내아울렛몰수":0,
            "1km이내대형먀트수":0,
            "500m이내은행수":2,
            "500m이내병원수":0,
            "5km이내대형병원수":5,
            "500m이내공원수":6,
            "3km이내혐오시설수":0,
            "초등학교학업성취도":90.04,
            "중학교학업성취도":87.6,
            "용적률":950,
            "건폐율":59,
            "Y":35.553301,
            "X":129.312755,
            "rank":18.0,
            "area_info":"35평(117.73), 35평(117.94), 35평(118.14), 35평(118.09), 50평(167.3), 54평(181.35), 60평(201.58), 60평(201.63), 64평(214.52), 65평(215.5)",
            "last_sales":"2016-06-16,56500.0,65평(215.5)",
            "rank_history":[
                [
                    "202203",
                    18
                ],
                [
                    "202202",
                    16
                ],
                [
                    "202201",
                    13
                ]
            ],
            "rank_gap":-2
        },
        {
            "index":97,
            "아파트명":"유로캐슬",
            "투자타입":"일반",
            "전용면적(m2)":"95.45",
            "전용면적(평)":"28평",
            "법정동주소":"울산시 중구 반구동 449-16",
            "도로명주소":"울산시 중구 염포로 26",
            "세대수":0,
            "입주년차":40,
            "용적률점수":"--",
            "건폐율점수":"--",
            "세대당주차수":30,
            "난방방식":30,
            "공급면적":"--",
            "전용률":"--",
            "욕실수":100,
            "현관타입":100,
            "주거총점":35.5,
            "지역구공급총점":0.0,
            "역세권":"NA",
            "30분내 이동가능 거점":"NA",
            "1시간내 이동가능 거점":"NA",
            "교통총점":"NA",
            "백화점":100,
            "아울렛몰":0,
            "대형마트":80,
            "은행":0,
            "병원":0,
            "종합병원":100,
            "공원":100,
            "혐오시설":0,
            "인프라총점":65.0,
            "초등학군":90.0,
            "중학군":49.42,
            "학군총점":57.536,
            "인구수":23.57,
            "인구증감":-12.32,
            "인구총점":12.803,
            "일자리":7.57,
            "소득수준":63.68,
            "일자리총점":24.403,
            "가치 총점":52.809,
            "매매실거래년":20210608.0,
            "매매실거래가":27000.0,
            "전세실거래년":20190418.0,
            "전세실거래가":13800.0,
            "전세가율":66.99,
            "장기전세가율평균":71.43,
            "전세가율거품지수":4.44,
            "검색코드":103768,
            "세대수":156,
            "준공년월":"2005-04-20",
            "준공년차":18,
            "가까운역이름":"NA",
            "가까운역거리":"NA",
            "역세권여부":"NA",
            "30분이내주요거점역":"NA",
            "30분거점역이름":"NA",
            "1시간이내주요거점역":"NA",
            "1시간거점역이름":"NA",
            "3km이내백화점수":2,
            "5km이내아울렛몰수":0,
            "1km이내대형먀트수":1,
            "500m이내은행수":1,
            "500m이내병원수":0,
            "5km이내대형병원수":5,
            "500m이내공원수":6,
            "3km이내혐오시설수":0,
            "초등학교학업성취도":90.0,
            "중학교학업성취도":79.9,
            "용적률":702,
            "건폐율":67,
            "Y":35.559448,
            "X":129.344589,
            "rank":19.0,
            "area_info":"28평(95.45), 29평(95.9), 29평(98.61), 30평(102.19), 31평(103.56), 31평(104.58), 32평(105.81), 32평(107.27)",
            "last_sales":"2021-06-08,27000.0,31평(103.56)",
            "rank_history":[
                [
                    "202203",
                    19
                ],
                [
                    "202202",
                    15
                ],
                [
                    "202201",
                    10
                ]
            ],
            "rank_gap":-4
        },
        {
            "index":82,
            "아파트명":"세한프리빌2차",
            "투자타입":"일반",
            "전용면적(m2)":"83.42",
            "전용면적(평)":"25평",
            "법정동주소":"울산시 중구 반구동 251-3",
            "도로명주소":"울산시 중구 화합로 388",
            "세대수":0,
            "입주년차":40,
            "용적률점수":"--",
            "건폐율점수":"--",
            "세대당주차수":30,
            "난방방식":30,
            "공급면적":"--",
            "전용률":"--",
            "욕실수":100,
            "현관타입":50,
            "주거총점":30.5,
            "지역구공급총점":0.0,
            "역세권":"NA",
            "30분내 이동가능 거점":"NA",
            "1시간내 이동가능 거점":"NA",
            "교통총점":"NA",
            "백화점":100,
            "아울렛몰":0,
            "대형마트":100,
            "은행":0,
            "병원":0,
            "종합병원":100,
            "공원":100,
            "혐오시설":0,
            "인프라총점":68.0,
            "초등학군":90.0,
            "중학군":49.42,
            "학군총점":57.536,
            "인구수":23.57,
            "인구증감":-12.32,
            "인구총점":12.803,
            "일자리":7.57,
            "소득수준":63.68,
            "일자리총점":24.403,
            "가치 총점":52.259,
            "매매실거래년":20220124.0,
            "매매실거래가":25800.0,
            "전세실거래년":null,
            "전세실거래가":null,
            "전세가율":null,
            "장기전세가율평균":71.43,
            "전세가율거품지수":null,
            "검색코드":107381,
            "세대수":51,
            "준공년월":"2005-08-05",
            "준공년차":18,
            "가까운역이름":"NA",
            "가까운역거리":"NA",
            "역세권여부":"NA",
            "30분이내주요거점역":"NA",
            "30분거점역이름":"NA",
            "1시간이내주요거점역":"NA",
            "1시간거점역이름":"NA",
            "3km이내백화점수":2,
            "5km이내아울렛몰수":0,
            "1km이내대형먀트수":2,
            "500m이내은행수":1,
            "500m이내병원수":0,
            "5km이내대형병원수":5,
            "500m이내공원수":10,
            "3km이내혐오시설수":0,
            "초등학교학업성취도":90.0,
            "중학교학업성취도":79.9,
            "용적률":365,
            "건폐율":42,
            "Y":35.560402,
            "X":129.339818,
            "rank":20.0,
            "area_info":"25평(83.42), 31평(103.57)",
            "last_sales":"2022-01-24,25800.0,31평(103.57)",
            "rank_history":[
                [
                    "202203",
                    20
                ],
                [
                    "202202",
                    9999
                ]
            ],
            "rank_gap":9999
        },
        {
            "index":505,
            "아파트명":"모아시티타워",
            "투자타입":"일반",
            "전용면적(m2)":"94.06",
            "전용면적(평)":"28평",
            "법정동주소":"울산시 중구 학성동 432-352",
            "도로명주소":"울산시 중구 학성로 186",
            "세대수":0,
            "입주년차":40,
            "용적률점수":"--",
            "건폐율점수":"--",
            "세대당주차수":30,
            "난방방식":30,
            "공급면적":"--",
            "전용률":"--",
            "욕실수":100,
            "현관타입":50,
            "주거총점":30.5,
            "지역구공급총점":0.0,
            "역세권":"NA",
            "30분내 이동가능 거점":"NA",
            "1시간내 이동가능 거점":"NA",
            "교통총점":"NA",
            "백화점":100,
            "아울렛몰":0,
            "대형마트":80,
            "은행":0,
            "병원":0,
            "종합병원":100,
            "공원":100,
            "혐오시설":0,
            "인프라총점":65.0,
            "초등학군":90.04,
            "중학군":49.42,
            "학군총점":57.544,
            "인구수":23.57,
            "인구증감":-12.32,
            "인구총점":12.803,
            "일자리":7.57,
            "소득수준":63.68,
            "일자리총점":24.403,
            "가치 총점":51.061,
            "매매실거래년":20211020.0,
            "매매실거래가":21500.0,
            "전세실거래년":null,
            "전세실거래가":null,
            "전세가율":null,
            "장기전세가율평균":71.43,
            "전세가율거품지수":null,
            "검색코드":118238,
            "세대수":64,
            "준공년월":"2007-11-01",
            "준공년차":16,
            "가까운역이름":"NA",
            "가까운역거리":"NA",
            "역세권여부":"NA",
            "30분이내주요거점역":"NA",
            "30분거점역이름":"NA",
            "1시간이내주요거점역":"NA",
            "1시간거점역이름":"NA",
            "3km이내백화점수":2,
            "5km이내아울렛몰수":0,
            "1km이내대형먀트수":1,
            "500m이내은행수":1,
            "500m이내병원수":0,
            "5km이내대형병원수":5,
            "500m이내공원수":10,
            "3km이내혐오시설수":0,
            "초등학교학업성취도":90.04,
            "중학교학업성취도":79.9,
            "용적률":648,
            "건폐율":72,
            "Y":35.556579,
            "X":129.331269,
            "rank":21.0,
            "area_info":"28평(94.06), 32평(106.55), 33평(110.7), 33평(112.05), 34평(113.27), 34평(114.24), 35평(116.45)",
            "last_sales":"2021-10-20,21500.0,35평(116.45)",
            "rank_history":[
                [
                    "202203",
                    21
                ],
                [
                    "202202",
                    9999
                ]
            ],
            "rank_gap":9999
        },
        {
            "index":374,
            "아파트명":"울산유곡푸르지오",
            "투자타입":"일반",
            "전용면적(m2)":"106.51",
            "전용면적(평)":"32평",
            "법정동주소":"울산시 중구 유곡동 69",
            "도로명주소":"울산시 중구 평동3길 1",
            "세대수":90,
            "입주년차":60,
            "용적률점수":"--",
            "건폐율점수":"--",
            "세대당주차수":60,
            "난방방식":30,
            "공급면적":"--",
            "전용률":"--",
            "욕실수":100,
            "현관타입":100,
            "주거총점":75.5,
            "지역구공급총점":0.0,
            "역세권":"NA",
            "30분내 이동가능 거점":"NA",
            "1시간내 이동가능 거점":"NA",
            "교통총점":"NA",
            "백화점":0,
            "아울렛몰":0,
            "대형마트":0,
            "은행":0,
            "병원":0,
            "종합병원":100,
            "공원":100,
            "혐오시설":0,
            "인프라총점":23.0,
            "초등학군":89.99,
            "중학군":54.6,
            "학군총점":61.678,
            "인구수":23.57,
            "인구증감":-12.32,
            "인구총점":12.803,
            "일자리":7.57,
            "소득수준":63.68,
            "일자리총점":24.403,
            "가치 총점":51.0445,
            "매매실거래년":20220104.0,
            "매매실거래가":63000.0,
            "전세실거래년":20220208.0,
            "전세실거래가":30975.0,
            "전세가율":54.34,
            "장기전세가율평균":71.43,
            "전세가율거품지수":17.09,
            "검색코드":103334,
            "세대수":911,
            "준공년월":"2010-04-30",
            "준공년차":13,
            "가까운역이름":"NA",
            "가까운역거리":"NA",
            "역세권여부":"NA",
            "30분이내주요거점역":"NA",
            "30분거점역이름":"NA",
            "1시간이내주요거점역":"NA",
            "1시간거점역이름":"NA",
            "3km이내백화점수":0,
            "5km이내아울렛몰수":0,
            "1km이내대형먀트수":0,
            "500m이내은행수":1,
            "500m이내병원수":0,
            "5km이내대형병원수":5,
            "500m이내공원수":10,
            "3km이내혐오시설수":0,
            "초등학교학업성취도":89.99,
            "중학교학업성취도":87.6,
            "용적률":234,
            "건폐율":17,
            "Y":35.560616,
            "X":129.304757,
            "rank":22.0,
            "area_info":"32평(106.51), 33평(112.04), 41평(137.42), 43평(144.01), 48평(161.34), 57평(189.7)",
            "last_sales":"2022-01-04,63000.0,33평(112.04)",
            "rank_history":[
                [
                    "202203",
                    22
                ],
                [
                    "202202",
                    17
                ],
                [
                    "202201",
                    17
                ]
            ],
            "rank_gap":-5
        },
        {
            "index":69,
            "아파트명":"반구신동아파밀리에",
            "투자타입":"일반",
            "전용면적(m2)":"96.93",
            "전용면적(평)":"29평",
            "법정동주소":"울산시 중구 반구동 448-3",
            "도로명주소":"울산시 중구 반구정15길 8",
            "세대수":0,
            "입주년차":80,
            "용적률점수":"--",
            "건폐율점수":"--",
            "세대당주차수":30,
            "난방방식":30,
            "공급면적":"--",
            "전용률":"--",
            "욕실수":100,
            "현관타입":100,
            "주거총점":43.5,
            "지역구공급총점":0.0,
            "역세권":"NA",
            "30분내 이동가능 거점":"NA",
            "1시간내 이동가능 거점":"NA",
            "교통총점":"NA",
            "백화점":100,
            "아울렛몰":0,
            "대형마트":0,
            "은행":0,
            "병원":0,
            "종합병원":100,
            "공원":100,
            "혐오시설":0,
            "인프라총점":53.0,
            "초등학군":90.0,
            "중학군":49.42,
            "학군총점":57.536,
            "인구수":23.57,
            "인구증감":-12.32,
            "인구총점":12.803,
            "일자리":7.57,
            "소득수준":63.68,
            "일자리총점":24.403,
            "가치 총점":50.809,
            "매매실거래년":20211030.0,
            "매매실거래가":39000.0,
            "전세실거래년":20210904.0,
            "전세실거래가":20000.0,
            "전세가율":57.64,
            "장기전세가율평균":71.43,
            "전세가율거품지수":13.79,
            "검색코드":104980,
            "세대수":242,
            "준공년월":"2014-10-30",
            "준공년차":9,
            "가까운역이름":"NA",
            "가까운역거리":"NA",
            "역세권여부":"NA",
            "30분이내주요거점역":"NA",
            "30분거점역이름":"NA",
            "1시간이내주요거점역":"NA",
            "1시간거점역이름":"NA",
            "3km이내백화점수":2,
            "5km이내아울렛몰수":0,
            "1km이내대형먀트수":0,
            "500m이내은행수":1,
            "500m이내병원수":0,
            "5km이내대형병원수":5,
            "500m이내공원수":8,
            "3km이내혐오시설수":0,
            "초등학교학업성취도":90.0,
            "중학교학업성취도":79.9,
            "용적률":582,
            "건폐율":43,
            "Y":35.558674,
            "X":129.343693,
            "rank":23.0,
            "area_info":"29평(96.93), 33평(110.56), 33평(111.1), 33평(111.16)",
            "last_sales":"2021-10-30,39000.0,33평(110.56)",
            "rank_history":[
                [
                    "202203",
                    23
                ],
                [
                    "202202",
                    18
                ],
                [
                    "202201",
                    15
                ]
            ],
            "rank_gap":-5
        },
        {
            "index":520,
            "아파트명":"학성삼강제나두",
            "투자타입":"일반",
            "전용면적(m2)":"87.96",
            "전용면적(평)":"26평",
            "법정동주소":"울산시 중구 학성동 356-1",
            "도로명주소":"울산시 중구 학성로 214",
            "세대수":0,
            "입주년차":20,
            "용적률점수":"--",
            "건폐율점수":"--",
            "세대당주차수":0,
            "난방방식":30,
            "공급면적":"--",
            "전용률":"--",
            "욕실수":100,
            "현관타입":100,
            "주거총점":27.0,
            "지역구공급총점":0.0,
            "역세권":"NA",
            "30분내 이동가능 거점":"NA",
            "1시간내 이동가능 거점":"NA",
            "교통총점":"NA",
            "백화점":100,
            "아울렛몰":0,
            "대형마트":80,
            "은행":0,
            "병원":0,
            "종합병원":100,
            "공원":100,
            "혐오시설":0,
            "인프라총점":65.0,
            "초등학군":89.98,
            "중학군":49.42,
            "학군총점":57.532,
            "인구수":23.57,
            "인구증감":-12.32,
            "인구총점":12.803,
            "일자리":7.57,
            "소득수준":63.68,
            "일자리총점":24.403,
            "가치 총점":49.833,
            "매매실거래년":20200413.0,
            "매매실거래가":20000.0,
            "전세실거래년":20191029.0,
            "전세실거래가":10000.0,
            "전세가율":null,
            "장기전세가율평균":71.43,
            "전세가율거품지수":null,
            "검색코드":114190,
            "세대수":52,
            "준공년월":"2003-05-07",
            "준공년차":20,
            "가까운역이름":"NA",
            "가까운역거리":"NA",
            "역세권여부":"NA",
            "30분이내주요거점역":"NA",
            "30분거점역이름":"NA",
            "1시간이내주요거점역":"NA",
            "1시간거점역이름":"NA",
            "3km이내백화점수":2,
            "5km이내아울렛몰수":0,
            "1km이내대형먀트수":1,
            "500m이내은행수":0,
            "500m이내병원수":0,
            "5km이내대형병원수":5,
            "500m이내공원수":12,
            "3km이내혐오시설수":0,
            "초등학교학업성취도":89.98,
            "중학교학업성취도":79.9,
            "용적률":404,
            "건폐율":49,
            "Y":35.556714,
            "X":129.334297,
            "rank":24.0,
            "area_info":"26평(87.96), 27평(91.73), 28평(93.3), 28평(95.5), 29평(98.05)",
            "last_sales":"2020-04-13,20000.0,29평(98.05)",
            "rank_history":[
                [
                    "202203",
                    24
                ],
                [
                    "202202",
                    9999
                ]
            ],
            "rank_gap":9999
        },
        {
            "index":319,
            "아파트명":"우정아이파크",
            "투자타입":"일반",
            "전용면적(m2)":"106.6",
            "전용면적(평)":"32평",
            "법정동주소":"울산시 중구 우정동 689",
            "도로명주소":"울산시 중구 우정2길 45",
            "세대수":80,
            "입주년차":60,
            "용적률점수":"--",
            "건폐율점수":"--",
            "세대당주차수":60,
            "난방방식":30,
            "공급면적":"--",
            "전용률":"--",
            "욕실수":100,
            "현관타입":100,
            "주거총점":72.0,
            "지역구공급총점":0.0,
            "역세권":"NA",
            "30분내 이동가능 거점":"NA",
            "1시간내 이동가능 거점":"NA",
            "교통총점":"NA",
            "백화점":0,
            "아울렛몰":0,
            "대형마트":0,
            "은행":0,
            "병원":0,
            "종합병원":100,
            "공원":100,
            "혐오시설":0,
            "인프라총점":23.0,
            "초등학군":89.99,
            "중학군":54.6,
            "학군총점":61.678,
            "인구수":23.57,
            "인구증감":-12.32,
            "인구총점":12.803,
            "일자리":7.57,
            "소득수준":63.68,
            "일자리총점":24.403,
            "가치 총점":49.8195,
            "매매실거래년":20220218.0,
            "매매실거래가":82000.0,
            "전세실거래년":20220209.0,
            "전세실거래가":32000.0,
            "전세가율":39.02,
            "장기전세가율평균":71.43,
            "전세가율거품지수":32.41,
            "검색코드":103127,
            "세대수":820,
            "준공년월":"2010-03-30",
            "준공년차":13,
            "가까운역이름":"NA",
            "가까운역거리":"NA",
            "역세권여부":"NA",
            "30분이내주요거점역":"NA",
            "30분거점역이름":"NA",
            "1시간이내주요거점역":"NA",
            "1시간거점역이름":"NA",
            "3km이내백화점수":0,
            "5km이내아울렛몰수":0,
            "1km이내대형먀트수":0,
            "500m이내은행수":1,
            "500m이내병원수":0,
            "5km이내대형병원수":5,
            "500m이내공원수":10,
            "3km이내혐오시설수":0,
            "초등학교학업성취도":89.99,
            "중학교학업성취도":87.6,
            "용적률":244,
            "건폐율":14,
            "Y":35.5611,
            "X":129.309166,
            "rank":25.0,
            "area_info":"32평(106.6), 41평(136.63), 45평(150.76), 50평(168.24), 79평(263.57)",
            "last_sales":"2022-02-18,82000.0,32평(106.6)",
            "rank_history":[
                [
                    "202203",
                    25
                ],
                [
                    "202202",
                    19
                ],
                [
                    "202201",
                    20
                ]
            ],
            "rank_gap":-6
        },
        {
            "index":276,
            "아파트명":"약사아이파크",
            "투자타입":"일반",
            "전용면적(m2)":"82.96",
            "전용면적(평)":"25평",
            "법정동주소":"울산시 중구 약사동 1101",
            "도로명주소":"울산시 중구 평산로 50",
            "세대수":50,
            "입주년차":80,
            "용적률점수":"--",
            "건폐율점수":"--",
            "세대당주차수":30,
            "난방방식":30,
            "공급면적":"--",
            "전용률":"--",
            "욕실수":100,
            "현관타입":100,
            "주거총점":61.0,
            "지역구공급총점":0.0,
            "역세권":"NA",
            "30분내 이동가능 거점":"NA",
            "1시간내 이동가능 거점":"NA",
            "교통총점":"NA",
            "백화점":0,
            "아울렛몰":0,
            "대형마트":100,
            "은행":0,
            "병원":0,
            "종합병원":100,
            "공원":100,
            "혐오시설":0,
            "인프라총점":38.0,
            "초등학군":89.99,
            "중학군":42.78,
            "학군총점":52.222,
            "인구수":23.57,
            "인구증감":-12.32,
            "인구총점":12.803,
            "일자리":7.57,
            "소득수준":63.68,
            "일자리총점":24.403,
            "가치 총점":49.6055,
            "매매실거래년":20220127.0,
            "매매실거래가":44000.0,
            "전세실거래년":20220125.0,
            "전세실거래가":35000.0,
            "전세가율":79.55,
            "장기전세가율평균":71.43,
            "전세가율거품지수":-8.12,
            "검색코드":107674,
            "세대수":689,
            "준공년월":"2015-09-25",
            "준공년차":8,
            "가까운역이름":"NA",
            "가까운역거리":"NA",
            "역세권여부":"NA",
            "30분이내주요거점역":"NA",
            "30분거점역이름":"NA",
            "1시간이내주요거점역":"NA",
            "1시간거점역이름":"NA",
            "3km이내백화점수":0,
            "5km이내아울렛몰수":0,
            "1km이내대형먀트수":2,
            "500m이내은행수":0,
            "500m이내병원수":0,
            "5km이내대형병원수":4,
            "500m이내공원수":16,
            "3km이내혐오시설수":0,
            "초등학교학업성취도":89.99,
            "중학교학업성취도":70.5,
            "용적률":198,
            "건폐율":21,
            "Y":35.571987,
            "X":129.337961,
            "rank":26.0,
            "area_info":"25평(82.96), 29평(96.77), 29평(97.78), 33평(111.97), 33평(111.48)",
            "last_sales":"2022-01-27,44000.0,25평(82.96)",
            "rank_history":[
                [
                    "202203",
                    26
                ],
                [
                    "202202",
                    20
                ],
                [
                    "202201",
                    23
                ]
            ],
            "rank_gap":-6
        },
        {
            "index":84,
            "아파트명":"소담팰리스(도시형)",
            "투자타입":"일반",
            "전용면적(m2)":"28.42",
            "전용면적(평)":"8평",
            "법정동주소":"울산시 중구 반구동 106-3",
            "도로명주소":"울산시 중구 화합로 379",
            "세대수":0,
            "입주년차":80,
            "용적률점수":"--",
            "건폐율점수":"--",
            "세대당주차수":0,
            "난방방식":30,
            "공급면적":"--",
            "전용률":"--",
            "욕실수":50,
            "현관타입":10,
            "주거총점":25.0,
            "지역구공급총점":0.0,
            "역세권":"NA",
            "30분내 이동가능 거점":"NA",
            "1시간내 이동가능 거점":"NA",
            "교통총점":"NA",
            "백화점":100,
            "아울렛몰":0,
            "대형마트":80,
            "은행":0,
            "병원":0,
            "종합병원":100,
            "공원":100,
            "혐오시설":0,
            "인프라총점":65.0,
            "초등학군":90.0,
            "중학군":49.42,
            "학군총점":57.536,
            "인구수":23.57,
            "인구증감":-12.32,
            "인구총점":12.803,
            "일자리":7.57,
            "소득수준":63.68,
            "일자리총점":24.403,
            "가치 총점":49.134,
            "매매실거래년":20211028.0,
            "매매실거래가":11000.0,
            "전세실거래년":20200109.0,
            "전세실거래가":5000.0,
            "전세가율":null,
            "장기전세가율평균":71.43,
            "전세가율거품지수":null,
            "검색코드":114891,
            "세대수":216,
            "준공년월":"2017-01-11",
            "준공년차":6,
            "가까운역이름":"NA",
            "가까운역거리":"NA",
            "역세권여부":"NA",
            "30분이내주요거점역":"NA",
            "30분거점역이름":"NA",
            "1시간이내주요거점역":"NA",
            "1시간거점역이름":"NA",
            "3km이내백화점수":2,
            "5km이내아울렛몰수":0,
            "1km이내대형먀트수":1,
            "500m이내은행수":1,
            "500m이내병원수":0,
            "5km이내대형병원수":5,
            "500m이내공원수":12,
            "3km이내혐오시설수":0,
            "초등학교학업성취도":90.0,
            "중학교학업성취도":79.9,
            "용적률":828,
            "건폐율":69,
            "Y":35.559383,
            "X":129.33974,
            "rank":27.0,
            "area_info":"8평(28.42), 10평(33.07), 12평(40.14), 13평(45.41)",
            "last_sales":"2021-10-28,11000.0,13평(45.41)",
            "rank_history":[
                [
                    "202203",
                    27
                ],
                [
                    "202202",
                    21
                ],
                [
                    "202201",
                    33
                ]
            ],
            "rank_gap":-6
        },
        {
            "index":147,
            "아파트명":"드림파크(도시형)",
            "투자타입":"일반",
            "전용면적(m2)":"40.67",
            "전용면적(평)":"12평",
            "법정동주소":"울산시 중구 복산동 40-9",
            "도로명주소":"울산시 중구 계변로 54",
            "세대수":0,
            "입주년차":80,
            "용적률점수":"--",
            "건폐율점수":"--",
            "세대당주차수":0,
            "난방방식":30,
            "공급면적":"--",
            "전용률":"--",
            "욕실수":50,
            "현관타입":10,
            "주거총점":25.0,
            "지역구공급총점":0.0,
            "역세권":"NA",
            "30분내 이동가능 거점":"NA",
            "1시간내 이동가능 거점":"NA",
            "교통총점":"NA",
            "백화점":100,
            "아울렛몰":0,
            "대형마트":80,
            "은행":0,
            "병원":0,
            "종합병원":100,
            "공원":100,
            "혐오시설":0,
            "인프라총점":65.0,
            "초등학군":89.98,
            "중학군":49.42,
            "학군총점":57.532,
            "인구수":23.57,
            "인구증감":-12.32,
            "인구총점":12.803,
            "일자리":7.57,
            "소득수준":63.68,
            "일자리총점":24.403,
            "가치 총점":49.133,
            "매매실거래년":20160813.0,
            "매매실거래가":19800.0,
            "전세실거래년":null,
            "전세실거래가":null,
            "전세가율":null,
            "장기전세가율평균":71.43,
            "전세가율거품지수":null,
            "검색코드":112591,
            "세대수":260,
            "준공년월":"2016-06-13",
            "준공년차":7,
            "가까운역이름":"NA",
            "가까운역거리":"NA",
            "역세권여부":"NA",
            "30분이내주요거점역":"NA",
            "30분거점역이름":"NA",
            "1시간이내주요거점역":"NA",
            "1시간거점역이름":"NA",
            "3km이내백화점수":2,
            "5km이내아울렛몰수":0,
            "1km이내대형먀트수":1,
            "500m이내은행수":0,
            "500m이내병원수":0,
            "5km이내대형병원수":5,
            "500m이내공원수":8,
            "3km이내혐오시설수":0,
            "초등학교학업성취도":89.98,
            "중학교학업성취도":79.9,
            "용적률":755,
            "건폐율":69,
            "Y":35.560958,
            "X":129.331962,
            "rank":28.0,
            "area_info":"12평(40.67), 12평(41.85), 12평(42.8), 13평(43.16), 13평(43.12), 15평(51.26), 15평(51.26), 15평(52.29), 19평(63.36), 21평(70.5)",
            "last_sales":"2016-08-13,19800.0,21평(70.5)",
            "rank_history":[
                [
                    "202203",
                    28
                ],
                [
                    "202202",
                    22
                ],
                [
                    "202201",
                    35
                ]
            ],
            "rank_gap":-6
        },
        {
            "index":361,
            "아파트명":"에일린의뜰3차",
            "투자타입":"일반",
            "전용면적(m2)":"111.25",
            "전용면적(평)":"33평",
            "법정동주소":"울산시 중구 유곡동 271-2",
            "도로명주소":"울산시 중구 종가로 245",
            "세대수":50,
            "입주년차":80,
            "용적률점수":"--",
            "건폐율점수":"--",
            "세대당주차수":60,
            "난방방식":30,
            "공급면적":"--",
            "전용률":"--",
            "욕실수":100,
            "현관타입":100,
            "주거총점":65.5,
            "지역구공급총점":0.0,
            "역세권":"NA",
            "30분내 이동가능 거점":"NA",
            "1시간내 이동가능 거점":"NA",
            "교통총점":"NA",
            "백화점":0,
            "아울렛몰":0,
            "대형마트":0,
            "은행":20,
            "병원":0,
            "종합병원":100,
            "공원":100,
            "혐오시설":0,
            "인프라총점":25.0,
            "초등학군":90.0,
            "중학군":54.6,
            "학군총점":61.68,
            "인구수":23.57,
            "인구증감":-12.32,
            "인구총점":12.803,
            "일자리":7.57,
            "소득수준":63.68,
            "일자리총점":24.403,
            "가치 총점":48.345,
            "매매실거래년":20220123.0,
            "매매실거래가":65000.0,
            "전세실거래년":20220122.0,
            "전세실거래가":28350.0,
            "전세가율":47.41,
            "장기전세가율평균":71.43,
            "전세가율거품지수":24.02,
            "검색코드":105812,
            "세대수":685,
            "준공년월":"2014-07-31",
            "준공년차":9,
            "가까운역이름":"NA",
            "가까운역거리":"NA",
            "역세권여부":"NA",
            "30분이내주요거점역":"NA",
            "30분거점역이름":"NA",
            "1시간이내주요거점역":"NA",
            "1시간거점역이름":"NA",
            "3km이내백화점수":0,
            "5km이내아울렛몰수":0,
            "1km이내대형먀트수":0,
            "500m이내은행수":2,
            "500m이내병원수":0,
            "5km이내대형병원수":5,
            "500m이내공원수":2,
            "3km이내혐오시설수":0,
            "초등학교학업성취도":90.0,
            "중학교학업성취도":87.6,
            "용적률":179,
            "건폐율":14,
            "Y":35.565027,
            "X":129.304365,
            "rank":29.0,
            "area_info":"33평(111.25), 33평(111.01), 38평(127.43), 38평(128.12), 42평(140.52)",
            "last_sales":"2022-01-23,65000.0,38평(127.43)",
            "rank_history":[
                [
                    "202203",
                    29
                ],
                [
                    "202202",
                    24
                ],
                [
                    "202201",
                    28
                ]
            ],
            "rank_gap":-5
        },
        {
            "index":493,
            "아파트명":"남운학성타운",
            "투자타입":"재건축",
            "전용면적(m2)":"89.48",
            "전용면적(평)":"27평",
            "법정동주소":"울산시 중구 학성동 379",
            "도로명주소":"울산시 중구 학성4길 61",
            "세대수":0,
            "입주년차":"--",
            "용적률점수":0,
            "건폐율점수":80,
            "세대당주차수":"--",
            "난방방식":"--",
            "공급면적":70,
            "전용률":60,
            "욕실수":"--",
            "현관타입":"--",
            "주거총점":22.5,
            "지역구공급총점":0.0,
            "역세권":"NA",
            "30분내 이동가능 거점":"NA",
            "1시간내 이동가능 거점":"NA",
            "교통총점":"NA",
            "백화점":100,
            "아울렛몰":0,
            "대형마트":80,
            "은행":0,
            "병원":0,
            "종합병원":100,
            "공원":100,
            "혐오시설":0,
            "인프라총점":65.0,
            "초등학군":90.04,
            "중학군":49.42,
            "학군총점":57.544,
            "인구수":23.57,
            "인구증감":-12.32,
            "인구총점":12.803,
            "일자리":7.57,
            "소득수준":63.68,
            "일자리총점":24.403,
            "가치 총점":48.261,
            "매매실거래년":20210804.0,
            "매매실거래가":34500.0,
            "전세실거래년":20200919.0,
            "전세실거래가":15000.0,
            "전세가율":111.94,
            "장기전세가율평균":71.43,
            "전세가율거품지수":-40.51,
            "검색코드":6537,
            "세대수":274,
            "준공년월":"1991-09-19",
            "준공년차":32,
            "가까운역이름":"NA",
            "가까운역거리":"NA",
            "역세권여부":"NA",
            "30분이내주요거점역":"NA",
            "30분거점역이름":"NA",
            "1시간이내주요거점역":"NA",
            "1시간거점역이름":"NA",
            "3km이내백화점수":2,
            "5km이내아울렛몰수":0,
            "1km이내대형먀트수":1,
            "500m이내은행수":0,
            "500m이내병원수":0,
            "5km이내대형병원수":5,
            "500m이내공원수":8,
            "3km이내혐오시설수":0,
            "초등학교학업성취도":90.04,
            "중학교학업성취도":79.9,
            "용적률":264,
            "건폐율":23,
            "Y":35.558483,
            "X":129.33169,
            "rank":30.0,
            "area_info":"27평(89.48), 27평(91.36), 30평(100.87), 30평(101.43), 35평(118.74), 39평(130.6), 47평(156.01), 47평(158.46)",
            "last_sales":"2021-08-04,34500.0,47평(158.46)",
            "rank_history":[
                [
                    "202203",
                    30
                ],
                [
                    "202202",
                    23
                ],
                [
                    "202201",
                    38
                ]
            ],
            "rank_gap":-7
        },
        {
            "index":423,
            "아파트명":"리버스위트",
            "투자타입":"일반",
            "전용면적(m2)":"73.65",
            "전용면적(평)":"22평",
            "법정동주소":"울산시 중구 태화동 37-7",
            "도로명주소":"울산시 중구 화진길 13-2",
            "세대수":0,
            "입주년차":40,
            "용적률점수":"--",
            "건폐율점수":"--",
            "세대당주차수":30,
            "난방방식":30,
            "공급면적":"--",
            "전용률":"--",
            "욕실수":50,
            "현관타입":100,
            "주거총점":30.5,
            "지역구공급총점":0.0,
            "역세권":"NA",
            "30분내 이동가능 거점":"NA",
            "1시간내 이동가능 거점":"NA",
            "교통총점":"NA",
            "백화점":100,
            "아울렛몰":0,
            "대형마트":0,
            "은행":20,
            "병원":0,
            "종합병원":100,
            "공원":100,
            "혐오시설":0,
            "인프라총점":55.0,
            "초등학군":89.99,
            "중학군":54.6,
            "학군총점":61.678,
            "인구수":23.57,
            "인구증감":-12.32,
            "인구총점":12.803,
            "일자리":7.57,
            "소득수준":63.68,
            "일자리총점":24.403,
            "가치 총점":48.0945,
            "매매실거래년":20220120.0,
            "매매실거래가":29000.0,
            "전세실거래년":20200207.0,
            "전세실거래가":15000.0,
            "전세가율":68.18,
            "장기전세가율평균":71.43,
            "전세가율거품지수":3.25,
            "검색코드":22427,
            "세대수":186,
            "준공년월":"2007-07-25",
            "준공년차":16,
            "가까운역이름":"NA",
            "가까운역거리":"NA",
            "역세권여부":"NA",
            "30분이내주요거점역":"NA",
            "30분거점역이름":"NA",
            "1시간이내주요거점역":"NA",
            "1시간거점역이름":"NA",
            "3km이내백화점수":1,
            "5km이내아울렛몰수":0,
            "1km이내대형먀트수":0,
            "500m이내은행수":2,
            "500m이내병원수":0,
            "5km이내대형병원수":5,
            "500m이내공원수":8,
            "3km이내혐오시설수":0,
            "초등학교학업성취도":89.99,
            "중학교학업성취도":87.6,
            "용적률":800,
            "건폐율":79,
            "Y":35.555021,
            "X":129.30867,
            "rank":31.0,
            "area_info":"22평(73.65), 35평(115.81), 34평(115.48), 35평(116.02), 35평(116.02)",
            "last_sales":"2022-01-20,29000.0,34평(115.48)",
            "rank_history":[
                [
                    "202203",
                    31
                ],
                [
                    "202202",
                    25
                ],
                [
                    "202201",
                    22
                ]
            ],
            "rank_gap":-6
        },
        {
            "index":368,
            "아파트명":"우정혁신도시동원로얄듀크2차",
            "투자타입":"일반",
            "전용면적(m2)":"109.86",
            "전용면적(평)":"33평",
            "법정동주소":"울산시 중구 유곡동 215",
            "도로명주소":"울산시 중구 종가4길 10",
            "세대수":50,
            "입주년차":80,
            "용적률점수":"--",
            "건폐율점수":"--",
            "세대당주차수":60,
            "난방방식":30,
            "공급면적":"--",
            "전용률":"--",
            "욕실수":100,
            "현관타입":100,
            "주거총점":65.5,
            "지역구공급총점":0.0,
            "역세권":"NA",
            "30분내 이동가능 거점":"NA",
            "1시간내 이동가능 거점":"NA",
            "교통총점":"NA",
            "백화점":0,
            "아울렛몰":0,
            "대형마트":0,
            "은행":0,
            "병원":0,
            "종합병원":100,
            "공원":100,
            "혐오시설":0,
            "인프라총점":23.0,
            "초등학군":90.0,
            "중학군":54.6,
            "학군총점":61.68,
            "인구수":23.57,
            "인구증감":-12.32,
            "인구총점":12.803,
            "일자리":7.57,
            "소득수준":63.68,
            "일자리총점":24.403,
            "가치 총점":47.545,
            "매매실거래년":20220126.0,
            "매매실거래가":61000.0,
            "전세실거래년":20220221.0,
            "전세실거래가":47000.0,
            "전세가율":77.05,
            "장기전세가율평균":71.43,
            "전세가율거품지수":-5.62,
            "검색코드":104908,
            "세대수":652,
            "준공년월":"2014-06-27",
            "준공년차":9,
            "가까운역이름":"NA",
            "가까운역거리":"NA",
            "역세권여부":"NA",
            "30분이내주요거점역":"NA",
            "30분거점역이름":"NA",
            "1시간이내주요거점역":"NA",
            "1시간거점역이름":"NA",
            "3km이내백화점수":0,
            "5km이내아울렛몰수":0,
            "1km이내대형먀트수":0,
            "500m이내은행수":0,
            "500m이내병원수":0,
            "5km이내대형병원수":4,
            "500m이내공원수":5,
            "3km이내혐오시설수":0,
            "초등학교학업성취도":90.0,
            "중학교학업성취도":87.6,
            "용적률":178,
            "건폐율":14,
            "Y":35.561334,
            "X":129.29419,
            "rank":32.0,
            "area_info":"33평(109.86), 33평(109.38)",
            "last_sales":"2022-01-26,61000.0,33평(109.86)",
            "rank_history":[
                [
                    "202203",
                    32
                ],
                [
                    "202202",
                    26
                ],
                [
                    "202201",
                    32
                ]
            ],
            "rank_gap":-6
        },
        {
            "index":105,
            "아파트명":"이주아트빌",
            "투자타입":"일반",
            "전용면적(m2)":"73.35",
            "전용면적(평)":"22평",
            "법정동주소":"울산시 중구 반구동 57-5",
            "도로명주소":"울산시 중구 구교6길 6",
            "세대수":0,
            "입주년차":20,
            "용적률점수":"--",
            "건폐율점수":"--",
            "세대당주차수":0,
            "난방방식":30,
            "공급면적":"--",
            "전용률":"--",
            "욕실수":50,
            "현관타입":50,
            "주거총점":17.0,
            "지역구공급총점":0.0,
            "역세권":"NA",
            "30분내 이동가능 거점":"NA",
            "1시간내 이동가능 거점":"NA",
            "교통총점":"NA",
            "백화점":100,
            "아울렛몰":0,
            "대형마트":100,
            "은행":0,
            "병원":0,
            "종합병원":100,
            "공원":100,
            "혐오시설":0,
            "인프라총점":68.0,
            "초등학군":90.0,
            "중학군":49.42,
            "학군총점":57.536,
            "인구수":23.57,
            "인구증감":-12.32,
            "인구총점":12.803,
            "일자리":7.57,
            "소득수준":63.68,
            "일자리총점":24.403,
            "가치 총점":47.534,
            "매매실거래년":20211102.0,
            "매매실거래가":16000.0,
            "전세실거래년":null,
            "전세실거래가":null,
            "전세가율":null,
            "장기전세가율평균":71.43,
            "전세가율거품지수":null,
            "검색코드":27294,
            "세대수":78,
            "준공년월":"2003-07-28",
            "준공년차":20,
            "가까운역이름":"NA",
            "가까운역거리":"NA",
            "역세권여부":"NA",
            "30분이내주요거점역":"NA",
            "30분거점역이름":"NA",
            "1시간이내주요거점역":"NA",
            "1시간거점역이름":"NA",
            "3km이내백화점수":2,
            "5km이내아울렛몰수":0,
            "1km이내대형먀트수":2,
            "500m이내은행수":1,
            "500m이내병원수":0,
            "5km이내대형병원수":5,
            "500m이내공원수":10,
            "3km이내혐오시설수":0,
            "초등학교학업성취도":90.0,
            "중학교학업성취도":79.9,
            "용적률":568,
            "건폐율":68,
            "Y":35.56275,
            "X":129.337816,
            "rank":33.0,
            "area_info":"22평(73.35), 22평(74.84), 23평(76.4), 26평(87.82), 27평(91.53), 28평(93.01), 32평(106.91)",
            "last_sales":"2021-11-02,16000.0,32평(106.91)",
            "rank_history":[
                [
                    "202203",
                    33
                ],
                [
                    "202202",
                    9999
                ]
            ],
            "rank_gap":9999
        },
        {
            "index":112,
            "아파트명":"천지강변",
            "투자타입":"일반",
            "전용면적(m2)":"101.38",
            "전용면적(평)":"30평",
            "법정동주소":"울산시 중구 반구동 794-8",
            "도로명주소":"울산시 중구 내황7길 113",
            "세대수":0,
            "입주년차":40,
            "용적률점수":"--",
            "건폐율점수":"--",
            "세대당주차수":30,
            "난방방식":30,
            "공급면적":"--",
            "전용률":"--",
            "욕실수":100,
            "현관타입":50,
            "주거총점":30.5,
            "지역구공급총점":0.0,
            "역세권":"NA",
            "30분내 이동가능 거점":"NA",
            "1시간내 이동가능 거점":"NA",
            "교통총점":"NA",
            "백화점":100,
            "아울렛몰":0,
            "대형마트":0,
            "은행":0,
            "병원":0,
            "종합병원":100,
            "공원":100,
            "혐오시설":0,
            "인프라총점":53.0,
            "초등학군":90.0,
            "중학군":55.06,
            "학군총점":62.048,
            "인구수":23.57,
            "인구증감":-12.32,
            "인구총점":12.803,
            "일자리":7.57,
            "소득수준":63.68,
            "일자리총점":24.403,
            "가치 총점":47.387,
            "매매실거래년":20210503.0,
            "매매실거래가":26000.0,
            "전세실거래년":20210817.0,
            "전세실거래가":15225.0,
            "전세가율":58.56,
            "장기전세가율평균":71.43,
            "전세가율거품지수":12.87,
            "검색코드":105808,
            "세대수":76,
            "준공년월":"2004-07-16",
            "준공년차":19,
            "가까운역이름":"NA",
            "가까운역거리":"NA",
            "역세권여부":"NA",
            "30분이내주요거점역":"NA",
            "30분거점역이름":"NA",
            "1시간이내주요거점역":"NA",
            "1시간거점역이름":"NA",
            "3km이내백화점수":2,
            "5km이내아울렛몰수":0,
            "1km이내대형먀트수":0,
            "500m이내은행수":0,
            "500m이내병원수":0,
            "5km이내대형병원수":5,
            "500m이내공원수":4,
            "3km이내혐오시설수":0,
            "초등학교학업성취도":90.0,
            "중학교학업성취도":89.9,
            "용적률":0,
            "건폐율":0,
            "Y":35.551049,
            "X":129.345331,
            "rank":34.0,
            "area_info":"30평(101.38), 32평(106.85)",
            "last_sales":"2021-05-03,26000.0,30평(101.38)",
            "rank_history":[
                [
                    "202203",
                    34
                ],
                [
                    "202202",
                    9999
                ]
            ],
            "rank_gap":9999
        },
        {
            "index":118,
            "아파트명":"현대그랜드맨션",
            "투자타입":"일반",
            "전용면적(m2)":"59.5",
            "전용면적(평)":"17평",
            "법정동주소":"울산시 중구 반구동 290-3",
            "도로명주소":"울산시 중구 반구정9길 20",
            "세대수":0,
            "입주년차":0,
            "용적률점수":"--",
            "건폐율점수":"--",
            "세대당주차수":0,
            "난방방식":30,
            "공급면적":"--",
            "전용률":"--",
            "욕실수":50,
            "현관타입":100,
            "주거총점":18.0,
            "지역구공급총점":0.0,
            "역세권":"NA",
            "30분내 이동가능 거점":"NA",
            "1시간내 이동가능 거점":"NA",
            "교통총점":"NA",
            "백화점":100,
            "아울렛몰":0,
            "대형마트":80,
            "은행":0,
            "병원":0,
            "종합병원":100,
            "공원":100,
            "혐오시설":0,
            "인프라총점":65.0,
            "초등학군":90.0,
            "중학군":52.28,
            "학군총점":59.824,
            "인구수":23.57,
            "인구증감":-12.32,
            "인구총점":12.803,
            "일자리":7.57,
            "소득수준":63.68,
            "일자리총점":24.403,
            "가치 총점":47.256,
            "매매실거래년":20220205.0,
            "매매실거래가":13400.0,
            "전세실거래년":null,
            "전세실거래가":null,
            "전세가율":null,
            "장기전세가율평균":71.43,
            "전세가율거품지수":null,
            "검색코드":14737,
            "세대수":230,
            "준공년월":"1993-09-28",
            "준공년차":30,
            "가까운역이름":"NA",
            "가까운역거리":"NA",
            "역세권여부":"NA",
            "30분이내주요거점역":"NA",
            "30분거점역이름":"NA",
            "1시간이내주요거점역":"NA",
            "1시간거점역이름":"NA",
            "3km이내백화점수":2,
            "5km이내아울렛몰수":0,
            "1km이내대형먀트수":1,
            "500m이내은행수":0,
            "500m이내병원수":0,
            "5km이내대형병원수":5,
            "500m이내공원수":8,
            "3km이내혐오시설수":0,
            "초등학교학업성취도":90.0,
            "중학교학업성취도":84.8,
            "용적률":172,
            "건폐율":28,
            "Y":35.557826,
            "X":129.348565,
            "rank":35.0,
            "area_info":"17평(59.5), 20평(69.42), 24평(81.23), 31평(102.48)",
            "last_sales":"2022-02-05,13400.0,24평(81.23)",
            "rank_history":[
                [
                    "202203",
                    35
                ],
                [
                    "202202",
                    27
                ],
                [
                    "202201",
                    26
                ]
            ],
            "rank_gap":-8
        },
        {
            "index":114,
            "아파트명":"한라그랜드맨션",
            "투자타입":"일반",
            "전용면적(m2)":"59.89",
            "전용면적(평)":"18평",
            "법정동주소":"울산시 중구 반구동 290-2",
            "도로명주소":"울산시 중구 반구정9길 10",
            "세대수":0,
            "입주년차":0,
            "용적률점수":"--",
            "건폐율점수":"--",
            "세대당주차수":0,
            "난방방식":30,
            "공급면적":"--",
            "전용률":"--",
            "욕실수":50,
            "현관타입":100,
            "주거총점":18.0,
            "지역구공급총점":0.0,
            "역세권":"NA",
            "30분내 이동가능 거점":"NA",
            "1시간내 이동가능 거점":"NA",
            "교통총점":"NA",
            "백화점":100,
            "아울렛몰":0,
            "대형마트":80,
            "은행":0,
            "병원":0,
            "종합병원":100,
            "공원":100,
            "혐오시설":0,
            "인프라총점":65.0,
            "초등학군":90.0,
            "중학군":52.28,
            "학군총점":59.824,
            "인구수":23.57,
            "인구증감":-12.32,
            "인구총점":12.803,
            "일자리":7.57,
            "소득수준":63.68,
            "일자리총점":24.403,
            "가치 총점":47.256,
            "매매실거래년":20211216.0,
            "매매실거래가":22500.0,
            "전세실거래년":20201213.0,
            "전세실거래가":6000.0,
            "전세가율":75.0,
            "장기전세가율평균":71.43,
            "전세가율거품지수":-3.57,
            "검색코드":14735,
            "세대수":238,
            "준공년월":"1994-12-12",
            "준공년차":29,
            "가까운역이름":"NA",
            "가까운역거리":"NA",
            "역세권여부":"NA",
            "30분이내주요거점역":"NA",
            "30분거점역이름":"NA",
            "1시간이내주요거점역":"NA",
            "1시간거점역이름":"NA",
            "3km이내백화점수":2,
            "5km이내아울렛몰수":0,
            "1km이내대형먀트수":1,
            "500m이내은행수":0,
            "500m이내병원수":0,
            "5km이내대형병원수":5,
            "500m이내공원수":8,
            "3km이내혐오시설수":0,
            "초등학교학업성취도":90.0,
            "중학교학업성취도":84.8,
            "용적률":351,
            "건폐율":28,
            "Y":35.55736,
            "X":129.34861,
            "rank":35.0,
            "area_info":"18평(59.89), 21평(70.36), 23평(77.23), 31평(103.42)",
            "last_sales":"2021-12-16,22500.0,31평(103.42)",
            "rank_history":[
                [
                    "202203",
                    35
                ],
                [
                    "202202",
                    27
                ],
                [
                    "202201",
                    30
                ]
            ],
            "rank_gap":-8
        },
        {
            "index":388,
            "아파트명":"에일린의뜰2차",
            "투자타입":"일반",
            "전용면적(m2)":"98.23",
            "전용면적(평)":"29평",
            "법정동주소":"울산시 중구 장현동 191",
            "도로명주소":"울산시 중구 종가로 730",
            "세대수":80,
            "입주년차":60,
            "용적률점수":"--",
            "건폐율점수":"--",
            "세대당주차수":30,
            "난방방식":30,
            "공급면적":"--",
            "전용률":"--",
            "욕실수":100,
            "현관타입":100,
            "주거총점":67.5,
            "지역구공급총점":0.0,
            "역세권":"NA",
            "30분내 이동가능 거점":"NA",
            "1시간내 이동가능 거점":"NA",
            "교통총점":"NA",
            "백화점":0,
            "아울렛몰":0,
            "대형마트":0,
            "은행":0,
            "병원":0,
            "종합병원":100,
            "공원":100,
            "혐오시설":0,
            "인프라총점":23.0,
            "초등학군":89.99,
            "중학군":48.48,
            "학군총점":56.782,
            "인구수":23.57,
            "인구증감":-12.32,
            "인구총점":12.803,
            "일자리":7.57,
            "소득수준":63.68,
            "일자리총점":24.403,
            "가치 총점":47.0205,
            "매매실거래년":20211022.0,
            "매매실거래가":49000.0,
            "전세실거래년":20220115.0,
            "전세실거래가":35000.0,
            "전세가율":86.42,
            "장기전세가율평균":71.43,
            "전세가율거품지수":-14.99,
            "검색코드":103959,
            "세대수":712,
            "준공년월":"2013-10-28",
            "준공년차":10,
            "가까운역이름":"NA",
            "가까운역거리":"NA",
            "역세권여부":"NA",
            "30분이내주요거점역":"NA",
            "30분거점역이름":"NA",
            "1시간이내주요거점역":"NA",
            "1시간거점역이름":"NA",
            "3km이내백화점수":0,
            "5km이내아울렛몰수":0,
            "1km이내대형먀트수":0,
            "500m이내은행수":0,
            "500m이내병원수":0,
            "5km이내대형병원수":4,
            "500m이내공원수":8,
            "3km이내혐오시설수":0,
            "초등학교학업성취도":89.99,
            "중학교학업성취도":80.2,
            "용적률":158,
            "건폐율":21,
            "Y":35.585983,
            "X":129.344481,
            "rank":36.0,
            "area_info":"29평(98.23), 29평(98.28), 33평(109.68), 33평(110.88)",
            "last_sales":"2021-10-22,49000.0,33평(109.68)",
            "rank_history":[
                [
                    "202203",
                    36
                ],
                [
                    "202202",
                    28
                ],
                [
                    "202201",
                    31
                ]
            ],
            "rank_gap":-8
        },
        {
            "index":472,
            "아파트명":"정림탑스빌",
            "투자타입":"일반",
            "전용면적(m2)":"68.69",
            "전용면적(평)":"20평",
            "법정동주소":"울산시 중구 학산동 93-3",
            "도로명주소":"울산시 중구 장춘로 164",
            "세대수":0,
            "입주년차":40,
            "용적률점수":"--",
            "건폐율점수":"--",
            "세대당주차수":0,
            "난방방식":30,
            "공급면적":"--",
            "전용률":"--",
            "욕실수":50,
            "현관타입":100,
            "주거총점":26.0,
            "지역구공급총점":0.0,
            "역세권":"NA",
            "30분내 이동가능 거점":"NA",
            "1시간내 이동가능 거점":"NA",
            "교통총점":"NA",
            "백화점":100,
            "아울렛몰":0,
            "대형마트":0,
            "은행":20,
            "병원":0,
            "종합병원":100,
            "공원":100,
            "혐오시설":0,
            "인프라총점":55.0,
            "초등학군":90.04,
            "중학군":54.06,
            "학군총점":61.256,
            "인구수":23.57,
            "인구증감":-12.32,
            "인구총점":12.803,
            "일자리":7.57,
            "소득수준":63.68,
            "일자리총점":24.403,
            "가치 총점":46.414,
            "매매실거래년":20211202.0,
            "매매실거래가":24000.0,
            "전세실거래년":null,
            "전세실거래가":null,
            "전세가율":null,
            "장기전세가율평균":71.43,
            "전세가율거품지수":null,
            "검색코드":101104,
            "세대수":113,
            "준공년월":"2004-01-20",
            "준공년차":19,
            "가까운역이름":"NA",
            "가까운역거리":"NA",
            "역세권여부":"NA",
            "30분이내주요거점역":"NA",
            "30분거점역이름":"NA",
            "1시간이내주요거점역":"NA",
            "1시간거점역이름":"NA",
            "3km이내백화점수":2,
            "5km이내아울렛몰수":0,
            "1km이내대형먀트수":0,
            "500m이내은행수":2,
            "500m이내병원수":0,
            "5km이내대형병원수":5,
            "500m이내공원수":8,
            "3km이내혐오시설수":0,
            "초등학교학업성취도":90.04,
            "중학교학업성취도":90.1,
            "용적률":532,
            "건폐율":79,
            "Y":35.558661,
            "X":129.326101,
            "rank":37.0,
            "area_info":"20평(68.69), 24평(82.64), 31평(105.72), 32평(106.77), 32평(106.78), 32평(106.02)",
            "last_sales":"2021-12-02,24000.0,32평(106.77)",
            "rank_history":[
                [
                    "202203",
                    37
                ],
                [
                    "202202",
                    29
                ],
                [
                    "202201",
                    24
                ]
            ],
            "rank_gap":-8
        },
        {
            "index":260,
            "아파트명":"래미안1단지",
            "투자타입":"일반",
            "전용면적(m2)":"78.71",
            "전용면적(평)":"23평",
            "법정동주소":"울산시 중구 약사동 612-38",
            "도로명주소":"울산시 중구 약사로 10",
            "세대수":50,
            "입주년차":20,
            "용적률점수":"--",
            "건폐율점수":"--",
            "세대당주차수":30,
            "난방방식":30,
            "공급면적":"--",
            "전용률":"--",
            "욕실수":100,
            "현관타입":100,
            "주거총점":49.0,
            "지역구공급총점":0.0,
            "역세권":"NA",
            "30분내 이동가능 거점":"NA",
            "1시간내 이동가능 거점":"NA",
            "교통총점":"NA",
            "백화점":0,
            "아울렛몰":0,
            "대형마트":100,
            "은행":0,
            "병원":0,
            "종합병원":100,
            "공원":100,
            "혐오시설":0,
            "인프라총점":38.0,
            "초등학군":89.99,
            "중학군":47.8,
            "학군총점":56.238,
            "인구수":23.57,
            "인구증감":-12.32,
            "인구총점":12.803,
            "일자리":7.57,
            "소득수준":63.68,
            "일자리총점":24.403,
            "가치 총점":46.4095,
            "매매실거래년":20211226.0,
            "매매실거래가":39800.0,
            "전세실거래년":20211013.0,
            "전세실거래가":35000.0,
            "전세가율":87.94,
            "장기전세가율평균":71.43,
            "전세가율거품지수":-16.51,
            "검색코드":14746,
            "세대수":594,
            "준공년월":"2001-12-21",
            "준공년차":22,
            "가까운역이름":"NA",
            "가까운역거리":"NA",
            "역세권여부":"NA",
            "30분이내주요거점역":"NA",
            "30분거점역이름":"NA",
            "1시간이내주요거점역":"NA",
            "1시간거점역이름":"NA",
            "3km이내백화점수":0,
            "5km이내아울렛몰수":0,
            "1km이내대형먀트수":2,
            "500m이내은행수":1,
            "500m이내병원수":0,
            "5km이내대형병원수":4,
            "500m이내공원수":8,
            "3km이내혐오시설수":0,
            "초등학교학업성취도":89.99,
            "중학교학업성취도":78.0,
            "용적률":168,
            "건폐율":17,
            "Y":35.567487,
            "X":129.33902,
            "rank":38.0,
            "area_info":"23평(78.71), 32평(106.32), 37평(124.91), 44평(148.56)",
            "last_sales":"2021-12-26,39800.0,23평(78.71)",
            "rank_history":[
                [
                    "202203",
                    38
                ],
                [
                    "202202",
                    30
                ],
                [
                    "202201",
                    25
                ]
            ],
            "rank_gap":-8
        },
        {
            "index":386,
            "아파트명":"골드클래스",
            "투자타입":"일반",
            "전용면적(m2)":"99.33",
            "전용면적(평)":"30평",
            "법정동주소":"울산시 중구 장현동 181",
            "도로명주소":"울산시 중구 종가로 760",
            "세대수":50,
            "입주년차":80,
            "용적률점수":"--",
            "건폐율점수":"--",
            "세대당주차수":60,
            "난방방식":30,
            "공급면적":"--",
            "전용률":"--",
            "욕실수":100,
            "현관타입":100,
            "주거총점":65.5,
            "지역구공급총점":0.0,
            "역세권":"NA",
            "30분내 이동가능 거점":"NA",
            "1시간내 이동가능 거점":"NA",
            "교통총점":"NA",
            "백화점":0,
            "아울렛몰":0,
            "대형마트":0,
            "은행":0,
            "병원":0,
            "종합병원":100,
            "공원":100,
            "혐오시설":0,
            "인프라총점":23.0,
            "초등학군":89.99,
            "중학군":48.48,
            "학군총점":56.782,
            "인구수":23.57,
            "인구증감":-12.32,
            "인구총점":12.803,
            "일자리":7.57,
            "소득수준":63.68,
            "일자리총점":24.403,
            "가치 총점":46.3205,
            "매매실거래년":20220123.0,
            "매매실거래가":42000.0,
            "전세실거래년":20211022.0,
            "전세실거래가":31000.0,
            "전세가율":73.81,
            "장기전세가율평균":71.43,
            "전세가율거품지수":-2.38,
            "검색코드":130725,
            "세대수":478,
            "준공년월":"2014-05-28",
            "준공년차":9,
            "가까운역이름":"NA",
            "가까운역거리":"NA",
            "역세권여부":"NA",
            "30분이내주요거점역":"NA",
            "30분거점역이름":"NA",
            "1시간이내주요거점역":"NA",
            "1시간거점역이름":"NA",
            "3km이내백화점수":0,
            "5km이내아울렛몰수":0,
            "1km이내대형먀트수":0,
            "500m이내은행수":0,
            "500m이내병원수":0,
            "5km이내대형병원수":3,
            "500m이내공원수":6,
            "3km이내혐오시설수":0,
            "초등학교학업성취도":89.99,
            "중학교학업성취도":80.2,
            "용적률":158,
            "건폐율":19,
            "Y":35.587816,
            "X":129.345072,
            "rank":39.0,
            "area_info":"30평(99.33), 33평(110.17)",
            "last_sales":"2022-01-23,42000.0,30평(99.33)",
            "rank_history":[
                [
                    "202203",
                    39
                ],
                [
                    "202202",
                    31
                ],
                [
                    "202201",
                    34
                ]
            ],
            "rank_gap":-8
        },
        {
            "index":380,
            "아파트명":"유곡e편한세상",
            "투자타입":"일반",
            "전용면적(m2)":"108.67",
            "전용면적(평)":"32평",
            "법정동주소":"울산시 중구 유곡동 142",
            "도로명주소":"울산시 중구 평동3길 2",
            "세대수":50,
            "입주년차":60,
            "용적률점수":"--",
            "건폐율점수":"--",
            "세대당주차수":60,
            "난방방식":30,
            "공급면적":"--",
            "전용률":"--",
            "욕실수":100,
            "현관타입":100,
            "주거총점":61.5,
            "지역구공급총점":0.0,
            "역세권":"NA",
            "30분내 이동가능 거점":"NA",
            "1시간내 이동가능 거점":"NA",
            "교통총점":"NA",
            "백화점":0,
            "아울렛몰":0,
            "대형마트":0,
            "은행":0,
            "병원":0,
            "종합병원":100,
            "공원":100,
            "혐오시설":0,
            "인프라총점":23.0,
            "초등학군":89.99,
            "중학군":54.6,
            "학군총점":61.678,
            "인구수":23.57,
            "인구증감":-12.32,
            "인구총점":12.803,
            "일자리":7.57,
            "소득수준":63.68,
            "일자리총점":24.403,
            "가치 총점":46.1445,
            "매매실거래년":20220125.0,
            "매매실거래가":76000.0,
            "전세실거래년":20211026.0,
            "전세실거래가":45000.0,
            "전세가율":76.53,
            "장기전세가율평균":71.43,
            "전세가율거품지수":-5.1,
            "검색코드":101383,
            "세대수":651,
            "준공년월":"2010-02-24",
            "준공년차":13,
            "가까운역이름":"NA",
            "가까운역거리":"NA",
            "역세권여부":"NA",
            "30분이내주요거점역":"NA",
            "30분거점역이름":"NA",
            "1시간이내주요거점역":"NA",
            "1시간거점역이름":"NA",
            "3km이내백화점수":0,
            "5km이내아울렛몰수":0,
            "1km이내대형먀트수":0,
            "500m이내은행수":1,
            "500m이내병원수":0,
            "5km이내대형병원수":5,
            "500m이내공원수":12,
            "3km이내혐오시설수":0,
            "초등학교학업성취도":89.99,
            "중학교학업성취도":87.6,
            "용적률":248,
            "건폐율":17,
            "Y":35.560208,
            "X":129.302489,
            "rank":40.0,
            "area_info":"32평(108.67), 32평(108.4), 33평(109.77), 48평(160.88), 48평(161.49), 60평(199.79)",
            "last_sales":"2022-01-25,76000.0,48평(161.49)",
            "rank_history":[
                [
                    "202203",
                    40
                ],
                [
                    "202202",
                    33
                ],
                [
                    "202201",
                    36
                ]
            ],
            "rank_gap":-7
        },
        {
            "index":392,
            "아파트명":"SK사원주택",
            "투자타입":"재건축",
            "전용면적(m2)":"67.04",
            "전용면적(평)":"20평",
            "법정동주소":"울산시 중구 태화동 748-10",
            "도로명주소":"울산시 중구 명정3길 24-2",
            "세대수":0,
            "입주년차":"--",
            "용적률점수":100,
            "건폐율점수":80,
            "세대당주차수":"--",
            "난방방식":"--",
            "공급면적":50,
            "전용률":80,
            "욕실수":"--",
            "현관타입":"--",
            "주거총점":62.5,
            "지역구공급총점":0.0,
            "역세권":"NA",
            "30분내 이동가능 거점":"NA",
            "1시간내 이동가능 거점":"NA",
            "교통총점":"NA",
            "백화점":0,
            "아울렛몰":0,
            "대형마트":0,
            "은행":0,
            "병원":0,
            "종합병원":100,
            "공원":100,
            "혐오시설":0,
            "인프라총점":23.0,
            "초등학군":89.99,
            "중학군":52.08,
            "학군총점":59.662,
            "인구수":23.57,
            "인구증감":-12.32,
            "인구총점":12.803,
            "일자리":7.57,
            "소득수준":63.68,
            "일자리총점":24.403,
            "가치 총점":45.9905,
            "매매실거래년":"18000101",
            "매매실거래가":null,
            "전세실거래년":null,
            "전세실거래가":null,
            "전세가율":null,
            "장기전세가율평균":71.43,
            "전세가율거품지수":null,
            "검색코드":14762,
            "세대수":185,
            "준공년월":"1987-11-06",
            "준공년차":36,
            "가까운역이름":"NA",
            "가까운역거리":"NA",
            "역세권여부":"NA",
            "30분이내주요거점역":"NA",
            "30분거점역이름":"NA",
            "1시간이내주요거점역":"NA",
            "1시간거점역이름":"NA",
            "3km이내백화점수":0,
            "5km이내아울렛몰수":0,
            "1km이내대형먀트수":0,
            "500m이내은행수":0,
            "500m이내병원수":0,
            "5km이내대형병원수":4,
            "500m이내공원수":4,
            "3km이내혐오시설수":0,
            "초등학교학업성취도":89.99,
            "중학교학업성취도":85.2,
            "용적률":62,
            "건폐율":21,
            "Y":35.554699,
            "X":129.290036,
            "rank":41.0,
            "area_info":"20평(67.04), 22평(73.44), 24평(81.89), 25평(85.89), 25평(85.53), 33평(112.32)",
            "last_sales":"1800-01-01,nan,20평(67.04)",
            "rank_history":[
                [
                    "202203",
                    41
                ],
                [
                    "202202",
                    32
                ],
                [
                    "202201",
                    19
                ]
            ],
            "rank_gap":-9
        },
        {
            "index":487,
            "아파트명":"남경파크",
            "투자타입":"일반",
            "전용면적(m2)":"97.99",
            "전용면적(평)":"29평",
            "법정동주소":"울산시 중구 학성동 468-1",
            "도로명주소":"울산시 중구 옥교3길 100",
            "세대수":0,
            "입주년차":20,
            "용적률점수":"--",
            "건폐율점수":"--",
            "세대당주차수":30,
            "난방방식":30,
            "공급면적":"--",
            "전용률":"--",
            "욕실수":100,
            "현관타입":50,
            "주거총점":26.5,
            "지역구공급총점":0.0,
            "역세권":"NA",
            "30분내 이동가능 거점":"NA",
            "1시간내 이동가능 거점":"NA",
            "교통총점":"NA",
            "백화점":100,
            "아울렛몰":0,
            "대형마트":0,
            "은행":0,
            "병원":0,
            "종합병원":100,
            "공원":100,
            "혐오시설":0,
            "인프라총점":53.0,
            "초등학군":89.98,
            "중학군":55.06,
            "학군총점":62.044,
            "인구수":23.57,
            "인구증감":-12.32,
            "인구총점":12.803,
            "일자리":7.57,
            "소득수준":63.68,
            "일자리총점":24.403,
            "가치 총점":45.986,
            "매매실거래년":20211027.0,
            "매매실거래가":18000.0,
            "전세실거래년":20170421.0,
            "전세실거래가":17000.0,
            "전세가율":94.44,
            "장기전세가율평균":71.43,
            "전세가율거품지수":-23.01,
            "검색코드":105670,
            "세대수":55,
            "준공년월":"2003-08-30",
            "준공년차":20,
            "가까운역이름":"NA",
            "가까운역거리":"NA",
            "역세권여부":"NA",
            "30분이내주요거점역":"NA",
            "30분거점역이름":"NA",
            "1시간이내주요거점역":"NA",
            "1시간거점역이름":"NA",
            "3km이내백화점수":2,
            "5km이내아울렛몰수":0,
            "1km이내대형먀트수":0,
            "500m이내은행수":0,
            "500m이내병원수":0,
            "5km이내대형병원수":5,
            "500m이내공원수":6,
            "3km이내혐오시설수":0,
            "초등학교학업성취도":89.98,
            "중학교학업성취도":89.9,
            "용적률":327,
            "건폐율":52,
            "Y":35.553184,
            "X":129.331569,
            "rank":42.0,
            "area_info":"29평(97.99)",
            "last_sales":"2021-10-27,18000.0,29평(97.99)",
            "rank_history":[
                [
                    "202203",
                    42
                ],
                [
                    "202202",
                    9999
                ]
            ],
            "rank_gap":9999
        },
        {
            "index":448,
            "아파트명":"우정혁신LH3단지",
            "투자타입":"일반",
            "전용면적(m2)":"82.26",
            "전용면적(평)":"24평",
            "법정동주소":"울산시 중구 태화동 207-2",
            "도로명주소":"울산시 중구 유곡로 99",
            "세대수":50,
            "입주년차":80,
            "용적률점수":"--",
            "건폐율점수":"--",
            "세대당주차수":30,
            "난방방식":30,
            "공급면적":"--",
            "전용률":"--",
            "욕실수":100,
            "현관타입":100,
            "주거총점":61.0,
            "지역구공급총점":0.0,
            "역세권":"NA",
            "30분내 이동가능 거점":"NA",
            "1시간내 이동가능 거점":"NA",
            "교통총점":"NA",
            "백화점":0,
            "아울렛몰":0,
            "대형마트":0,
            "은행":0,
            "병원":0,
            "종합병원":100,
            "공원":100,
            "혐오시설":0,
            "인프라총점":23.0,
            "초등학군":90.0,
            "중학군":54.6,
            "학군총점":61.68,
            "인구수":23.57,
            "인구증감":-12.32,
            "인구총점":12.803,
            "일자리":7.57,
            "소득수준":63.68,
            "일자리총점":24.403,
            "가치 총점":45.97,
            "매매실거래년":20211228.0,
            "매매실거래가":39500.0,
            "전세실거래년":20220212.0,
            "전세실거래가":31000.0,
            "전세가율":68.89,
            "장기전세가율평균":71.43,
            "전세가율거품지수":2.54,
            "검색코드":105442,
            "세대수":492,
            "준공년월":"2014-11-06",
            "준공년차":9,
            "가까운역이름":"NA",
            "가까운역거리":"NA",
            "역세권여부":"NA",
            "30분이내주요거점역":"NA",
            "30분거점역이름":"NA",
            "1시간이내주요거점역":"NA",
            "1시간거점역이름":"NA",
            "3km이내백화점수":0,
            "5km이내아울렛몰수":0,
            "1km이내대형먀트수":0,
            "500m이내은행수":0,
            "500m이내병원수":0,
            "5km이내대형병원수":5,
            "500m이내공원수":12,
            "3km이내혐오시설수":0,
            "초등학교학업성취도":90.0,
            "중학교학업성취도":87.6,
            "용적률":175,
            "건폐율":17,
            "Y":35.559059,
            "X":129.29786,
            "rank":43.0,
            "area_info":"24평(82.26), 24평(82.24), 24평(82.29)",
            "last_sales":"2021-12-28,39500.0,24평(82.24)",
            "rank_history":[
                [
                    "202203",
                    43
                ],
                [
                    "202202",
                    34
                ],
                [
                    "202201",
                    21
                ]
            ],
            "rank_gap":-9
        },
        {
            "index":222,
            "아파트명":"우정혁신도시KCC스위첸",
            "투자타입":"일반",
            "전용면적(m2)":"114.67",
            "전용면적(평)":"34평",
            "법정동주소":"울산시 중구 서동 613",
            "도로명주소":"울산시 중구 종가로 668-10",
            "세대수":50,
            "입주년차":80,
            "용적률점수":"--",
            "건폐율점수":"--",
            "세대당주차수":30,
            "난방방식":30,
            "공급면적":"--",
            "전용률":"--",
            "욕실수":100,
            "현관타입":100,
            "주거총점":61.0,
            "지역구공급총점":0.0,
            "역세권":"NA",
            "30분내 이동가능 거점":"NA",
            "1시간내 이동가능 거점":"NA",
            "교통총점":"NA",
            "백화점":0,
            "아울렛몰":0,
            "대형마트":0,
            "은행":20,
            "병원":0,
            "종합병원":100,
            "공원":100,
            "혐오시설":0,
            "인프라총점":25.0,
            "초등학군":89.99,
            "중학군":48.48,
            "학군총점":56.782,
            "인구수":23.57,
            "인구증감":-12.32,
            "인구총점":12.803,
            "일자리":7.57,
            "소득수준":63.68,
            "일자리총점":24.403,
            "가치 총점":45.5455,
            "매매실거래년":20220215.0,
            "매매실거래가":50500.0,
            "전세실거래년":20220215.0,
            "전세실거래가":40000.0,
            "전세가율":79.21,
            "장기전세가율평균":71.43,
            "전세가율거품지수":-7.78,
            "검색코드":107739,
            "세대수":424,
            "준공년월":"2015-09-16",
            "준공년차":8,
            "가까운역이름":"NA",
            "가까운역거리":"NA",
            "역세권여부":"NA",
            "30분이내주요거점역":"NA",
            "30분거점역이름":"NA",
            "1시간이내주요거점역":"NA",
            "1시간거점역이름":"NA",
            "3km이내백화점수":0,
            "5km이내아울렛몰수":0,
            "1km이내대형먀트수":0,
            "500m이내은행수":2,
            "500m이내병원수":0,
            "5km이내대형병원수":4,
            "500m이내공원수":12,
            "3km이내혐오시설수":0,
            "초등학교학업성취도":89.99,
            "중학교학업성취도":80.2,
            "용적률":149,
            "건폐율":22,
            "Y":35.580617,
            "X":129.340783,
            "rank":44.0,
            "area_info":"34평(114.67), 34평(114.17)",
            "last_sales":"2022-02-15,50500.0,34평(114.67)",
            "rank_history":[
                [
                    "202203",
                    44
                ],
                [
                    "202202",
                    35
                ],
                [
                    "202201",
                    40
                ]
            ],
            "rank_gap":-9
        },
        {
            "index":310,
            "아파트명":"선경2차",
            "투자타입":"일반",
            "전용면적(m2)":"78.72",
            "전용면적(평)":"23평",
            "법정동주소":"울산시 중구 우정동 369-1",
            "도로명주소":"울산시 중구 유곡로 10",
            "세대수":100,
            "입주년차":0,
            "용적률점수":"--",
            "건폐율점수":"--",
            "세대당주차수":30,
            "난방방식":30,
            "공급면적":"--",
            "전용률":"--",
            "욕실수":50,
            "현관타입":100,
            "주거총점":57.5,
            "지역구공급총점":0.0,
            "역세권":"NA",
            "30분내 이동가능 거점":"NA",
            "1시간내 이동가능 거점":"NA",
            "교통총점":"NA",
            "백화점":0,
            "아울렛몰":0,
            "대형마트":0,
            "은행":20,
            "병원":0,
            "종합병원":100,
            "공원":100,
            "혐오시설":0,
            "인프라총점":25.0,
            "초등학군":89.99,
            "중학군":54.6,
            "학군총점":61.678,
            "인구수":23.57,
            "인구증감":-12.32,
            "인구총점":12.803,
            "일자리":7.57,
            "소득수준":63.68,
            "일자리총점":24.403,
            "가치 총점":45.5445,
            "매매실거래년":20220214.0,
            "매매실거래가":31900.0,
            "전세실거래년":20220222.0,
            "전세실거래가":28500.0,
            "전세가율":89.34,
            "장기전세가율평균":71.43,
            "전세가율거품지수":-17.91,
            "검색코드":6410,
            "세대수":1613,
            "준공년월":"1997-07-26",
            "준공년차":26,
            "가까운역이름":"NA",
            "가까운역거리":"NA",
            "역세권여부":"NA",
            "30분이내주요거점역":"NA",
            "30분거점역이름":"NA",
            "1시간이내주요거점역":"NA",
            "1시간거점역이름":"NA",
            "3km이내백화점수":0,
            "5km이내아울렛몰수":0,
            "1km이내대형먀트수":0,
            "500m이내은행수":2,
            "500m이내병원수":0,
            "5km이내대형병원수":5,
            "500m이내공원수":10,
            "3km이내혐오시설수":0,
            "초등학교학업성취도":89.99,
            "중학교학업성취도":87.6,
            "용적률":238,
            "건폐율":15,
            "Y":35.557993,
            "X":129.308916,
            "rank":45.0,
            "area_info":"23평(78.72), 32평(106.19), 36평(122.0), 37평(125.03), 48평(159.02), 67평(223.72)",
            "last_sales":"2022-02-14,31900.0,23평(78.72)",
            "rank_history":[
                [
                    "202203",
                    45
                ],
                [
                    "202202",
                    37
                ],
                [
                    "202201",
                    29
                ]
            ],
            "rank_gap":-8
        },
        {
            "index":19,
            "아파트명":"삼환나우빌2단지",
            "투자타입":"일반",
            "전용면적(m2)":"117.25",
            "전용면적(평)":"35평",
            "법정동주소":"울산시 중구 남외동 508-1",
            "도로명주소":"울산시 중구 남외1길 20",
            "세대수":0,
            "입주년차":60,
            "용적률점수":"--",
            "건폐율점수":"--",
            "세대당주차수":80,
            "난방방식":30,
            "공급면적":"--",
            "전용률":"--",
            "욕실수":100,
            "현관타입":100,
            "주거총점":47.0,
            "지역구공급총점":0.0,
            "역세권":"NA",
            "30분내 이동가능 거점":"NA",
            "1시간내 이동가능 거점":"NA",
            "교통총점":"NA",
            "백화점":0,
            "아울렛몰":0,
            "대형마트":100,
            "은행":0,
            "병원":0,
            "종합병원":100,
            "공원":0,
            "혐오시설":0,
            "인프라총점":35.0,
            "초등학군":89.99,
            "중학군":52.28,
            "학군총점":59.822,
            "인구수":23.57,
            "인구증감":-12.32,
            "인구총점":12.803,
            "일자리":7.57,
            "소득수준":63.68,
            "일자리총점":24.403,
            "가치 총점":45.4055,
            "매매실거래년":20210911.0,
            "매매실거래가":65000.0,
            "전세실거래년":20220126.0,
            "전세실거래가":39000.0,
            "전세가율":108.33,
            "장기전세가율평균":71.43,
            "전세가율거품지수":-36.9,
            "검색코드":102261,
            "세대수":221,
            "준공년월":"2010-03-30",
            "준공년차":13,
            "가까운역이름":"NA",
            "가까운역거리":"NA",
            "역세권여부":"NA",
            "30분이내주요거점역":"NA",
            "30분거점역이름":"NA",
            "1시간이내주요거점역":"NA",
            "1시간거점역이름":"NA",
            "3km이내백화점수":0,
            "5km이내아울렛몰수":0,
            "1km이내대형먀트수":2,
            "500m이내은행수":0,
            "500m이내병원수":0,
            "5km이내대형병원수":4,
            "500m이내공원수":0,
            "3km이내혐오시설수":0,
            "초등학교학업성취도":89.99,
            "중학교학업성취도":84.8,
            "용적률":349,
            "건폐율":32,
            "Y":35.563942,
            "X":129.351315,
            "rank":46.0,
            "area_info":"35평(117.25), 47평(157.71), 49평(163.8), 55평(184.15)",
            "last_sales":"2021-09-11,65000.0,55평(184.15)",
            "rank_history":[
                [
                    "202203",
                    46
                ],
                [
                    "202202",
                    36
                ],
                [
                    "202201",
                    39
                ]
            ],
            "rank_gap":-10
        },
        {
            "index":179,
            "아파트명":"성지",
            "투자타입":"일반",
            "전용면적(m2)":"75.99",
            "전용면적(평)":"22평",
            "법정동주소":"울산시 중구 복산동 186-1",
            "도로명주소":"울산시 중구 도화골길 30",
            "세대수":30,
            "입주년차":100,
            "용적률점수":"--",
            "건폐율점수":"--",
            "세대당주차수":0,
            "난방방식":30,
            "공급면적":"--",
            "전용률":"--",
            "욕실수":50,
            "현관타입":100,
            "주거총점":48.5,
            "지역구공급총점":0.0,
            "역세권":"NA",
            "30분내 이동가능 거점":"NA",
            "1시간내 이동가능 거점":"NA",
            "교통총점":"NA",
            "백화점":0,
            "아울렛몰":0,
            "대형마트":80,
            "은행":0,
            "병원":0,
            "종합병원":100,
            "공원":100,
            "혐오시설":0,
            "인프라총점":35.0,
            "초등학군":90.01,
            "중학군":47.8,
            "학군총점":56.242,
            "인구수":23.57,
            "인구증감":-12.32,
            "인구총점":12.803,
            "일자리":7.57,
            "소득수준":63.68,
            "일자리총점":24.403,
            "가치 총점":45.0355,
            "매매실거래년":20220115.0,
            "매매실거래가":22500.0,
            "전세실거래년":20220115.0,
            "전세실거래가":16000.0,
            "전세가율":92.49,
            "장기전세가율평균":71.43,
            "전세가율거품지수":-21.06,
            "검색코드":6348,
            "세대수":390,
            "준공년월":"2021-01-12",
            "준공년차":2,
            "가까운역이름":"NA",
            "가까운역거리":"NA",
            "역세권여부":"NA",
            "30분이내주요거점역":"NA",
            "30분거점역이름":"NA",
            "1시간이내주요거점역":"NA",
            "1시간거점역이름":"NA",
            "3km이내백화점수":0,
            "5km이내아울렛몰수":0,
            "1km이내대형먀트수":1,
            "500m이내은행수":1,
            "500m이내병원수":0,
            "5km이내대형병원수":5,
            "500m이내공원수":8,
            "3km이내혐오시설수":0,
            "초등학교학업성취도":90.01,
            "중학교학업성취도":78.0,
            "용적률":271,
            "건폐율":25,
            "Y":35.566614,
            "X":129.329872,
            "rank":47.0,
            "area_info":"22평(75.99), 31평(103.56), 31평(103.4), 31평(103.22)",
            "last_sales":"2022-01-15,22500.0,31평(103.22)",
            "rank_history":[
                [
                    "202203",
                    47
                ],
                [
                    "202202",
                    38
                ],
                [
                    "202201",
                    50
                ]
            ],
            "rank_gap":-9
        },
        {
            "index":517,
            "아파트명":"천지",
            "투자타입":"일반",
            "전용면적(m2)":"37.12",
            "전용면적(평)":"11평",
            "법정동주소":"울산시 중구 학성동 430-7",
            "도로명주소":"울산시 중구 학산로 28",
            "세대수":0,
            "입주년차":20,
            "용적률점수":"--",
            "건폐율점수":"--",
            "세대당주차수":0,
            "난방방식":30,
            "공급면적":"--",
            "전용률":"--",
            "욕실수":50,
            "현관타입":10,
            "주거총점":13.0,
            "지역구공급총점":0.0,
            "역세권":"NA",
            "30분내 이동가능 거점":"NA",
            "1시간내 이동가능 거점":"NA",
            "교통총점":"NA",
            "백화점":100,
            "아울렛몰":0,
            "대형마트":80,
            "은행":0,
            "병원":0,
            "종합병원":100,
            "공원":100,
            "혐오시설":0,
            "인프라총점":65.0,
            "초등학군":90.04,
            "중학군":49.42,
            "학군총점":57.544,
            "인구수":23.57,
            "인구증감":-12.32,
            "인구총점":12.803,
            "일자리":7.57,
            "소득수준":63.68,
            "일자리총점":24.403,
            "가치 총점":44.936,
            "매매실거래년":20210718.0,
            "매매실거래가":19500.0,
            "전세실거래년":20211006.0,
            "전세실거래가":6000.0,
            "전세가율":181.82,
            "장기전세가율평균":71.43,
            "전세가율거품지수":-110.39,
            "검색코드":124204,
            "세대수":86,
            "준공년월":"2002-05-15",
            "준공년차":21,
            "가까운역이름":"NA",
            "가까운역거리":"NA",
            "역세권여부":"NA",
            "30분이내주요거점역":"NA",
            "30분거점역이름":"NA",
            "1시간이내주요거점역":"NA",
            "1시간거점역이름":"NA",
            "3km이내백화점수":2,
            "5km이내아울렛몰수":0,
            "1km이내대형먀트수":1,
            "500m이내은행수":1,
            "500m이내병원수":0,
            "5km이내대형병원수":5,
            "500m이내공원수":6,
            "3km이내혐오시설수":0,
            "초등학교학업성취도":90.04,
            "중학교학업성취도":79.9,
            "용적률":444,
            "건폐율":66,
            "Y":35.557795,
            "X":129.330149,
            "rank":48.0,
            "area_info":"11평(37.12), 24평(82.5), 27평(89.57)",
            "last_sales":"2021-07-18,19500.0,27평(89.57)",
            "rank_history":[
                [
                    "202203",
                    48
                ],
                [
                    "202202",
                    9999
                ]
            ],
            "rank_gap":9999
        },
        {
            "index":128,
            "아파트명":"화전",
            "투자타입":"재건축",
            "전용면적(m2)":"69.03",
            "전용면적(평)":"20평",
            "법정동주소":"울산시 중구 반구동 880-8",
            "도로명주소":"울산시 중구 반구정17길 12-1",
            "세대수":0,
            "입주년차":"--",
            "용적률점수":0,
            "건폐율점수":0,
            "세대당주차수":"--",
            "난방방식":"--",
            "공급면적":50,
            "전용률":100,
            "욕실수":"--",
            "현관타입":"--",
            "주거총점":7.5,
            "지역구공급총점":0.0,
            "역세권":"NA",
            "30분내 이동가능 거점":"NA",
            "1시간내 이동가능 거점":"NA",
            "교통총점":"NA",
            "백화점":100,
            "아울렛몰":0,
            "대형마트":100,
            "은행":0,
            "병원":0,
            "종합병원":100,
            "공원":100,
            "혐오시설":0,
            "인프라총점":68.0,
            "초등학군":90.0,
            "중학군":52.28,
            "학군총점":59.824,
            "인구수":23.57,
            "인구증감":-12.32,
            "인구총점":12.803,
            "일자리":7.57,
            "소득수준":63.68,
            "일자리총점":24.403,
            "가치 총점":44.781,
            "매매실거래년":20210126.0,
            "매매실거래가":12300.0,
            "전세실거래년":20210126.0,
            "전세실거래가":8000.0,
            "전세가율":73.39,
            "장기전세가율평균":71.43,
            "전세가율거품지수":-1.96,
            "검색코드":124959,
            "세대수":50,
            "준공년월":"1985-02-15",
            "준공년차":38,
            "가까운역이름":"NA",
            "가까운역거리":"NA",
            "역세권여부":"NA",
            "30분이내주요거점역":"NA",
            "30분거점역이름":"NA",
            "1시간이내주요거점역":"NA",
            "1시간거점역이름":"NA",
            "3km이내백화점수":2,
            "5km이내아울렛몰수":0,
            "1km이내대형먀트수":2,
            "500m이내은행수":0,
            "500m이내병원수":0,
            "5km이내대형병원수":5,
            "500m이내공원수":6,
            "3km이내혐오시설수":0,
            "초등학교학업성취도":90.0,
            "중학교학업성취도":84.8,
            "용적률":0,
            "건폐율":0,
            "Y":35.559764,
            "X":129.34734,
            "rank":49.0,
            "area_info":"20평(69.03), 21평(70.92)",
            "last_sales":"2021-01-26,12300.0,21평(70.92)",
            "rank_history":[
                [
                    "202203",
                    49
                ],
                [
                    "202202",
                    9999
                ]
            ],
            "rank_gap":9999
        },
        {
            "index":15,
            "아파트명":"삼환나우빌1단지",
            "투자타입":"일반",
            "전용면적(m2)":"147.39",
            "전용면적(평)":"44평",
            "법정동주소":"울산시 중구 남외동 509-1",
            "도로명주소":"울산시 중구 남외2길 10",
            "세대수":0,
            "입주년차":60,
            "용적률점수":"--",
            "건폐율점수":"--",
            "세대당주차수":100,
            "난방방식":30,
            "공급면적":"--",
            "전용률":"--",
            "욕실수":100,
            "현관타입":50,
            "주거총점":45.0,
            "지역구공급총점":0.0,
            "역세권":"NA",
            "30분내 이동가능 거점":"NA",
            "1시간내 이동가능 거점":"NA",
            "교통총점":"NA",
            "백화점":0,
            "아울렛몰":0,
            "대형마트":100,
            "은행":0,
            "병원":0,
            "종합병원":100,
            "공원":0,
            "혐오시설":0,
            "인프라총점":35.0,
            "초등학군":89.99,
            "중학군":52.28,
            "학군총점":59.822,
            "인구수":23.57,
            "인구증감":-12.32,
            "인구총점":12.803,
            "일자리":7.57,
            "소득수준":63.68,
            "일자리총점":24.403,
            "가치 총점":44.7055,
            "매매실거래년":20211002.0,
            "매매실거래가":44700.0,
            "전세실거래년":20210208.0,
            "전세실거래가":29400.0,
            "전세가율":80.99,
            "장기전세가율평균":71.43,
            "전세가율거품지수":-9.56,
            "검색코드":106647,
            "세대수":55,
            "준공년월":"2010-03-30",
            "준공년차":13,
            "가까운역이름":"NA",
            "가까운역거리":"NA",
            "역세권여부":"NA",
            "30분이내주요거점역":"NA",
            "30분거점역이름":"NA",
            "1시간이내주요거점역":"NA",
            "1시간거점역이름":"NA",
            "3km이내백화점수":0,
            "5km이내아울렛몰수":0,
            "1km이내대형먀트수":2,
            "500m이내은행수":0,
            "500m이내병원수":0,
            "5km이내대형병원수":4,
            "500m이내공원수":0,
            "3km이내혐오시설수":0,
            "초등학교학업성취도":89.99,
            "중학교학업성취도":84.8,
            "용적률":251,
            "건폐율":44,
            "Y":35.564751,
            "X":129.351572,
            "rank":50.0,
            "area_info":"44평(147.39), 44평(147.41), 51평(169.93), 51평(171.71)",
            "last_sales":"2021-10-02,44700.0,51평(171.71)",
            "rank_history":[
                [
                    "202203",
                    50
                ],
                [
                    "202202",
                    9999
                ]
            ],
            "rank_gap":9999
        },
        {
            "index":370,
            "아파트명":"우정혁신도시푸르지오",
            "투자타입":"일반",
            "전용면적(m2)":"98.83",
            "전용면적(평)":"29평",
            "법정동주소":"울산시 중구 유곡동 260",
            "도로명주소":"울산시 중구 유곡로 80",
            "세대수":50,
            "입주년차":60,
            "용적률점수":"--",
            "건폐율점수":"--",
            "세대당주차수":30,
            "난방방식":30,
            "공급면적":"--",
            "전용률":"--",
            "욕실수":100,
            "현관타입":100,
            "주거총점":57.0,
            "지역구공급총점":0.0,
            "역세권":"NA",
            "30분내 이동가능 거점":"NA",
            "1시간내 이동가능 거점":"NA",
            "교통총점":"NA",
            "백화점":0,
            "아울렛몰":0,
            "대형마트":0,
            "은행":0,
            "병원":0,
            "종합병원":100,
            "공원":100,
            "혐오시설":0,
            "인프라총점":23.0,
            "초등학군":90.0,
            "중학군":54.6,
            "학군총점":61.68,
            "인구수":23.57,
            "인구증감":-12.32,
            "인구총점":12.803,
            "일자리":7.57,
            "소득수준":63.68,
            "일자리총점":24.403,
            "가치 총점":44.57,
            "매매실거래년":20211125.0,
            "매매실거래가":56500.0,
            "전세실거래년":20220127.0,
            "전세실거래가":41000.0,
            "전세가율":75.93,
            "장기전세가율평균":71.43,
            "전세가율거품지수":-4.5,
            "검색코드":103094,
            "세대수":478,
            "준공년월":"2013-06-26",
            "준공년차":10,
            "가까운역이름":"NA",
            "가까운역거리":"NA",
            "역세권여부":"NA",
            "30분이내주요거점역":"NA",
            "30분거점역이름":"NA",
            "1시간이내주요거점역":"NA",
            "1시간거점역이름":"NA",
            "3km이내백화점수":0,
            "5km이내아울렛몰수":0,
            "1km이내대형먀트수":0,
            "500m이내은행수":1,
            "500m이내병원수":0,
            "5km이내대형병원수":5,
            "500m이내공원수":12,
            "3km이내혐오시설수":0,
            "초등학교학업성취도":90.0,
            "중학교학업성취도":87.6,
            "용적률":179,
            "건폐율":14,
            "Y":35.559981,
            "X":129.300919,
            "rank":51.0,
            "area_info":"29평(98.83), 33평(110.52), 33평(110.95), 33평(110.83)",
            "last_sales":"2021-11-25,56500.0,33평(110.52)",
            "rank_history":[
                [
                    "202203",
                    51
                ],
                [
                    "202202",
                    40
                ],
                [
                    "202201",
                    41
                ]
            ],
            "rank_gap":-11
        },
        {
            "index":366,
            "아파트명":"우정혁신도시동원로얄듀크1차",
            "투자타입":"일반",
            "전용면적(m2)":"108.12",
            "전용면적(평)":"32평",
            "법정동주소":"울산시 중구 유곡동 259",
            "도로명주소":"울산시 중구 종가로 250",
            "세대수":30,
            "입주년차":60,
            "용적률점수":"--",
            "건폐율점수":"--",
            "세대당주차수":60,
            "난방방식":30,
            "공급면적":"--",
            "전용률":"--",
            "욕실수":100,
            "현관타입":100,
            "주거총점":54.5,
            "지역구공급총점":0.0,
            "역세권":"NA",
            "30분내 이동가능 거점":"NA",
            "1시간내 이동가능 거점":"NA",
            "교통총점":"NA",
            "백화점":0,
            "아울렛몰":0,
            "대형마트":0,
            "은행":20,
            "병원":0,
            "종합병원":100,
            "공원":100,
            "혐오시설":0,
            "인프라총점":25.0,
            "초등학군":89.99,
            "중학군":54.6,
            "학군총점":61.678,
            "인구수":23.57,
            "인구증감":-12.32,
            "인구총점":12.803,
            "일자리":7.57,
            "소득수준":63.68,
            "일자리총점":24.403,
            "가치 총점":44.4945,
            "매매실거래년":20210404.0,
            "매매실거래가":64700.0,
            "전세실거래년":20220122.0,
            "전세실거래가":38000.0,
            "전세가율":58.73,
            "장기전세가율평균":71.43,
            "전세가율거품지수":12.7,
            "검색코드":104091,
            "세대수":309,
            "준공년월":"2013-10-28",
            "준공년차":10,
            "가까운역이름":"NA",
            "가까운역거리":"NA",
            "역세권여부":"NA",
            "30분이내주요거점역":"NA",
            "30분거점역이름":"NA",
            "1시간이내주요거점역":"NA",
            "1시간거점역이름":"NA",
            "3km이내백화점수":0,
            "5km이내아울렛몰수":0,
            "1km이내대형먀트수":0,
            "500m이내은행수":2,
            "500m이내병원수":0,
            "5km이내대형병원수":5,
            "500m이내공원수":10,
            "3km이내혐오시설수":0,
            "초등학교학업성취도":89.99,
            "중학교학업성취도":87.6,
            "용적률":179,
            "건폐율":15,
            "Y":35.562827,
            "X":129.304451,
            "rank":52.0,
            "area_info":"32평(108.12), 33평(109.44)",
            "last_sales":"2021-04-04,64700.0,32평(108.12)",
            "rank_history":[
                [
                    "202203",
                    52
                ],
                [
                    "202202",
                    41
                ],
                [
                    "202201",
                    42
                ]
            ],
            "rank_gap":-11
        },
        {
            "index":192,
            "아파트명":"평창",
            "투자타입":"일반",
            "전용면적(m2)":"67.2",
            "전용면적(평)":"20평",
            "법정동주소":"울산시 중구 복산동 597-1",
            "도로명주소":"울산시 중구 푸름길 81",
            "세대수":0,
            "입주년차":0,
            "용적률점수":"--",
            "건폐율점수":"--",
            "세대당주차수":0,
            "난방방식":30,
            "공급면적":"--",
            "전용률":"--",
            "욕실수":50,
            "현관타입":10,
            "주거총점":9.0,
            "지역구공급총점":0.0,
            "역세권":"NA",
            "30분내 이동가능 거점":"NA",
            "1시간내 이동가능 거점":"NA",
            "교통총점":"NA",
            "백화점":100,
            "아울렛몰":0,
            "대형마트":80,
            "은행":0,
            "병원":0,
            "종합병원":100,
            "공원":100,
            "혐오시설":0,
            "인프라총점":65.0,
            "초등학군":90.04,
            "중학군":54.06,
            "학군총점":61.256,
            "인구수":23.57,
            "인구증감":-12.32,
            "인구총점":12.803,
            "일자리":7.57,
            "소득수준":63.68,
            "일자리총점":24.403,
            "가치 총점":44.464,
            "매매실거래년":20220205.0,
            "매매실거래가":16200.0,
            "전세실거래년":20191211.0,
            "전세실거래가":8500.0,
            "전세가율":52.47,
            "장기전세가율평균":71.43,
            "전세가율거품지수":18.96,
            "검색코드":6369,
            "세대수":216,
            "준공년월":"1998-08-05",
            "준공년차":25,
            "가까운역이름":"NA",
            "가까운역거리":"NA",
            "역세권여부":"NA",
            "30분이내주요거점역":"NA",
            "30분거점역이름":"NA",
            "1시간이내주요거점역":"NA",
            "1시간거점역이름":"NA",
            "3km이내백화점수":2,
            "5km이내아울렛몰수":0,
            "1km이내대형먀트수":1,
            "500m이내은행수":0,
            "500m이내병원수":0,
            "5km이내대형병원수":5,
            "500m이내공원수":9,
            "3km이내혐오시설수":0,
            "초등학교학업성취도":90.04,
            "중학교학업성취도":90.1,
            "용적률":383,
            "건폐율":26,
            "Y":35.56168,
            "X":129.3252,
            "rank":53.0,
            "area_info":"20평(67.2), 22평(73.08), 22평(75.02), 32평(106.47)",
            "last_sales":"2022-02-05,16200.0,20평(67.2)",
            "rank_history":[
                [
                    "202203",
                    53
                ],
                [
                    "202202",
                    39
                ],
                [
                    "202201",
                    51
                ]
            ],
            "rank_gap":-14
        },
        {
            "index":141,
            "아파트명":"동덕현대4차",
            "투자타입":"재건축",
            "전용면적(m2)":"93.53",
            "전용면적(평)":"28평",
            "법정동주소":"울산시 중구 복산동 320",
            "도로명주소":"울산시 중구 손골5길 30",
            "세대수":0,
            "입주년차":"--",
            "용적률점수":0,
            "건폐율점수":0,
            "세대당주차수":"--",
            "난방방식":"--",
            "공급면적":70,
            "전용률":80,
            "욕실수":"--",
            "현관타입":"--",
            "주거총점":7.5,
            "지역구공급총점":0.0,
            "역세권":"NA",
            "30분내 이동가능 거점":"NA",
            "1시간내 이동가능 거점":"NA",
            "교통총점":"NA",
            "백화점":100,
            "아울렛몰":0,
            "대형마트":80,
            "은행":0,
            "병원":0,
            "종합병원":100,
            "공원":100,
            "혐오시설":0,
            "인프라총점":65.0,
            "초등학군":89.98,
            "중학군":54.06,
            "학군총점":61.244,
            "인구수":23.57,
            "인구증감":-12.32,
            "인구총점":12.803,
            "일자리":7.57,
            "소득수준":63.68,
            "일자리총점":24.403,
            "가치 총점":43.936,
            "매매실거래년":20220225.0,
            "매매실거래가":21000.0,
            "전세실거래년":20210812.0,
            "전세실거래가":14000.0,
            "전세가율":66.67,
            "장기전세가율평균":71.43,
            "전세가율거품지수":4.76,
            "검색코드":6344,
            "세대수":201,
            "준공년월":"1991-09-19",
            "준공년차":32,
            "가까운역이름":"NA",
            "가까운역거리":"NA",
            "역세권여부":"NA",
            "30분이내주요거점역":"NA",
            "30분거점역이름":"NA",
            "1시간이내주요거점역":"NA",
            "1시간거점역이름":"NA",
            "3km이내백화점수":1,
            "5km이내아울렛몰수":0,
            "1km이내대형먀트수":1,
            "500m이내은행수":0,
            "500m이내병원수":0,
            "5km이내대형병원수":5,
            "500m이내공원수":12,
            "3km이내혐오시설수":0,
            "초등학교학업성취도":89.98,
            "중학교학업성취도":90.1,
            "용적률":0,
            "건폐율":0,
            "Y":35.564857,
            "X":129.327416,
            "rank":54.0,
            "area_info":"28평(93.53), 29평(97.79), 30평(101.03), 30평(101.6)",
            "last_sales":"2022-02-25,21000.0,28평(93.53)",
            "rank_history":[
                [
                    "202203",
                    54
                ],
                [
                    "202202",
                    42
                ],
                [
                    "202201",
                    56
                ]
            ],
            "rank_gap":-12
        },
        {
            "index":0,
            "아파트명":"경진",
            "투자타입":"재건축",
            "전용면적(m2)":"54.15",
            "전용면적(평)":"16평",
            "법정동주소":"울산시 중구 남외동 1028-7",
            "도로명주소":"울산시 중구 해오름18길 21",
            "세대수":0,
            "입주년차":"--",
            "용적률점수":0,
            "건폐율점수":0,
            "세대당주차수":"--",
            "난방방식":"--",
            "공급면적":50,
            "전용률":80,
            "욕실수":"--",
            "현관타입":"--",
            "주거총점":6.5,
            "지역구공급총점":0.0,
            "역세권":"NA",
            "30분내 이동가능 거점":"NA",
            "1시간내 이동가능 거점":"NA",
            "교통총점":"NA",
            "백화점":100,
            "아울렛몰":0,
            "대형마트":100,
            "은행":0,
            "병원":0,
            "종합병원":100,
            "공원":100,
            "혐오시설":0,
            "인프라총점":68.0,
            "초등학군":90.0,
            "중학군":49.42,
            "학군총점":57.536,
            "인구수":23.57,
            "인구증감":-12.32,
            "인구총점":12.803,
            "일자리":7.57,
            "소득수준":63.68,
            "일자리총점":24.403,
            "가치 총점":43.859,
            "매매실거래년":20210913.0,
            "매매실거래가":8800.0,
            "전세실거래년":20211013.0,
            "전세실거래가":7000.0,
            "전세가율":79.55,
            "장기전세가율평균":71.43,
            "전세가율거품지수":-8.12,
            "검색코드":16294,
            "세대수":70,
            "준공년월":"1983-12-08",
            "준공년차":40,
            "가까운역이름":"NA",
            "가까운역거리":"NA",
            "역세권여부":"NA",
            "30분이내주요거점역":"NA",
            "30분거점역이름":"NA",
            "1시간이내주요거점역":"NA",
            "1시간거점역이름":"NA",
            "3km이내백화점수":2,
            "5km이내아울렛몰수":0,
            "1km이내대형먀트수":2,
            "500m이내은행수":1,
            "500m이내병원수":0,
            "5km이내대형병원수":5,
            "500m이내공원수":6,
            "3km이내혐오시설수":0,
            "초등학교학업성취도":90.0,
            "중학교학업성취도":79.9,
            "용적률":0,
            "건폐율":0,
            "Y":35.561146,
            "X":129.344264,
            "rank":55.0,
            "area_info":"16평(54.15), 19평(64.05)",
            "last_sales":"2021-09-13,8800.0,16평(54.15)",
            "rank_history":[
                [
                    "202203",
                    55
                ],
                [
                    "202202",
                    9999
                ]
            ],
            "rank_gap":9999
        },
        {
            "index":444,
            "아파트명":"우정혁신LH2단지",
            "투자타입":"일반",
            "전용면적(m2)":"72.22",
            "전용면적(평)":"21평",
            "법정동주소":"울산시 중구 태화동 257",
            "도로명주소":"울산시 중구 종가로 142",
            "세대수":50,
            "입주년차":80,
            "용적률점수":"--",
            "건폐율점수":"--",
            "세대당주차수":30,
            "난방방식":30,
            "공급면적":"--",
            "전용률":"--",
            "욕실수":50,
            "현관타입":100,
            "주거총점":56.0,
            "지역구공급총점":0.0,
            "역세권":"NA",
            "30분내 이동가능 거점":"NA",
            "1시간내 이동가능 거점":"NA",
            "교통총점":"NA",
            "백화점":0,
            "아울렛몰":0,
            "대형마트":0,
            "은행":0,
            "병원":0,
            "종합병원":100,
            "공원":100,
            "혐오시설":0,
            "인프라총점":23.0,
            "초등학군":90.0,
            "중학군":52.08,
            "학군총점":59.664,
            "인구수":23.57,
            "인구증감":-12.32,
            "인구총점":12.803,
            "일자리":7.57,
            "소득수준":63.68,
            "일자리총점":24.403,
            "가치 총점":43.716,
            "매매실거래년":20220115.0,
            "매매실거래가":30500.0,
            "전세실거래년":20220107.0,
            "전세실거래가":25000.0,
            "전세가율":81.97,
            "장기전세가율평균":71.43,
            "전세가율거품지수":-10.54,
            "검색코드":105441,
            "세대수":536,
            "준공년월":"2014-11-06",
            "준공년차":9,
            "가까운역이름":"NA",
            "가까운역거리":"NA",
            "역세권여부":"NA",
            "30분이내주요거점역":"NA",
            "30분거점역이름":"NA",
            "1시간이내주요거점역":"NA",
            "1시간거점역이름":"NA",
            "3km이내백화점수":0,
            "5km이내아울렛몰수":0,
            "1km이내대형먀트수":0,
            "500m이내은행수":0,
            "500m이내병원수":0,
            "5km이내대형병원수":4,
            "500m이내공원수":2,
            "3km이내혐오시설수":0,
            "초등학교학업성취도":90.0,
            "중학교학업성취도":85.2,
            "용적률":178,
            "건폐율":17,
            "Y":35.559495,
            "X":129.291679,
            "rank":56.0,
            "area_info":"21평(72.22), 25평(83.34), 25평(83.33), 25평(83.33)",
            "last_sales":"2022-01-15,30500.0,21평(72.22)",
            "rank_history":[
                [
                    "202203",
                    56
                ],
                [
                    "202202",
                    43
                ],
                [
                    "202201",
                    27
                ]
            ],
            "rank_gap":-13
        },
        {
            "index":137,
            "아파트명":"동덕현대2차",
            "투자타입":"재건축",
            "전용면적(m2)":"86.4",
            "전용면적(평)":"26평",
            "법정동주소":"울산시 중구 복산동 319",
            "도로명주소":"울산시 중구 손골2길 5",
            "세대수":0,
            "입주년차":"--",
            "용적률점수":0,
            "건폐율점수":0,
            "세대당주차수":"--",
            "난방방식":"--",
            "공급면적":70,
            "전용률":60,
            "욕실수":"--",
            "현관타입":"--",
            "주거총점":6.5,
            "지역구공급총점":0.0,
            "역세권":"NA",
            "30분내 이동가능 거점":"NA",
            "1시간내 이동가능 거점":"NA",
            "교통총점":"NA",
            "백화점":100,
            "아울렛몰":0,
            "대형마트":80,
            "은행":0,
            "병원":0,
            "종합병원":100,
            "공원":100,
            "혐오시설":0,
            "인프라총점":65.0,
            "초등학군":89.98,
            "중학군":54.06,
            "학군총점":61.244,
            "인구수":23.57,
            "인구증감":-12.32,
            "인구총점":12.803,
            "일자리":7.57,
            "소득수준":63.68,
            "일자리총점":24.403,
            "가치 총점":43.586,
            "매매실거래년":20220125.0,
            "매매실거래가":18300.0,
            "전세실거래년":20211128.0,
            "전세실거래가":13000.0,
            "전세가율":71.04,
            "장기전세가율평균":71.43,
            "전세가율거품지수":0.39,
            "검색코드":16304,
            "세대수":122,
            "준공년월":"1991-09-19",
            "준공년차":32,
            "가까운역이름":"NA",
            "가까운역거리":"NA",
            "역세권여부":"NA",
            "30분이내주요거점역":"NA",
            "30분거점역이름":"NA",
            "1시간이내주요거점역":"NA",
            "1시간거점역이름":"NA",
            "3km이내백화점수":1,
            "5km이내아울렛몰수":0,
            "1km이내대형먀트수":1,
            "500m이내은행수":0,
            "500m이내병원수":0,
            "5km이내대형병원수":5,
            "500m이내공원수":12,
            "3km이내혐오시설수":0,
            "초등학교학업성취도":89.98,
            "중학교학업성취도":90.1,
            "용적률":0,
            "건폐율":0,
            "Y":35.56505,
            "X":129.327044,
            "rank":57.0,
            "area_info":"26평(86.4)",
            "last_sales":"2022-01-25,18300.0,26평(86.4)",
            "rank_history":[
                [
                    "202203",
                    57
                ],
                [
                    "202202",
                    44
                ],
                [
                    "202201",
                    59
                ]
            ],
            "rank_gap":-13
        },
        {
            "index":126,
            "아파트명":"현대타워",
            "투자타입":"재건축",
            "전용면적(m2)":"92.74",
            "전용면적(평)":"28평",
            "법정동주소":"울산시 중구 반구동 285",
            "도로명주소":"울산시 중구 반구정8길 31",
            "세대수":0,
            "입주년차":"--",
            "용적률점수":0,
            "건폐율점수":0,
            "세대당주차수":"--",
            "난방방식":"--",
            "공급면적":70,
            "전용률":80,
            "욕실수":"--",
            "현관타입":"--",
            "주거총점":7.5,
            "지역구공급총점":0.0,
            "역세권":"NA",
            "30분내 이동가능 거점":"NA",
            "1시간내 이동가능 거점":"NA",
            "교통총점":"NA",
            "백화점":100,
            "아울렛몰":0,
            "대형마트":80,
            "은행":0,
            "병원":0,
            "종합병원":100,
            "공원":100,
            "혐오시설":0,
            "인프라총점":65.0,
            "초등학군":90.0,
            "중학군":52.28,
            "학군총점":59.824,
            "인구수":23.57,
            "인구증감":-12.32,
            "인구총점":12.803,
            "일자리":7.57,
            "소득수준":63.68,
            "일자리총점":24.403,
            "가치 총점":43.581,
            "매매실거래년":20211104.0,
            "매매실거래가":16800.0,
            "전세실거래년":20161215.0,
            "전세실거래가":14000.0,
            "전세가율":83.33,
            "장기전세가율평균":71.43,
            "전세가율거품지수":-11.9,
            "검색코드":12070,
            "세대수":116,
            "준공년월":"1990-03-05",
            "준공년차":33,
            "가까운역이름":"NA",
            "가까운역거리":"NA",
            "역세권여부":"NA",
            "30분이내주요거점역":"NA",
            "30분거점역이름":"NA",
            "1시간이내주요거점역":"NA",
            "1시간거점역이름":"NA",
            "3km이내백화점수":2,
            "5km이내아울렛몰수":0,
            "1km이내대형먀트수":1,
            "500m이내은행수":1,
            "500m이내병원수":0,
            "5km이내대형병원수":5,
            "500m이내공원수":6,
            "3km이내혐오시설수":0,
            "초등학교학업성취도":90.0,
            "중학교학업성취도":84.8,
            "용적률":0,
            "건폐율":0,
            "Y":35.558815,
            "X":129.346365,
            "rank":58.0,
            "area_info":"28평(92.74), 31평(104.37)",
            "last_sales":"2021-11-04,16800.0,28평(92.74)",
            "rank_history":[
                [
                    "202203",
                    58
                ],
                [
                    "202202",
                    45
                ],
                [
                    "202201",
                    37
                ]
            ],
            "rank_gap":-13
        },
        {
            "index":451,
            "아파트명":"우정혁신호반베르디움",
            "투자타입":"일반",
            "전용면적(m2)":"124.9",
            "전용면적(평)":"37평",
            "법정동주소":"울산시 중구 태화동 224",
            "도로명주소":"울산시 중구 종가로 140",
            "세대수":30,
            "입주년차":80,
            "용적률점수":"--",
            "건폐율점수":"--",
            "세대당주차수":60,
            "난방방식":30,
            "공급면적":"--",
            "전용률":"--",
            "욕실수":100,
            "현관타입":100,
            "주거총점":58.5,
            "지역구공급총점":0.0,
            "역세권":"NA",
            "30분내 이동가능 거점":"NA",
            "1시간내 이동가능 거점":"NA",
            "교통총점":"NA",
            "백화점":0,
            "아울렛몰":0,
            "대형마트":0,
            "은행":0,
            "병원":0,
            "종합병원":100,
            "공원":0,
            "혐오시설":0,
            "인프라총점":20.0,
            "초등학군":90.0,
            "중학군":52.08,
            "학군총점":59.664,
            "인구수":23.57,
            "인구증감":-12.32,
            "인구총점":12.803,
            "일자리":7.57,
            "소득수준":63.68,
            "일자리총점":24.403,
            "가치 총점":43.391,
            "매매실거래년":20220218.0,
            "매매실거래가":61000.0,
            "전세실거래년":20220218.0,
            "전세실거래가":48000.0,
            "전세가율":78.69,
            "장기전세가율평균":71.43,
            "전세가율거품지수":-7.26,
            "검색코드":106188,
            "세대수":346,
            "준공년월":"2014-11-03",
            "준공년차":9,
            "가까운역이름":"NA",
            "가까운역거리":"NA",
            "역세권여부":"NA",
            "30분이내주요거점역":"NA",
            "30분거점역이름":"NA",
            "1시간이내주요거점역":"NA",
            "1시간거점역이름":"NA",
            "3km이내백화점수":0,
            "5km이내아울렛몰수":0,
            "1km이내대형먀트수":0,
            "500m이내은행수":0,
            "500m이내병원수":0,
            "5km이내대형병원수":4,
            "500m이내공원수":0,
            "3km이내혐오시설수":0,
            "초등학교학업성취도":90.0,
            "중학교학업성취도":85.2,
            "용적률":179,
            "건폐율":16,
            "Y":35.561551,
            "X":129.291535,
            "rank":59.0,
            "area_info":"37평(124.9)",
            "last_sales":"2022-02-18,61000.0,37평(124.9)",
            "rank_history":[
                [
                    "202203",
                    59
                ],
                [
                    "202202",
                    46
                ],
                [
                    "202201",
                    45
                ]
            ],
            "rank_gap":-13
        },
        {
            "index":88,
            "아파트명":"아담",
            "투자타입":"재건축",
            "전용면적(m2)":"52.87",
            "전용면적(평)":"15평",
            "법정동주소":"울산시 중구 반구동 877-1",
            "도로명주소":"울산시 중구 반구정19길 14",
            "세대수":0,
            "입주년차":"--",
            "용적률점수":0,
            "건폐율점수":0,
            "세대당주차수":"--",
            "난방방식":"--",
            "공급면적":50,
            "전용률":80,
            "욕실수":"--",
            "현관타입":"--",
            "주거총점":6.5,
            "지역구공급총점":0.0,
            "역세권":"NA",
            "30분내 이동가능 거점":"NA",
            "1시간내 이동가능 거점":"NA",
            "교통총점":"NA",
            "백화점":100,
            "아울렛몰":0,
            "대형마트":80,
            "은행":0,
            "병원":0,
            "종합병원":100,
            "공원":100,
            "혐오시설":0,
            "인프라총점":65.0,
            "초등학군":89.99,
            "중학군":52.28,
            "학군총점":59.822,
            "인구수":23.57,
            "인구증감":-12.32,
            "인구총점":12.803,
            "일자리":7.57,
            "소득수준":63.68,
            "일자리총점":24.403,
            "가치 총점":43.2305,
            "매매실거래년":20220107.0,
            "매매실거래가":12000.0,
            "전세실거래년":20211110.0,
            "전세실거래가":5000.0,
            "전세가율":62.5,
            "장기전세가율평균":71.43,
            "전세가율거품지수":8.93,
            "검색코드":14733,
            "세대수":179,
            "준공년월":"1983-05-21",
            "준공년차":40,
            "가까운역이름":"NA",
            "가까운역거리":"NA",
            "역세권여부":"NA",
            "30분이내주요거점역":"NA",
            "30분거점역이름":"NA",
            "1시간이내주요거점역":"NA",
            "1시간거점역이름":"NA",
            "3km이내백화점수":2,
            "5km이내아울렛몰수":0,
            "1km이내대형먀트수":1,
            "500m이내은행수":0,
            "500m이내병원수":0,
            "5km이내대형병원수":4,
            "500m이내공원수":6,
            "3km이내혐오시설수":0,
            "초등학교학업성취도":89.99,
            "중학교학업성취도":84.8,
            "용적률":0,
            "건폐율":0,
            "Y":35.559737,
            "X":129.349381,
            "rank":60.0,
            "area_info":"15평(52.87), 18평(62.0), 21평(69.69), 21평(69.9), 21평(70.53), 21평(71.92), 21평(71.44), 21평(71.89), 22평(73.47)",
            "last_sales":"2022-01-07,12000.0,21평(69.69)",
            "rank_history":[
                [
                    "202203",
                    60
                ],
                [
                    "202202",
                    47
                ],
                [
                    "202201",
                    43
                ]
            ],
            "rank_gap":-13
        },
        {
            "index":64,
            "아파트명":"동진",
            "투자타입":"재건축",
            "전용면적(m2)":"50.13",
            "전용면적(평)":"15평",
            "법정동주소":"울산시 중구 반구동 450-2",
            "도로명주소":"울산시 중구 반구정4길 85",
            "세대수":0,
            "입주년차":"--",
            "용적률점수":0,
            "건폐율점수":0,
            "세대당주차수":"--",
            "난방방식":"--",
            "공급면적":50,
            "전용률":100,
            "욕실수":"--",
            "현관타입":"--",
            "주거총점":7.5,
            "지역구공급총점":0.0,
            "역세권":"NA",
            "30분내 이동가능 거점":"NA",
            "1시간내 이동가능 거점":"NA",
            "교통총점":"NA",
            "백화점":100,
            "아울렛몰":0,
            "대형마트":80,
            "은행":0,
            "병원":0,
            "종합병원":100,
            "공원":100,
            "혐오시설":0,
            "인프라총점":65.0,
            "초등학군":90.0,
            "중학군":49.42,
            "학군총점":57.536,
            "인구수":23.57,
            "인구증감":-12.32,
            "인구총점":12.803,
            "일자리":7.57,
            "소득수준":63.68,
            "일자리총점":24.403,
            "가치 총점":43.009,
            "매매실거래년":20211112.0,
            "매매실거래가":9000.0,
            "전세실거래년":20140505.0,
            "전세실거래가":7000.0,
            "전세가율":71.07,
            "장기전세가율평균":71.43,
            "전세가율거품지수":0.36,
            "검색코드":124355,
            "세대수":50,
            "준공년월":"1983-11-01",
            "준공년차":40,
            "가까운역이름":"NA",
            "가까운역거리":"NA",
            "역세권여부":"NA",
            "30분이내주요거점역":"NA",
            "30분거점역이름":"NA",
            "1시간이내주요거점역":"NA",
            "1시간거점역이름":"NA",
            "3km이내백화점수":2,
            "5km이내아울렛몰수":0,
            "1km이내대형먀트수":1,
            "500m이내은행수":1,
            "500m이내병원수":0,
            "5km이내대형병원수":5,
            "500m이내공원수":6,
            "3km이내혐오시설수":0,
            "초등학교학업성취도":90.0,
            "중학교학업성취도":79.9,
            "용적률":0,
            "건폐율":0,
            "Y":35.559521,
            "X":129.345233,
            "rank":61.0,
            "area_info":"15평(50.13), 15평(51.01), 17평(57.4), 18평(62.19), 19평(65.12)",
            "last_sales":"2021-11-12,9000.0,19평(65.12)",
            "rank_history":[
                [
                    "202203",
                    61
                ],
                [
                    "202202",
                    9999
                ]
            ],
            "rank_gap":9999
        },
        {
            "index":61,
            "아파트명":"금성",
            "투자타입":"재건축",
            "전용면적(m2)":"52.47",
            "전용면적(평)":"15평",
            "법정동주소":"울산시 중구 반구동 742",
            "도로명주소":"울산시 중구 서원10길 12-2",
            "세대수":0,
            "입주년차":"--",
            "용적률점수":0,
            "건폐율점수":0,
            "세대당주차수":"--",
            "난방방식":"--",
            "공급면적":50,
            "전용률":80,
            "욕실수":"--",
            "현관타입":"--",
            "주거총점":6.5,
            "지역구공급총점":0.0,
            "역세권":"NA",
            "30분내 이동가능 거점":"NA",
            "1시간내 이동가능 거점":"NA",
            "교통총점":"NA",
            "백화점":100,
            "아울렛몰":0,
            "대형마트":80,
            "은행":0,
            "병원":0,
            "종합병원":100,
            "공원":100,
            "혐오시설":0,
            "인프라총점":65.0,
            "초등학군":90.0,
            "중학군":49.42,
            "학군총점":57.536,
            "인구수":23.57,
            "인구증감":-12.32,
            "인구총점":12.803,
            "일자리":7.57,
            "소득수준":63.68,
            "일자리총점":24.403,
            "가치 총점":42.659,
            "매매실거래년":20220114.0,
            "매매실거래가":13300.0,
            "전세실거래년":20220209.0,
            "전세실거래가":7500.0,
            "전세가율":88.24,
            "장기전세가율평균":71.43,
            "전세가율거품지수":-16.81,
            "검색코드":14738,
            "세대수":100,
            "준공년월":"1983-10-17",
            "준공년차":40,
            "가까운역이름":"NA",
            "가까운역거리":"NA",
            "역세권여부":"NA",
            "30분이내주요거점역":"NA",
            "30분거점역이름":"NA",
            "1시간이내주요거점역":"NA",
            "1시간거점역이름":"NA",
            "3km이내백화점수":2,
            "5km이내아울렛몰수":0,
            "1km이내대형먀트수":1,
            "500m이내은행수":1,
            "500m이내병원수":0,
            "5km이내대형병원수":5,
            "500m이내공원수":10,
            "3km이내혐오시설수":0,
            "초등학교학업성취도":90.0,
            "중학교학업성취도":79.9,
            "용적률":0,
            "건폐율":0,
            "Y":35.55829,
            "X":129.3384,
            "rank":62.0,
            "area_info":"15평(52.47), 17평(59.28), 19평(64.92)",
            "last_sales":"2022-01-14,13300.0,19평(64.92)",
            "rank_history":[
                [
                    "202203",
                    62
                ],
                [
                    "202202",
                    48
                ],
                [
                    "202201",
                    52
                ]
            ],
            "rank_gap":-14
        },
        {
            "index":145,
            "아파트명":"동아",
            "투자타입":"재건축",
            "전용면적(m2)":"52.07",
            "전용면적(평)":"15평",
            "법정동주소":"울산시 중구 복산동 34-1",
            "도로명주소":"울산시 중구 서원1길 42-2",
            "세대수":0,
            "입주년차":"--",
            "용적률점수":0,
            "건폐율점수":0,
            "세대당주차수":"--",
            "난방방식":"--",
            "공급면적":50,
            "전용률":80,
            "욕실수":"--",
            "현관타입":"--",
            "주거총점":6.5,
            "지역구공급총점":0.0,
            "역세권":"NA",
            "30분내 이동가능 거점":"NA",
            "1시간내 이동가능 거점":"NA",
            "교통총점":"NA",
            "백화점":100,
            "아울렛몰":0,
            "대형마트":80,
            "은행":0,
            "병원":0,
            "종합병원":100,
            "공원":100,
            "혐오시설":0,
            "인프라총점":65.0,
            "초등학군":89.98,
            "중학군":49.42,
            "학군총점":57.532,
            "인구수":23.57,
            "인구증감":-12.32,
            "인구총점":12.803,
            "일자리":7.57,
            "소득수준":63.68,
            "일자리총점":24.403,
            "가치 총점":42.658,
            "매매실거래년":20220205.0,
            "매매실거래가":14200.0,
            "전세실거래년":20220205.0,
            "전세실거래가":9500.0,
            "전세가율":66.9,
            "장기전세가율평균":71.43,
            "전세가율거품지수":4.53,
            "검색코드":123340,
            "세대수":60,
            "준공년월":"1982-12-24",
            "준공년차":41,
            "가까운역이름":"NA",
            "가까운역거리":"NA",
            "역세권여부":"NA",
            "30분이내주요거점역":"NA",
            "30분거점역이름":"NA",
            "1시간이내주요거점역":"NA",
            "1시간거점역이름":"NA",
            "3km이내백화점수":2,
            "5km이내아울렛몰수":0,
            "1km이내대형먀트수":1,
            "500m이내은행수":1,
            "500m이내병원수":0,
            "5km이내대형병원수":5,
            "500m이내공원수":6,
            "3km이내혐오시설수":0,
            "초등학교학업성취도":89.98,
            "중학교학업성취도":79.9,
            "용적률":0,
            "건폐율":0,
            "Y":35.5612,
            "X":129.33607,
            "rank":63.0,
            "area_info":"15평(52.07), 19평(65.83)",
            "last_sales":"2022-02-05,14200.0,15평(52.07)",
            "rank_history":[
                [
                    "202203",
                    63
                ],
                [
                    "202202",
                    9999
                ]
            ],
            "rank_gap":9999
        },
        {
            "index":183,
            "아파트명":"송림",
            "투자타입":"재건축",
            "전용면적(m2)":"59.95",
            "전용면적(평)":"18평",
            "법정동주소":"울산시 중구 복산동 33-3",
            "도로명주소":"울산시 중구 서원5길 25",
            "세대수":0,
            "입주년차":"--",
            "용적률점수":0,
            "건폐율점수":0,
            "세대당주차수":"--",
            "난방방식":"--",
            "공급면적":50,
            "전용률":60,
            "욕실수":"--",
            "현관타입":"--",
            "주거총점":5.5,
            "지역구공급총점":0.0,
            "역세권":"NA",
            "30분내 이동가능 거점":"NA",
            "1시간내 이동가능 거점":"NA",
            "교통총점":"NA",
            "백화점":100,
            "아울렛몰":0,
            "대형마트":80,
            "은행":0,
            "병원":0,
            "종합병원":100,
            "공원":100,
            "혐오시설":0,
            "인프라총점":65.0,
            "초등학군":89.98,
            "중학군":49.42,
            "학군총점":57.532,
            "인구수":23.57,
            "인구증감":-12.32,
            "인구총점":12.803,
            "일자리":7.57,
            "소득수준":63.68,
            "일자리총점":24.403,
            "가치 총점":42.308,
            "매매실거래년":20220203.0,
            "매매실거래가":13000.0,
            "전세실거래년":20210915.0,
            "전세실거래가":7500.0,
            "전세가율":57.69,
            "장기전세가율평균":71.43,
            "전세가율거품지수":13.74,
            "검색코드":142564,
            "세대수":60,
            "준공년월":"1983-10-28",
            "준공년차":40,
            "가까운역이름":"NA",
            "가까운역거리":"NA",
            "역세권여부":"NA",
            "30분이내주요거점역":"NA",
            "30분거점역이름":"NA",
            "1시간이내주요거점역":"NA",
            "1시간거점역이름":"NA",
            "3km이내백화점수":2,
            "5km이내아울렛몰수":0,
            "1km이내대형먀트수":1,
            "500m이내은행수":1,
            "500m이내병원수":0,
            "5km이내대형병원수":5,
            "500m이내공원수":6,
            "3km이내혐오시설수":0,
            "초등학교학업성취도":89.98,
            "중학교학업성취도":79.9,
            "용적률":0,
            "건폐율":0,
            "Y":35.561568,
            "X":129.33565,
            "rank":64.0,
            "area_info":"18평(59.95), 18평(61.58), 19평(63.31), 20평(67.27), 20평(69.3), 21평(71.03)",
            "last_sales":"2022-02-03,13000.0,18평(59.95)",
            "rank_history":[
                [
                    "202203",
                    64
                ],
                [
                    "202202",
                    9999
                ]
            ],
            "rank_gap":9999
        },
        {
            "index":30,
            "아파트명":"다운",
            "투자타입":"재건축",
            "전용면적(m2)":"55.07",
            "전용면적(평)":"16평",
            "법정동주소":"울산시 중구 다운동 768",
            "도로명주소":"울산시 중구 다운6길 16",
            "세대수":90,
            "입주년차":"--",
            "용적률점수":0,
            "건폐율점수":80,
            "세대당주차수":"--",
            "난방방식":"--",
            "공급면적":50,
            "전용률":60,
            "욕실수":"--",
            "현관타입":"--",
            "주거총점":48.5,
            "지역구공급총점":0.0,
            "역세권":"NA",
            "30분내 이동가능 거점":"NA",
            "1시간내 이동가능 거점":"NA",
            "교통총점":"NA",
            "백화점":0,
            "아울렛몰":0,
            "대형마트":0,
            "은행":0,
            "병원":0,
            "종합병원":100,
            "공원":100,
            "혐오시설":0,
            "인프라총점":23.0,
            "초등학군":89.96,
            "중학군":52.22,
            "학군총점":59.768,
            "인구수":23.57,
            "인구증감":-12.32,
            "인구총점":12.803,
            "일자리":7.57,
            "소득수준":63.68,
            "일자리총점":24.403,
            "가치 총점":41.117,
            "매매실거래년":20220217.0,
            "매매실거래가":7700.0,
            "전세실거래년":20211204.0,
            "전세실거래가":7000.0,
            "전세가율":90.91,
            "장기전세가율평균":71.43,
            "전세가율거품지수":-19.48,
            "검색코드":6305,
            "세대수":1200,
            "준공년월":"1992-07-18",
            "준공년차":31,
            "가까운역이름":"NA",
            "가까운역거리":"NA",
            "역세권여부":"NA",
            "30분이내주요거점역":"NA",
            "30분거점역이름":"NA",
            "1시간이내주요거점역":"NA",
            "1시간거점역이름":"NA",
            "3km이내백화점수":0,
            "5km이내아울렛몰수":0,
            "1km이내대형먀트수":0,
            "500m이내은행수":0,
            "500m이내병원수":0,
            "5km이내대형병원수":3,
            "500m이내공원수":10,
            "3km이내혐오시설수":0,
            "초등학교학업성취도":89.96,
            "중학교학업성취도":85.5,
            "용적률":258,
            "건폐율":22,
            "Y":35.564805,
            "X":129.268633,
            "rank":65.0,
            "area_info":"16평(55.07), 20평(67.34)",
            "last_sales":"2022-02-17,7700.0,16평(55.07)",
            "rank_history":[
                [
                    "202203",
                    65
                ],
                [
                    "202202",
                    49
                ],
                [
                    "202201",
                    47
                ]
            ],
            "rank_gap":-16
        },
        {
            "index":265,
            "아파트명":"래미안3단지",
            "투자타입":"일반",
            "전용면적(m2)":"112.42",
            "전용면적(평)":"34평",
            "법정동주소":"울산시 중구 약사동 707",
            "도로명주소":"울산시 중구 약사로 25",
            "세대수":0,
            "입주년차":40,
            "용적률점수":"--",
            "건폐율점수":"--",
            "세대당주차수":0,
            "난방방식":30,
            "공급면적":"--",
            "전용률":"--",
            "욕실수":100,
            "현관타입":100,
            "주거총점":31.0,
            "지역구공급총점":0.0,
            "역세권":"NA",
            "30분내 이동가능 거점":"NA",
            "1시간내 이동가능 거점":"NA",
            "교통총점":"NA",
            "백화점":0,
            "아울렛몰":0,
            "대형마트":100,
            "은행":20,
            "병원":0,
            "종합병원":100,
            "공원":100,
            "혐오시설":0,
            "인프라총점":40.0,
            "초등학군":90.01,
            "중학군":47.8,
            "학군총점":56.242,
            "인구수":23.57,
            "인구증감":-12.32,
            "인구총점":12.803,
            "일자리":7.57,
            "소득수준":63.68,
            "일자리총점":24.403,
            "가치 총점":40.9105,
            "매매실거래년":20220118.0,
            "매매실거래가":56800.0,
            "전세실거래년":20220111.0,
            "전세실거래가":28350.0,
            "전세가율":49.91,
            "장기전세가율평균":71.43,
            "전세가율거품지수":21.52,
            "검색코드":101101,
            "세대수":292,
            "준공년월":"2004-07-28",
            "준공년차":19,
            "가까운역이름":"NA",
            "가까운역거리":"NA",
            "역세권여부":"NA",
            "30분이내주요거점역":"NA",
            "30분거점역이름":"NA",
            "1시간이내주요거점역":"NA",
            "1시간거점역이름":"NA",
            "3km이내백화점수":0,
            "5km이내아울렛몰수":0,
            "1km이내대형먀트수":2,
            "500m이내은행수":2,
            "500m이내병원수":0,
            "5km이내대형병원수":5,
            "500m이내공원수":12,
            "3km이내혐오시설수":0,
            "초등학교학업성취도":90.01,
            "중학교학업성취도":78.0,
            "용적률":0,
            "건폐율":0,
            "Y":35.568419,
            "X":129.335362,
            "rank":66.0,
            "area_info":"34평(112.42), 43평(143.13), 54평(179.07)",
            "last_sales":"2022-01-18,56800.0,34평(112.42)",
            "rank_history":[
                [
                    "202203",
                    66
                ],
                [
                    "202202",
                    50
                ],
                [
                    "202201",
                    44
                ]
            ],
            "rank_gap":-16
        },
        {
            "index":241,
            "아파트명":"벽산e빌리지",
            "투자타입":"일반",
            "전용면적(m2)":"94.24",
            "전용면적(평)":"28평",
            "법정동주소":"울산시 중구 성안동 371-2",
            "도로명주소":"울산시 중구 함월22길 24",
            "세대수":50,
            "입주년차":40,
            "용적률점수":"--",
            "건폐율점수":"--",
            "세대당주차수":30,
            "난방방식":30,
            "공급면적":"--",
            "전용률":"--",
            "욕실수":100,
            "현관타입":50,
            "주거총점":48.0,
            "지역구공급총점":0.0,
            "역세권":"NA",
            "30분내 이동가능 거점":"NA",
            "1시간내 이동가능 거점":"NA",
            "교통총점":"NA",
            "백화점":0,
            "아울렛몰":0,
            "대형마트":0,
            "은행":0,
            "병원":0,
            "종합병원":100,
            "공원":100,
            "혐오시설":0,
            "인프라총점":23.0,
            "초등학군":90.01,
            "중학군":51.66,
            "학군총점":59.33,
            "인구수":23.57,
            "인구증감":-12.32,
            "인구총점":12.803,
            "일자리":7.57,
            "소득수준":63.68,
            "일자리총점":24.403,
            "가치 총점":40.8325,
            "매매실거래년":20220220.0,
            "매매실거래가":26000.0,
            "전세실거래년":20211230.0,
            "전세실거래가":18000.0,
            "전세가율":82.57,
            "장기전세가율평균":71.43,
            "전세가율거품지수":-11.14,
            "검색코드":17339,
            "세대수":483,
            "준공년월":"2004-11-30",
            "준공년차":19,
            "가까운역이름":"NA",
            "가까운역거리":"NA",
            "역세권여부":"NA",
            "30분이내주요거점역":"NA",
            "30분거점역이름":"NA",
            "1시간이내주요거점역":"NA",
            "1시간거점역이름":"NA",
            "3km이내백화점수":0,
            "5km이내아울렛몰수":0,
            "1km이내대형먀트수":0,
            "500m이내은행수":0,
            "500m이내병원수":0,
            "5km이내대형병원수":4,
            "500m이내공원수":10,
            "3km이내혐오시설수":0,
            "초등학교학업성취도":90.01,
            "중학교학업성취도":85.5,
            "용적률":199,
            "건폐율":22,
            "Y":35.580017,
            "X":129.317549,
            "rank":67.0,
            "area_info":"28평(94.24), 32평(106.47)",
            "last_sales":"2022-02-20,26000.0,32평(106.47)",
            "rank_history":[
                [
                    "202203",
                    67
                ],
                [
                    "202202",
                    51
                ],
                [
                    "202201",
                    48
                ]
            ],
            "rank_gap":-16
        },
        {
            "index":295,
            "아파트명":"동원",
            "투자타입":"재건축",
            "전용면적(m2)":"48.96",
            "전용면적(평)":"14평",
            "법정동주소":"울산시 중구 우정동 284-1",
            "도로명주소":"울산시 중구 당산3길 39",
            "세대수":0,
            "입주년차":"--",
            "용적률점수":0,
            "건폐율점수":0,
            "세대당주차수":"--",
            "난방방식":"--",
            "공급면적":50,
            "전용률":100,
            "욕실수":"--",
            "현관타입":"--",
            "주거총점":7.5,
            "지역구공급총점":0.0,
            "역세권":"NA",
            "30분내 이동가능 거점":"NA",
            "1시간내 이동가능 거점":"NA",
            "교통총점":"NA",
            "백화점":100,
            "아울렛몰":0,
            "대형마트":0,
            "은행":20,
            "병원":0,
            "종합병원":100,
            "공원":100,
            "혐오시설":0,
            "인프라총점":55.0,
            "초등학군":89.99,
            "중학군":54.6,
            "학군총점":61.678,
            "인구수":23.57,
            "인구증감":-12.32,
            "인구총점":12.803,
            "일자리":7.57,
            "소득수준":63.68,
            "일자리총점":24.403,
            "가치 총점":40.0445,
            "매매실거래년":20210928.0,
            "매매실거래가":28000.0,
            "전세실거래년":null,
            "전세실거래가":null,
            "전세가율":null,
            "장기전세가율평균":71.43,
            "전세가율거품지수":null,
            "검색코드":146461,
            "세대수":55,
            "준공년월":"1980-12-23",
            "준공년차":43,
            "가까운역이름":"NA",
            "가까운역거리":"NA",
            "역세권여부":"NA",
            "30분이내주요거점역":"NA",
            "30분거점역이름":"NA",
            "1시간이내주요거점역":"NA",
            "1시간거점역이름":"NA",
            "3km이내백화점수":1,
            "5km이내아울렛몰수":0,
            "1km이내대형먀트수":0,
            "500m이내은행수":2,
            "500m이내병원수":0,
            "5km이내대형병원수":5,
            "500m이내공원수":10,
            "3km이내혐오시설수":0,
            "초등학교학업성취도":89.99,
            "중학교학업성취도":87.6,
            "용적률":0,
            "건폐율":0,
            "Y":35.555635,
            "X":129.310431,
            "rank":68.0,
            "area_info":"14평(48.96), 23평(78.27), 23평(78.27), 23평(78.24), 24평(80.31)",
            "last_sales":"2021-09-28,28000.0,24평(80.31)",
            "rank_history":[
                [
                    "202203",
                    68
                ],
                [
                    "202202",
                    9999
                ]
            ],
            "rank_gap":9999
        },
        {
            "index":359,
            "아파트명":"에일린의뜰1차",
            "투자타입":"일반",
            "전용면적(m2)":"110.73",
            "전용면적(평)":"33평",
            "법정동주소":"울산시 중구 유곡동 264",
            "도로명주소":"울산시 중구 종가5길 10",
            "세대수":0,
            "입주년차":60,
            "용적률점수":"--",
            "건폐율점수":"--",
            "세대당주차수":60,
            "난방방식":30,
            "공급면적":"--",
            "전용률":"--",
            "욕실수":100,
            "현관타입":100,
            "주거총점":44.0,
            "지역구공급총점":0.0,
            "역세권":"NA",
            "30분내 이동가능 거점":"NA",
            "1시간내 이동가능 거점":"NA",
            "교통총점":"NA",
            "백화점":0,
            "아울렛몰":0,
            "대형마트":0,
            "은행":0,
            "병원":0,
            "종합병원":100,
            "공원":100,
            "혐오시설":0,
            "인프라총점":23.0,
            "초등학군":90.0,
            "중학군":54.6,
            "학군총점":61.68,
            "인구수":23.57,
            "인구증감":-12.32,
            "인구총점":12.803,
            "일자리":7.57,
            "소득수준":63.68,
            "일자리총점":24.403,
            "가치 총점":40.02,
            "매매실거래년":20220205.0,
            "매매실거래가":57000.0,
            "전세실거래년":20210329.0,
            "전세실거래가":40000.0,
            "전세가율":74.77,
            "장기전세가율평균":71.43,
            "전세가율거품지수":-3.34,
            "검색코드":103958,
            "세대수":200,
            "준공년월":"2013-10-28",
            "준공년차":10,
            "가까운역이름":"NA",
            "가까운역거리":"NA",
            "역세권여부":"NA",
            "30분이내주요거점역":"NA",
            "30분거점역이름":"NA",
            "1시간이내주요거점역":"NA",
            "1시간거점역이름":"NA",
            "3km이내백화점수":0,
            "5km이내아울렛몰수":0,
            "1km이내대형먀트수":0,
            "500m이내은행수":1,
            "500m이내병원수":0,
            "5km이내대형병원수":5,
            "500m이내공원수":12,
            "3km이내혐오시설수":0,
            "초등학교학업성취도":90.0,
            "중학교학업성취도":87.6,
            "용적률":179,
            "건폐율":17,
            "Y":35.562302,
            "X":129.300515,
            "rank":69.0,
            "area_info":"33평(110.73), 33평(111.41)",
            "last_sales":"2022-02-05,57000.0,33평(111.41)",
            "rank_history":[
                [
                    "202203",
                    69
                ],
                [
                    "202202",
                    52
                ],
                [
                    "202201",
                    53
                ]
            ],
            "rank_gap":-17
        },
        {
            "index":478,
            "아파트명":"코코타운",
            "투자타입":"일반",
            "전용면적(m2)":"55.9",
            "전용면적(평)":"16평",
            "법정동주소":"울산시 중구 학산동 75-1",
            "도로명주소":"울산시 중구 구역전길 25",
            "세대수":0,
            "입주년차":0,
            "용적률점수":"--",
            "건폐율점수":"--",
            "세대당주차수":0,
            "난방방식":30,
            "공급면적":"--",
            "전용률":"--",
            "욕실수":50,
            "현관타입":10,
            "주거총점":9.0,
            "지역구공급총점":0.0,
            "역세권":"NA",
            "30분내 이동가능 거점":"NA",
            "1시간내 이동가능 거점":"NA",
            "교통총점":"NA",
            "백화점":100,
            "아울렛몰":0,
            "대형마트":0,
            "은행":0,
            "병원":0,
            "종합병원":100,
            "공원":100,
            "혐오시설":0,
            "인프라총점":53.0,
            "초등학군":90.04,
            "중학군":54.06,
            "학군총점":61.256,
            "인구수":23.57,
            "인구증감":-12.32,
            "인구총점":12.803,
            "일자리":7.57,
            "소득수준":63.68,
            "일자리총점":24.403,
            "가치 총점":39.664,
            "매매실거래년":20210126.0,
            "매매실거래가":16200.0,
            "전세실거래년":null,
            "전세실거래가":null,
            "전세가율":null,
            "장기전세가율평균":71.43,
            "전세가율거품지수":null,
            "검색코드":125562,
            "세대수":72,
            "준공년월":"1994-03-15",
            "준공년차":29,
            "가까운역이름":"NA",
            "가까운역거리":"NA",
            "역세권여부":"NA",
            "30분이내주요거점역":"NA",
            "30분거점역이름":"NA",
            "1시간이내주요거점역":"NA",
            "1시간거점역이름":"NA",
            "3km이내백화점수":2,
            "5km이내아울렛몰수":0,
            "1km이내대형먀트수":0,
            "500m이내은행수":1,
            "500m이내병원수":0,
            "5km이내대형병원수":5,
            "500m이내공원수":8,
            "3km이내혐오시설수":0,
            "초등학교학업성취도":90.04,
            "중학교학업성취도":90.1,
            "용적률":376,
            "건폐율":68,
            "Y":35.557368,
            "X":129.327849,
            "rank":70.0,
            "area_info":"16평(55.9), 18평(59.59), 18평(62.67), 19평(64.84), 22평(74.66), 23평(77.62), 23평(78.54), 25평(84.93), 27평(90.41)",
            "last_sales":"2021-01-26,16200.0,27평(90.41)",
            "rank_history":[
                [
                    "202203",
                    70
                ],
                [
                    "202202",
                    9999
                ]
            ],
            "rank_gap":9999
        },
        {
            "index":264,
            "아파트명":"래미안2단지",
            "투자타입":"일반",
            "전용면적(m2)":"112.84",
            "전용면적(평)":"34평",
            "법정동주소":"울산시 중구 약사동 707-48",
            "도로명주소":"울산시 중구 약사로 40",
            "세대수":0,
            "입주년차":40,
            "용적률점수":"--",
            "건폐율점수":"--",
            "세대당주차수":0,
            "난방방식":30,
            "공급면적":"--",
            "전용률":"--",
            "욕실수":100,
            "현관타입":100,
            "주거총점":31.0,
            "지역구공급총점":0.0,
            "역세권":"NA",
            "30분내 이동가능 거점":"NA",
            "1시간내 이동가능 거점":"NA",
            "교통총점":"NA",
            "백화점":0,
            "아울렛몰":0,
            "대형마트":100,
            "은행":0,
            "병원":0,
            "종합병원":100,
            "공원":100,
            "혐오시설":0,
            "인프라총점":38.0,
            "초등학군":90.0,
            "중학군":42.78,
            "학군총점":52.224,
            "인구수":23.57,
            "인구증감":-12.32,
            "인구총점":12.803,
            "일자리":7.57,
            "소득수준":63.68,
            "일자리총점":24.403,
            "가치 총점":39.106,
            "매매실거래년":20210805.0,
            "매매실거래가":50800.0,
            "전세실거래년":20220212.0,
            "전세실거래가":30000.0,
            "전세가율":59.06,
            "장기전세가율평균":71.43,
            "전세가율거품지수":12.37,
            "검색코드":12008,
            "세대수":143,
            "준공년월":"2004-07-28",
            "준공년차":19,
            "가까운역이름":"NA",
            "가까운역거리":"NA",
            "역세권여부":"NA",
            "30분이내주요거점역":"NA",
            "30분거점역이름":"NA",
            "1시간이내주요거점역":"NA",
            "1시간거점역이름":"NA",
            "3km이내백화점수":0,
            "5km이내아울렛몰수":0,
            "1km이내대형먀트수":2,
            "500m이내은행수":1,
            "500m이내병원수":0,
            "5km이내대형병원수":4,
            "500m이내공원수":12,
            "3km이내혐오시설수":0,
            "초등학교학업성취도":90.0,
            "중학교학업성취도":70.5,
            "용적률":161,
            "건폐율":18,
            "Y":35.569772,
            "X":129.336135,
            "rank":71.0,
            "area_info":"34평(112.84)",
            "last_sales":"2021-08-05,50800.0,34평(112.84)",
            "rank_history":[
                [
                    "202203",
                    71
                ],
                [
                    "202202",
                    53
                ],
                [
                    "202201",
                    58
                ]
            ],
            "rank_gap":-18
        },
        {
            "index":122,
            "아파트명":"현대글로리아맨션",
            "투자타입":"재건축",
            "전용면적(m2)":"82.89",
            "전용면적(평)":"25평",
            "법정동주소":"울산시 중구 반구동 565-1",
            "도로명주소":"울산시 중구",
            "세대수":0,
            "입주년차":"--",
            "용적률점수":0,
            "건폐율점수":0,
            "세대당주차수":"--",
            "난방방식":"--",
            "공급면적":70,
            "전용률":60,
            "욕실수":"--",
            "현관타입":"--",
            "주거총점":6.5,
            "지역구공급총점":0.0,
            "역세권":"NA",
            "30분내 이동가능 거점":"NA",
            "1시간내 이동가능 거점":"NA",
            "교통총점":"NA",
            "백화점":100,
            "아울렛몰":0,
            "대형마트":0,
            "은행":0,
            "병원":0,
            "종합병원":100,
            "공원":100,
            "혐오시설":0,
            "인프라총점":53.0,
            "초등학군":90.0,
            "중학군":55.06,
            "학군총점":62.048,
            "인구수":23.57,
            "인구증감":-12.32,
            "인구총점":12.803,
            "일자리":7.57,
            "소득수준":63.68,
            "일자리총점":24.403,
            "가치 총점":38.987,
            "매매실거래년":20220111.0,
            "매매실거래가":13100.0,
            "전세실거래년":20211129.0,
            "전세실거래가":14700.0,
            "전세가율":112.21,
            "장기전세가율평균":71.43,
            "전세가율거품지수":-40.78,
            "검색코드":106334,
            "세대수":112,
            "준공년월":"1991-09-03",
            "준공년차":32,
            "가까운역이름":"NA",
            "가까운역거리":"NA",
            "역세권여부":"NA",
            "30분이내주요거점역":"NA",
            "30분거점역이름":"NA",
            "1시간이내주요거점역":"NA",
            "1시간거점역이름":"NA",
            "3km이내백화점수":2,
            "5km이내아울렛몰수":0,
            "1km이내대형먀트수":0,
            "500m이내은행수":0,
            "500m이내병원수":0,
            "5km이내대형병원수":5,
            "500m이내공원수":8,
            "3km이내혐오시설수":0,
            "초등학교학업성취도":90.0,
            "중학교학업성취도":89.9,
            "용적률":0,
            "건폐율":0,
            "Y":35.554362,
            "X":129.347239,
            "rank":72.0,
            "area_info":"25평(82.89), 27평(90.33), 28평(94.32), 28평(95.64)",
            "last_sales":"2022-01-11,13100.0,25평(82.89)",
            "rank_history":[
                [
                    "202203",
                    72
                ],
                [
                    "202202",
                    54
                ],
                [
                    "202201",
                    57
                ]
            ],
            "rank_gap":-18
        },
        {
            "index":286,
            "아파트명":"남운",
            "투자타입":"재건축",
            "전용면적(m2)":"57.41",
            "전용면적(평)":"17평",
            "법정동주소":"울산시 중구 우정동 430-5",
            "도로명주소":"울산시 중구 우정1길 1",
            "세대수":0,
            "입주년차":"--",
            "용적률점수":0,
            "건폐율점수":0,
            "세대당주차수":"--",
            "난방방식":"--",
            "공급면적":50,
            "전용률":80,
            "욕실수":"--",
            "현관타입":"--",
            "주거총점":6.5,
            "지역구공급총점":0.0,
            "역세권":"NA",
            "30분내 이동가능 거점":"NA",
            "1시간내 이동가능 거점":"NA",
            "교통총점":"NA",
            "백화점":100,
            "아울렛몰":0,
            "대형마트":0,
            "은행":0,
            "병원":0,
            "종합병원":100,
            "공원":100,
            "혐오시설":0,
            "인프라총점":53.0,
            "초등학군":90.04,
            "중학군":54.06,
            "학군총점":61.256,
            "인구수":23.57,
            "인구증감":-12.32,
            "인구총점":12.803,
            "일자리":7.57,
            "소득수준":63.68,
            "일자리총점":24.403,
            "가치 총점":38.789,
            "매매실거래년":20201130.0,
            "매매실거래가":25000.0,
            "전세실거래년":20201203.0,
            "전세실거래가":9500.0,
            "전세가율":76.61,
            "장기전세가율평균":71.43,
            "전세가율거품지수":-5.18,
            "검색코드":104467,
            "세대수":131,
            "준공년월":"1985-03-15",
            "준공년차":38,
            "가까운역이름":"NA",
            "가까운역거리":"NA",
            "역세권여부":"NA",
            "30분이내주요거점역":"NA",
            "30분거점역이름":"NA",
            "1시간이내주요거점역":"NA",
            "1시간거점역이름":"NA",
            "3km이내백화점수":1,
            "5km이내아울렛몰수":0,
            "1km이내대형먀트수":0,
            "500m이내은행수":0,
            "500m이내병원수":0,
            "5km이내대형병원수":6,
            "500m이내공원수":14,
            "3km이내혐오시설수":0,
            "초등학교학업성취도":90.04,
            "중학교학업성취도":90.1,
            "용적률":0,
            "건폐율":0,
            "Y":35.55936,
            "X":129.313329,
            "rank":73.0,
            "area_info":"17평(57.41), 18평(60.53), 19평(63.68), 19평(65.88), 20평(66.96), 20평(67.5), 20평(67.35), 21평(69.75)",
            "last_sales":"2020-11-30,25000.0,21평(69.75)",
            "rank_history":[
                [
                    "202203",
                    73
                ],
                [
                    "202202",
                    55
                ],
                [
                    "202201",
                    49
                ]
            ],
            "rank_gap":-18
        },
        {
            "index":243,
            "아파트명":"성안금호타운",
            "투자타입":"일반",
            "전용면적(m2)":"75.08",
            "전용면적(평)":"22평",
            "법정동주소":"울산시 중구 성안동 858-1",
            "도로명주소":"울산시 중구 함월5길 35",
            "세대수":50,
            "입주년차":0,
            "용적률점수":"--",
            "건폐율점수":"--",
            "세대당주차수":30,
            "난방방식":30,
            "공급면적":"--",
            "전용률":"--",
            "욕실수":50,
            "현관타입":100,
            "주거총점":40.0,
            "지역구공급총점":0.0,
            "역세권":"NA",
            "30분내 이동가능 거점":"NA",
            "1시간내 이동가능 거점":"NA",
            "교통총점":"NA",
            "백화점":0,
            "아울렛몰":0,
            "대형마트":0,
            "은행":0,
            "병원":0,
            "종합병원":100,
            "공원":100,
            "혐오시설":0,
            "인프라총점":23.0,
            "초등학군":89.98,
            "중학군":51.66,
            "학군총점":59.324,
            "인구수":23.57,
            "인구증감":-12.32,
            "인구총점":12.803,
            "일자리":7.57,
            "소득수준":63.68,
            "일자리총점":24.403,
            "가치 총점":38.031,
            "매매실거래년":20220124.0,
            "매매실거래가":12200.0,
            "전세실거래년":20220124.0,
            "전세실거래가":11000.0,
            "전세가율":90.16,
            "장기전세가율평균":71.43,
            "전세가율거품지수":-18.73,
            "검색코드":6398,
            "세대수":426,
            "준공년월":"1998-11-25",
            "준공년차":25,
            "가까운역이름":"NA",
            "가까운역거리":"NA",
            "역세권여부":"NA",
            "30분이내주요거점역":"NA",
            "30분거점역이름":"NA",
            "1시간이내주요거점역":"NA",
            "1시간거점역이름":"NA",
            "3km이내백화점수":0,
            "5km이내아울렛몰수":0,
            "1km이내대형먀트수":0,
            "500m이내은행수":0,
            "500m이내병원수":0,
            "5km이내대형병원수":6,
            "500m이내공원수":4,
            "3km이내혐오시설수":0,
            "초등학교학업성취도":89.98,
            "중학교학업성취도":85.5,
            "용적률":205,
            "건폐율":24,
            "Y":35.57599,
            "X":129.30502,
            "rank":74.0,
            "area_info":"22평(75.08), 28평(93.64), 32평(106.54)",
            "last_sales":"2022-01-24,12200.0,22평(75.08)",
            "rank_history":[
                [
                    "202203",
                    74
                ],
                [
                    "202202",
                    56
                ],
                [
                    "202201",
                    60
                ]
            ],
            "rank_gap":-18
        },
        {
            "index":306,
            "아파트명":"선경1차",
            "투자타입":"일반",
            "전용면적(m2)":"81.79",
            "전용면적(평)":"24평",
            "법정동주소":"울산시 중구 우정동 385",
            "도로명주소":"울산시 중구 우정3길 9",
            "세대수":80,
            "입주년차":0,
            "용적률점수":"--",
            "건폐율점수":"--",
            "세대당주차수":0,
            "난방방식":30,
            "공급면적":"--",
            "전용률":"--",
            "욕실수":50,
            "현관타입":10,
            "주거총점":37.0,
            "지역구공급총점":0.0,
            "역세권":"NA",
            "30분내 이동가능 거점":"NA",
            "1시간내 이동가능 거점":"NA",
            "교통총점":"NA",
            "백화점":0,
            "아울렛몰":0,
            "대형마트":0,
            "은행":0,
            "병원":0,
            "종합병원":100,
            "공원":100,
            "혐오시설":0,
            "인프라총점":23.0,
            "초등학군":89.99,
            "중학군":54.6,
            "학군총점":61.678,
            "인구수":23.57,
            "인구증감":-12.32,
            "인구총점":12.803,
            "일자리":7.57,
            "소득수준":63.68,
            "일자리총점":24.403,
            "가치 총점":37.5695,
            "매매실거래년":20220215.0,
            "매매실거래가":23500.0,
            "전세실거래년":20220222.0,
            "전세실거래가":20000.0,
            "전세가율":85.11,
            "장기전세가율평균":71.43,
            "전세가율거품지수":-13.68,
            "검색코드":6404,
            "세대수":866,
            "준공년월":"1994-07-04",
            "준공년차":29,
            "가까운역이름":"NA",
            "가까운역거리":"NA",
            "역세권여부":"NA",
            "30분이내주요거점역":"NA",
            "30분거점역이름":"NA",
            "1시간이내주요거점역":"NA",
            "1시간거점역이름":"NA",
            "3km이내백화점수":0,
            "5km이내아울렛몰수":0,
            "1km이내대형먀트수":0,
            "500m이내은행수":1,
            "500m이내병원수":0,
            "5km이내대형병원수":5,
            "500m이내공원수":10,
            "3km이내혐오시설수":0,
            "초등학교학업성취도":89.99,
            "중학교학업성취도":87.6,
            "용적률":228,
            "건폐율":14,
            "Y":35.559162,
            "X":129.308373,
            "rank":75.0,
            "area_info":"24평(81.79), 31평(105.53), 47평(158.59), 61평(204.47)",
            "last_sales":"2022-02-15,23500.0,24평(81.79)",
            "rank_history":[
                [
                    "202203",
                    75
                ],
                [
                    "202202",
                    57
                ],
                [
                    "202201",
                    55
                ]
            ],
            "rank_gap":-18
        },
        {
            "index":189,
            "아파트명":"신한그린맨션",
            "투자타입":"재건축",
            "전용면적(m2)":"70.92",
            "전용면적(평)":"21평",
            "법정동주소":"울산시 중구 복산동 671",
            "도로명주소":"울산시 중구 손골9길 38",
            "세대수":0,
            "입주년차":"--",
            "용적률점수":0,
            "건폐율점수":80,
            "세대당주차수":"--",
            "난방방식":"--",
            "공급면적":50,
            "전용률":80,
            "욕실수":"--",
            "현관타입":"--",
            "주거총점":22.5,
            "지역구공급총점":0.0,
            "역세권":"NA",
            "30분내 이동가능 거점":"NA",
            "1시간내 이동가능 거점":"NA",
            "교통총점":"NA",
            "백화점":0,
            "아울렛몰":0,
            "대형마트":80,
            "은행":0,
            "병원":0,
            "종합병원":100,
            "공원":100,
            "혐오시설":0,
            "인프라총점":35.0,
            "초등학군":89.98,
            "중학군":54.06,
            "학군총점":61.244,
            "인구수":23.57,
            "인구증감":-12.32,
            "인구총점":12.803,
            "일자리":7.57,
            "소득수준":63.68,
            "일자리총점":24.403,
            "가치 총점":37.186,
            "매매실거래년":20220218.0,
            "매매실거래가":11700.0,
            "전세실거래년":20200921.0,
            "전세실거래가":7000.0,
            "전세가율":63.64,
            "장기전세가율평균":71.43,
            "전세가율거품지수":7.79,
            "검색코드":6366,
            "세대수":198,
            "준공년월":"1991-01-31",
            "준공년차":32,
            "가까운역이름":"NA",
            "가까운역거리":"NA",
            "역세권여부":"NA",
            "30분이내주요거점역":"NA",
            "30분거점역이름":"NA",
            "1시간이내주요거점역":"NA",
            "1시간거점역이름":"NA",
            "3km이내백화점수":0,
            "5km이내아울렛몰수":0,
            "1km이내대형먀트수":1,
            "500m이내은행수":0,
            "500m이내병원수":0,
            "5km이내대형병원수":5,
            "500m이내공원수":11,
            "3km이내혐오시설수":0,
            "초등학교학업성취도":89.98,
            "중학교학업성취도":90.1,
            "용적률":268,
            "건폐율":22,
            "Y":35.56491,
            "X":129.324207,
            "rank":76.0,
            "area_info":"21평(70.92), 26평(87.15), 31평(103.49)",
            "last_sales":"2022-02-18,11700.0,26평(87.15)",
            "rank_history":[
                [
                    "202203",
                    76
                ],
                [
                    "202202",
                    58
                ],
                [
                    "202201",
                    75
                ]
            ],
            "rank_gap":-18
        },
        {
            "index":460,
            "아파트명":"진영동부",
            "투자타입":"일반",
            "전용면적(m2)":"86.19",
            "전용면적(평)":"26평",
            "법정동주소":"울산시 중구 태화동 412-2",
            "도로명주소":"울산시 중구 신기12길 38",
            "세대수":80,
            "입주년차":0,
            "용적률점수":"--",
            "건폐율점수":"--",
            "세대당주차수":0,
            "난방방식":30,
            "공급면적":"--",
            "전용률":"--",
            "욕실수":50,
            "현관타입":10,
            "주거총점":37.0,
            "지역구공급총점":0.0,
            "역세권":"NA",
            "30분내 이동가능 거점":"NA",
            "1시간내 이동가능 거점":"NA",
            "교통총점":"NA",
            "백화점":0,
            "아울렛몰":0,
            "대형마트":0,
            "은행":0,
            "병원":0,
            "종합병원":100,
            "공원":100,
            "혐오시설":0,
            "인프라총점":23.0,
            "초등학군":89.99,
            "중학군":52.08,
            "학군총점":59.662,
            "인구수":23.57,
            "인구증감":-12.32,
            "인구총점":12.803,
            "일자리":7.57,
            "소득수준":63.68,
            "일자리총점":24.403,
            "가치 총점":37.0655,
            "매매실거래년":20220219.0,
            "매매실거래가":16700.0,
            "전세실거래년":20220128.0,
            "전세실거래가":15500.0,
            "전세가율":92.81,
            "장기전세가율평균":71.43,
            "전세가율거품지수":-21.38,
            "검색코드":6522,
            "세대수":739,
            "준공년월":"1994-02-21",
            "준공년차":29,
            "가까운역이름":"NA",
            "가까운역거리":"NA",
            "역세권여부":"NA",
            "30분이내주요거점역":"NA",
            "30분거점역이름":"NA",
            "1시간이내주요거점역":"NA",
            "1시간거점역이름":"NA",
            "3km이내백화점수":0,
            "5km이내아울렛몰수":0,
            "1km이내대형먀트수":0,
            "500m이내은행수":1,
            "500m이내병원수":0,
            "5km이내대형병원수":4,
            "500m이내공원수":6,
            "3km이내혐오시설수":0,
            "초등학교학업성취도":89.99,
            "중학교학업성취도":85.2,
            "용적률":367,
            "건폐율":24,
            "Y":35.553579,
            "X":129.29701,
            "rank":77.0,
            "area_info":"26평(86.19), 28평(93.13), 31평(104.99), 48평(161.54)",
            "last_sales":"2022-02-19,16700.0,26평(86.19)",
            "rank_history":[
                [
                    "202203",
                    77
                ],
                [
                    "202202",
                    59
                ],
                [
                    "202201",
                    46
                ]
            ],
            "rank_gap":-18
        },
        {
            "index":398,
            "아파트명":"구룡유토빌",
            "투자타입":"일반",
            "전용면적(m2)":"95.91",
            "전용면적(평)":"29평",
            "법정동주소":"울산시 중구 태화동 318",
            "도로명주소":"울산시 중구 명난로 25-10",
            "세대수":0,
            "입주년차":20,
            "용적률점수":"--",
            "건폐율점수":"--",
            "세대당주차수":30,
            "난방방식":30,
            "공급면적":"--",
            "전용률":"--",
            "욕실수":100,
            "현관타입":100,
            "주거총점":31.5,
            "지역구공급총점":0.0,
            "역세권":"NA",
            "30분내 이동가능 거점":"NA",
            "1시간내 이동가능 거점":"NA",
            "교통총점":"NA",
            "백화점":0,
            "아울렛몰":0,
            "대형마트":0,
            "은행":0,
            "병원":0,
            "종합병원":100,
            "공원":100,
            "혐오시설":0,
            "인프라총점":23.0,
            "초등학군":89.99,
            "중학군":59.04,
            "학군총점":65.23,
            "인구수":23.57,
            "인구증감":-12.32,
            "인구총점":12.803,
            "일자리":7.57,
            "소득수준":63.68,
            "일자리총점":24.403,
            "가치 총점":36.5325,
            "매매실거래년":20201106.0,
            "매매실거래가":14000.0,
            "전세실거래년":null,
            "전세실거래가":null,
            "전세가율":null,
            "장기전세가율평균":71.43,
            "전세가율거품지수":null,
            "검색코드":135557,
            "세대수":57,
            "준공년월":"2001-09-14",
            "준공년차":22,
            "가까운역이름":"NA",
            "가까운역거리":"NA",
            "역세권여부":"NA",
            "30분이내주요거점역":"NA",
            "30분거점역이름":"NA",
            "1시간이내주요거점역":"NA",
            "1시간거점역이름":"NA",
            "3km이내백화점수":0,
            "5km이내아울렛몰수":0,
            "1km이내대형먀트수":0,
            "500m이내은행수":0,
            "500m이내병원수":0,
            "5km이내대형병원수":4,
            "500m이내공원수":4,
            "3km이내혐오시설수":0,
            "초등학교학업성취도":89.99,
            "중학교학업성취도":96.6,
            "용적률":299,
            "건폐율":29,
            "Y":35.557466,
            "X":129.282006,
            "rank":78.0,
            "area_info":"29평(95.91), 29평(96.05), 29평(97.45), 30평(101.61), 31평(103.22)",
            "last_sales":"2020-11-06,14000.0,31평(103.22)",
            "rank_history":[
                [
                    "202203",
                    78
                ],
                [
                    "202202",
                    9999
                ]
            ],
            "rank_gap":9999
        },
        {
            "index":235,
            "아파트명":"대협팔래스",
            "투자타입":"일반",
            "전용면적(m2)":"102.77",
            "전용면적(평)":"31평",
            "법정동주소":"울산시 중구 성안동 792-3",
            "도로명주소":"울산시 중구 함월로 46",
            "세대수":0,
            "입주년차":40,
            "용적률점수":"--",
            "건폐율점수":"--",
            "세대당주차수":30,
            "난방방식":30,
            "공급면적":"--",
            "전용률":"--",
            "욕실수":100,
            "현관타입":100,
            "주거총점":35.5,
            "지역구공급총점":0.0,
            "역세권":"NA",
            "30분내 이동가능 거점":"NA",
            "1시간내 이동가능 거점":"NA",
            "교통총점":"NA",
            "백화점":0,
            "아울렛몰":0,
            "대형마트":0,
            "은행":0,
            "병원":0,
            "종합병원":100,
            "공원":100,
            "혐오시설":0,
            "인프라총점":23.0,
            "초등학군":89.98,
            "중학군":51.66,
            "학군총점":59.324,
            "인구수":23.57,
            "인구증감":-12.32,
            "인구총점":12.803,
            "일자리":7.57,
            "소득수준":63.68,
            "일자리총점":24.403,
            "가치 총점":36.456,
            "매매실거래년":20220217.0,
            "매매실거래가":17000.0,
            "전세실거래년":20200226.0,
            "전세실거래가":16000.0,
            "전세가율":88.89,
            "장기전세가율평균":71.43,
            "전세가율거품지수":-17.46,
            "검색코드":100860,
            "세대수":103,
            "준공년월":"2005-03-18",
            "준공년차":18,
            "가까운역이름":"NA",
            "가까운역거리":"NA",
            "역세권여부":"NA",
            "30분이내주요거점역":"NA",
            "30분거점역이름":"NA",
            "1시간이내주요거점역":"NA",
            "1시간거점역이름":"NA",
            "3km이내백화점수":0,
            "5km이내아울렛몰수":0,
            "1km이내대형먀트수":0,
            "500m이내은행수":0,
            "500m이내병원수":0,
            "5km이내대형병원수":5,
            "500m이내공원수":12,
            "3km이내혐오시설수":0,
            "초등학교학업성취도":89.98,
            "중학교학업성취도":85.5,
            "용적률":187,
            "건폐율":34,
            "Y":35.577855,
            "X":129.311645,
            "rank":79.0,
            "area_info":"31평(102.77), 31평(102.74)",
            "last_sales":"2022-02-17,17000.0,31평(102.74)",
            "rank_history":[
                [
                    "202203",
                    79
                ],
                [
                    "202202",
                    60
                ],
                [
                    "202201",
                    64
                ]
            ],
            "rank_gap":-19
        },
        {
            "index":247,
            "아파트명":"성안청구타운",
            "투자타입":"일반",
            "전용면적(m2)":"78.17",
            "전용면적(평)":"23평",
            "법정동주소":"울산시 중구 성안동 370-1",
            "도로명주소":"울산시 중구 함월22길 25",
            "세대수":50,
            "입주년차":0,
            "용적률점수":"--",
            "건폐율점수":"--",
            "세대당주차수":0,
            "난방방식":30,
            "공급면적":"--",
            "전용률":"--",
            "욕실수":50,
            "현관타입":100,
            "주거총점":35.5,
            "지역구공급총점":0.0,
            "역세권":"NA",
            "30분내 이동가능 거점":"NA",
            "1시간내 이동가능 거점":"NA",
            "교통총점":"NA",
            "백화점":0,
            "아울렛몰":0,
            "대형마트":0,
            "은행":0,
            "병원":0,
            "종합병원":100,
            "공원":100,
            "혐오시설":0,
            "인프라총점":23.0,
            "초등학군":89.98,
            "중학군":51.66,
            "학군총점":59.324,
            "인구수":23.57,
            "인구증감":-12.32,
            "인구총점":12.803,
            "일자리":7.57,
            "소득수준":63.68,
            "일자리총점":24.403,
            "가치 총점":36.456,
            "매매실거래년":20211129.0,
            "매매실거래가":14300.0,
            "전세실거래년":20210623.0,
            "전세실거래가":10000.0,
            "전세가율":69.93,
            "장기전세가율평균":71.43,
            "전세가율거품지수":1.5,
            "검색코드":14744,
            "세대수":483,
            "준공년월":"1996-08-31",
            "준공년차":27,
            "가까운역이름":"NA",
            "가까운역거리":"NA",
            "역세권여부":"NA",
            "30분이내주요거점역":"NA",
            "30분거점역이름":"NA",
            "1시간이내주요거점역":"NA",
            "1시간거점역이름":"NA",
            "3km이내백화점수":0,
            "5km이내아울렛몰수":0,
            "1km이내대형먀트수":0,
            "500m이내은행수":0,
            "500m이내병원수":0,
            "5km이내대형병원수":4,
            "500m이내공원수":14,
            "3km이내혐오시설수":0,
            "초등학교학업성취도":89.98,
            "중학교학업성취도":85.5,
            "용적률":165,
            "건폐율":30,
            "Y":35.579678,
            "X":129.315569,
            "rank":79.0,
            "area_info":"23평(78.17), 28평(94.15), 31평(105.15), 43평(145.08)",
            "last_sales":"2021-11-29,14300.0,23평(78.17)",
            "rank_history":[
                [
                    "202203",
                    79
                ],
                [
                    "202202",
                    60
                ],
                [
                    "202201",
                    63
                ]
            ],
            "rank_gap":-19
        },
        {
            "index":259,
            "아파트명":"현대싱그런",
            "투자타입":"일반",
            "전용면적(m2)":"113.35",
            "전용면적(평)":"34평",
            "법정동주소":"울산시 중구 성안동 758",
            "도로명주소":"울산시 중구 함월로 75",
            "세대수":0,
            "입주년차":40,
            "용적률점수":"--",
            "건폐율점수":"--",
            "세대당주차수":30,
            "난방방식":30,
            "공급면적":"--",
            "전용률":"--",
            "욕실수":100,
            "현관타입":100,
            "주거총점":35.5,
            "지역구공급총점":0.0,
            "역세권":"NA",
            "30분내 이동가능 거점":"NA",
            "1시간내 이동가능 거점":"NA",
            "교통총점":"NA",
            "백화점":0,
            "아울렛몰":0,
            "대형마트":0,
            "은행":0,
            "병원":0,
            "종합병원":100,
            "공원":100,
            "혐오시설":0,
            "인프라총점":23.0,
            "초등학군":89.98,
            "중학군":51.66,
            "학군총점":59.324,
            "인구수":23.57,
            "인구증감":-12.32,
            "인구총점":12.803,
            "일자리":7.57,
            "소득수준":63.68,
            "일자리총점":24.403,
            "가치 총점":36.456,
            "매매실거래년":20220205.0,
            "매매실거래가":25300.0,
            "전세실거래년":20200122.0,
            "전세실거래가":16000.0,
            "전세가율":63.24,
            "장기전세가율평균":71.43,
            "전세가율거품지수":8.19,
            "검색코드":24705,
            "세대수":124,
            "준공년월":"2007-01-11",
            "준공년차":16,
            "가까운역이름":"NA",
            "가까운역거리":"NA",
            "역세권여부":"NA",
            "30분이내주요거점역":"NA",
            "30분거점역이름":"NA",
            "1시간이내주요거점역":"NA",
            "1시간거점역이름":"NA",
            "3km이내백화점수":0,
            "5km이내아울렛몰수":0,
            "1km이내대형먀트수":0,
            "500m이내은행수":0,
            "500m이내병원수":0,
            "5km이내대형병원수":4,
            "500m이내공원수":10,
            "3km이내혐오시설수":0,
            "초등학교학업성취도":89.98,
            "중학교학업성취도":85.5,
            "용적률":185,
            "건폐율":22,
            "Y":35.580141,
            "X":129.314451,
            "rank":79.0,
            "area_info":"34평(113.35)",
            "last_sales":"2022-02-05,25300.0,34평(113.35)",
            "rank_history":[
                [
                    "202203",
                    79
                ],
                [
                    "202202",
                    60
                ],
                [
                    "202201",
                    64
                ]
            ],
            "rank_gap":-19
        },
        {
            "index":32,
            "아파트명":"다운동아큰마을",
            "투자타입":"일반",
            "전용면적(m2)":"79.85",
            "전용면적(평)":"24평",
            "법정동주소":"울산시 중구 다운동 702",
            "도로명주소":"울산시 중구 다운로 175",
            "세대수":50,
            "입주년차":20,
            "용적률점수":"--",
            "건폐율점수":"--",
            "세대당주차수":30,
            "난방방식":30,
            "공급면적":"--",
            "전용률":"--",
            "욕실수":50,
            "현관타입":10,
            "주거총점":35.0,
            "지역구공급총점":0.0,
            "역세권":"NA",
            "30분내 이동가능 거점":"NA",
            "1시간내 이동가능 거점":"NA",
            "교통총점":"NA",
            "백화점":0,
            "아울렛몰":0,
            "대형마트":0,
            "은행":0,
            "병원":0,
            "종합병원":100,
            "공원":100,
            "혐오시설":0,
            "인프라총점":23.0,
            "초등학군":89.96,
            "중학군":52.22,
            "학군총점":59.768,
            "인구수":23.57,
            "인구증감":-12.32,
            "인구총점":12.803,
            "일자리":7.57,
            "소득수준":63.68,
            "일자리총점":24.403,
            "가치 총점":36.392,
            "매매실거래년":20220120.0,
            "매매실거래가":31300.0,
            "전세실거래년":20200207.0,
            "전세실거래가":9000.0,
            "전세가율":48.65,
            "장기전세가율평균":71.43,
            "전세가율거품지수":22.78,
            "검색코드":6314,
            "세대수":658,
            "준공년월":"2002-03-07",
            "준공년차":21,
            "가까운역이름":"NA",
            "가까운역거리":"NA",
            "역세권여부":"NA",
            "30분이내주요거점역":"NA",
            "30분거점역이름":"NA",
            "1시간이내주요거점역":"NA",
            "1시간거점역이름":"NA",
            "3km이내백화점수":0,
            "5km이내아울렛몰수":0,
            "1km이내대형먀트수":0,
            "500m이내은행수":0,
            "500m이내병원수":0,
            "5km이내대형병원수":2,
            "500m이내공원수":6,
            "3km이내혐오시설수":0,
            "초등학교학업성취도":89.96,
            "중학교학업성취도":85.5,
            "용적률":301,
            "건폐율":22,
            "Y":35.568702,
            "X":129.265749,
            "rank":80.0,
            "area_info":"24평(79.85), 29평(98.03), 32평(107.58), 49평(163.52)",
            "last_sales":"2022-01-20,31300.0,32평(107.58)",
            "rank_history":[
                [
                    "202203",
                    80
                ],
                [
                    "202202",
                    61
                ],
                [
                    "202201",
                    66
                ]
            ],
            "rank_gap":-19
        },
        {
            "index":217,
            "아파트명":"서동현대",
            "투자타입":"재건축",
            "전용면적(m2)":"66.82",
            "전용면적(평)":"20평",
            "법정동주소":"울산시 중구 서동 34-2",
            "도로명주소":"울산시 중구 동천1길 31",
            "세대수":50,
            "입주년차":"--",
            "용적률점수":0,
            "건폐율점수":80,
            "세대당주차수":"--",
            "난방방식":"--",
            "공급면적":50,
            "전용률":60,
            "욕실수":"--",
            "현관타입":"--",
            "주거총점":36.5,
            "지역구공급총점":0.0,
            "역세권":"NA",
            "30분내 이동가능 거점":"NA",
            "1시간내 이동가능 거점":"NA",
            "교통총점":"NA",
            "백화점":0,
            "아울렛몰":0,
            "대형마트":0,
            "은행":0,
            "병원":0,
            "종합병원":100,
            "공원":100,
            "혐오시설":0,
            "인프라총점":23.0,
            "초등학군":90.01,
            "중학군":48.48,
            "학군총점":56.786,
            "인구수":23.57,
            "인구증감":-12.32,
            "인구총점":12.803,
            "일자리":7.57,
            "소득수준":63.68,
            "일자리총점":24.403,
            "가치 총점":36.1715,
            "매매실거래년":20220126.0,
            "매매실거래가":12500.0,
            "전세실거래년":20211226.0,
            "전세실거래가":8900.0,
            "전세가율":71.2,
            "장기전세가율평균":71.43,
            "전세가율거품지수":0.23,
            "검색코드":6393,
            "세대수":401,
            "준공년월":"1992-08-21",
            "준공년차":31,
            "가까운역이름":"NA",
            "가까운역거리":"NA",
            "역세권여부":"NA",
            "30분이내주요거점역":"NA",
            "30분거점역이름":"NA",
            "1시간이내주요거점역":"NA",
            "1시간거점역이름":"NA",
            "3km이내백화점수":0,
            "5km이내아울렛몰수":0,
            "1km이내대형먀트수":0,
            "500m이내은행수":0,
            "500m이내병원수":0,
            "5km이내대형병원수":3,
            "500m이내공원수":5,
            "3km이내혐오시설수":0,
            "초등학교학업성취도":90.01,
            "중학교학업성취도":80.2,
            "용적률":257,
            "건폐율":24,
            "Y":35.583372,
            "X":129.345926,
            "rank":81.0,
            "area_info":"20평(66.82)",
            "last_sales":"2022-01-26,12500.0,20평(66.82)",
            "rank_history":[
                [
                    "202203",
                    81
                ],
                [
                    "202202",
                    62
                ],
                [
                    "202201",
                    62
                ]
            ],
            "rank_gap":-19
        },
        {
            "index":48,
            "아파트명":"월성개나리타운",
            "투자타입":"일반",
            "전용면적(m2)":"90.28",
            "전용면적(평)":"27평",
            "법정동주소":"울산시 중구 동동 139-1",
            "도로명주소":"울산시 중구 산전5길 15-5",
            "세대수":0,
            "입주년차":0,
            "용적률점수":"--",
            "건폐율점수":"--",
            "세대당주차수":0,
            "난방방식":30,
            "공급면적":"--",
            "전용률":"--",
            "욕실수":100,
            "현관타입":50,
            "주거총점":18.0,
            "지역구공급총점":0.0,
            "역세권":"NA",
            "30분내 이동가능 거점":"NA",
            "1시간내 이동가능 거점":"NA",
            "교통총점":"NA",
            "백화점":0,
            "아울렛몰":0,
            "대형마트":100,
            "은행":0,
            "병원":0,
            "종합병원":100,
            "공원":100,
            "혐오시설":0,
            "인프라총점":38.0,
            "초등학군":89.94,
            "중학군":48.48,
            "학군총점":56.772,
            "인구수":23.57,
            "인구증감":-12.32,
            "인구총점":12.803,
            "일자리":7.57,
            "소득수준":63.68,
            "일자리총점":24.403,
            "가치 총점":35.693,
            "매매실거래년":20211221.0,
            "매매실거래가":9000.0,
            "전세실거래년":20211223.0,
            "전세실거래가":7000.0,
            "전세가율":77.78,
            "장기전세가율평균":71.43,
            "전세가율거품지수":-6.35,
            "검색코드":123105,
            "세대수":63,
            "준공년월":"1993-06-10",
            "준공년차":30,
            "가까운역이름":"NA",
            "가까운역거리":"NA",
            "역세권여부":"NA",
            "30분이내주요거점역":"NA",
            "30분거점역이름":"NA",
            "1시간이내주요거점역":"NA",
            "1시간거점역이름":"NA",
            "3km이내백화점수":0,
            "5km이내아울렛몰수":0,
            "1km이내대형먀트수":2,
            "500m이내은행수":0,
            "500m이내병원수":0,
            "5km이내대형병원수":4,
            "500m이내공원수":6,
            "3km이내혐오시설수":0,
            "초등학교학업성취도":89.94,
            "중학교학업성취도":80.2,
            "용적률":166,
            "건폐율":25,
            "Y":35.576135,
            "X":129.348732,
            "rank":82.0,
            "area_info":"27평(90.28)",
            "last_sales":"2021-12-21,9000.0,27평(90.28)",
            "rank_history":[
                [
                    "202203",
                    82
                ],
                [
                    "202202",
                    9999
                ]
            ],
            "rank_gap":9999
        },
        {
            "index":130,
            "아파트명":"남운럭키맨션",
            "투자타입":"재건축",
            "전용면적(m2)":"83.65",
            "전용면적(평)":"25평",
            "법정동주소":"울산시 중구 복산동 186-2",
            "도로명주소":"울산시 중구 도화골길 28",
            "세대수":50,
            "입주년차":"--",
            "용적률점수":0,
            "건폐율점수":0,
            "세대당주차수":"--",
            "난방방식":"--",
            "공급면적":70,
            "전용률":60,
            "욕실수":"--",
            "현관타입":"--",
            "주거총점":21.5,
            "지역구공급총점":0.0,
            "역세권":"NA",
            "30분내 이동가능 거점":"NA",
            "1시간내 이동가능 거점":"NA",
            "교통총점":"NA",
            "백화점":0,
            "아울렛몰":0,
            "대형마트":80,
            "은행":0,
            "병원":0,
            "종합병원":100,
            "공원":100,
            "혐오시설":0,
            "인프라총점":35.0,
            "초등학군":90.01,
            "중학군":47.8,
            "학군총점":56.242,
            "인구수":23.57,
            "인구증감":-12.32,
            "인구총점":12.803,
            "일자리":7.57,
            "소득수준":63.68,
            "일자리총점":24.403,
            "가치 총점":35.5855,
            "매매실거래년":20220209.0,
            "매매실거래가":23000.0,
            "전세실거래년":20211113.0,
            "전세실거래가":10300.0,
            "전세가율":61.68,
            "장기전세가율평균":71.43,
            "전세가율거품지수":9.75,
            "검색코드":6333,
            "세대수":495,
            "준공년월":"1989-08-31",
            "준공년차":34,
            "가까운역이름":"NA",
            "가까운역거리":"NA",
            "역세권여부":"NA",
            "30분이내주요거점역":"NA",
            "30분거점역이름":"NA",
            "1시간이내주요거점역":"NA",
            "1시간거점역이름":"NA",
            "3km이내백화점수":0,
            "5km이내아울렛몰수":0,
            "1km이내대형먀트수":1,
            "500m이내은행수":1,
            "500m이내병원수":0,
            "5km이내대형병원수":5,
            "500m이내공원수":14,
            "3km이내혐오시설수":0,
            "초등학교학업성취도":90.01,
            "중학교학업성취도":78.0,
            "용적률":0,
            "건폐율":0,
            "Y":35.567988,
            "X":129.331174,
            "rank":83.0,
            "area_info":"25평(83.65), 27평(92.53), 31평(105.56), 32평(106.29), 32평(106.67)",
            "last_sales":"2022-02-09,23000.0,32평(106.67)",
            "rank_history":[
                [
                    "202203",
                    83
                ],
                [
                    "202202",
                    63
                ],
                [
                    "202201",
                    82
                ]
            ],
            "rank_gap":-20
        },
        {
            "index":257,
            "아파트명":"햇빛마을경동2단지",
            "투자타입":"일반",
            "전용면적(m2)":"86.08",
            "전용면적(평)":"26평",
            "법정동주소":"울산시 중구 성안동 855-3",
            "도로명주소":"울산시 중구 함월2길 56",
            "세대수":0,
            "입주년차":20,
            "용적률점수":"--",
            "건폐율점수":"--",
            "세대당주차수":30,
            "난방방식":30,
            "공급면적":"--",
            "전용률":"--",
            "욕실수":100,
            "현관타입":100,
            "주거총점":31.5,
            "지역구공급총점":0.0,
            "역세권":"NA",
            "30분내 이동가능 거점":"NA",
            "1시간내 이동가능 거점":"NA",
            "교통총점":"NA",
            "백화점":0,
            "아울렛몰":0,
            "대형마트":0,
            "은행":0,
            "병원":0,
            "종합병원":100,
            "공원":100,
            "혐오시설":0,
            "인프라총점":23.0,
            "초등학군":89.98,
            "중학군":51.66,
            "학군총점":59.324,
            "인구수":23.57,
            "인구증감":-12.32,
            "인구총점":12.803,
            "일자리":7.57,
            "소득수준":63.68,
            "일자리총점":24.403,
            "가치 총점":35.056,
            "매매실거래년":20220112.0,
            "매매실거래가":15000.0,
            "전세실거래년":20210130.0,
            "전세실거래가":13000.0,
            "전세가율":86.67,
            "장기전세가율평균":71.43,
            "전세가율거품지수":-15.24,
            "검색코드":101824,
            "세대수":147,
            "준공년월":"2001-10-27",
            "준공년차":22,
            "가까운역이름":"NA",
            "가까운역거리":"NA",
            "역세권여부":"NA",
            "30분이내주요거점역":"NA",
            "30분거점역이름":"NA",
            "1시간이내주요거점역":"NA",
            "1시간거점역이름":"NA",
            "3km이내백화점수":0,
            "5km이내아울렛몰수":0,
            "1km이내대형먀트수":0,
            "500m이내은행수":0,
            "500m이내병원수":0,
            "5km이내대형병원수":6,
            "500m이내공원수":8,
            "3km이내혐오시설수":0,
            "초등학교학업성취도":89.98,
            "중학교학업성취도":85.5,
            "용적률":221,
            "건폐율":33,
            "Y":35.574999,
            "X":129.306567,
            "rank":84.0,
            "area_info":"26평(86.08), 28평(94.67)",
            "last_sales":"2022-01-12,15000.0,26평(86.08)",
            "rank_history":[
                [
                    "202203",
                    84
                ],
                [
                    "202202",
                    64
                ],
                [
                    "202201",
                    68
                ]
            ],
            "rank_gap":-20
        },
        {
            "index":255,
            "아파트명":"햇빛마을경동",
            "투자타입":"일반",
            "전용면적(m2)":"85.23",
            "전용면적(평)":"25평",
            "법정동주소":"울산시 중구 성안동 854-2",
            "도로명주소":"울산시 중구 함월11길 10",
            "세대수":0,
            "입주년차":20,
            "용적률점수":"--",
            "건폐율점수":"--",
            "세대당주차수":30,
            "난방방식":30,
            "공급면적":"--",
            "전용률":"--",
            "욕실수":100,
            "현관타입":100,
            "주거총점":31.5,
            "지역구공급총점":0.0,
            "역세권":"NA",
            "30분내 이동가능 거점":"NA",
            "1시간내 이동가능 거점":"NA",
            "교통총점":"NA",
            "백화점":0,
            "아울렛몰":0,
            "대형마트":0,
            "은행":0,
            "병원":0,
            "종합병원":100,
            "공원":100,
            "혐오시설":0,
            "인프라총점":23.0,
            "초등학군":89.98,
            "중학군":51.66,
            "학군총점":59.324,
            "인구수":23.57,
            "인구증감":-12.32,
            "인구총점":12.803,
            "일자리":7.57,
            "소득수준":63.68,
            "일자리총점":24.403,
            "가치 총점":35.056,
            "매매실거래년":20211220.0,
            "매매실거래가":13000.0,
            "전세실거래년":null,
            "전세실거래가":null,
            "전세가율":null,
            "장기전세가율평균":71.43,
            "전세가율거품지수":null,
            "검색코드":101760,
            "세대수":180,
            "준공년월":"2001-06-11",
            "준공년차":22,
            "가까운역이름":"NA",
            "가까운역거리":"NA",
            "역세권여부":"NA",
            "30분이내주요거점역":"NA",
            "30분거점역이름":"NA",
            "1시간이내주요거점역":"NA",
            "1시간거점역이름":"NA",
            "3km이내백화점수":0,
            "5km이내아울렛몰수":0,
            "1km이내대형먀트수":0,
            "500m이내은행수":0,
            "500m이내병원수":0,
            "5km이내대형병원수":6,
            "500m이내공원수":12,
            "3km이내혐오시설수":0,
            "초등학교학업성취도":89.98,
            "중학교학업성취도":85.5,
            "용적률":251,
            "건폐율":32,
            "Y":35.574856,
            "X":129.307315,
            "rank":84.0,
            "area_info":"25평(85.23), 31평(104.79)",
            "last_sales":"2021-12-20,13000.0,25평(85.23)",
            "rank_history":[
                [
                    "202203",
                    84
                ],
                [
                    "202202",
                    64
                ],
                [
                    "202201",
                    68
                ]
            ],
            "rank_gap":-20
        },
        {
            "index":251,
            "아파트명":"윈츠힐1차",
            "투자타입":"일반",
            "전용면적(m2)":"90.15",
            "전용면적(평)":"27평",
            "법정동주소":"울산시 중구 성안동 869-5",
            "도로명주소":"울산시 중구 함월11길 21-10",
            "세대수":0,
            "입주년차":20,
            "용적률점수":"--",
            "건폐율점수":"--",
            "세대당주차수":30,
            "난방방식":30,
            "공급면적":"--",
            "전용률":"--",
            "욕실수":100,
            "현관타입":100,
            "주거총점":31.5,
            "지역구공급총점":0.0,
            "역세권":"NA",
            "30분내 이동가능 거점":"NA",
            "1시간내 이동가능 거점":"NA",
            "교통총점":"NA",
            "백화점":0,
            "아울렛몰":0,
            "대형마트":0,
            "은행":0,
            "병원":0,
            "종합병원":100,
            "공원":100,
            "혐오시설":0,
            "인프라총점":23.0,
            "초등학군":89.98,
            "중학군":51.66,
            "학군총점":59.324,
            "인구수":23.57,
            "인구증감":-12.32,
            "인구총점":12.803,
            "일자리":7.57,
            "소득수준":63.68,
            "일자리총점":24.403,
            "가치 총점":35.056,
            "매매실거래년":20211104.0,
            "매매실거래가":16200.0,
            "전세실거래년":20201119.0,
            "전세실거래가":14000.0,
            "전세가율":86.42,
            "장기전세가율평균":71.43,
            "전세가율거품지수":-14.99,
            "검색코드":16314,
            "세대수":83,
            "준공년월":"2002-08-24",
            "준공년차":21,
            "가까운역이름":"NA",
            "가까운역거리":"NA",
            "역세권여부":"NA",
            "30분이내주요거점역":"NA",
            "30분거점역이름":"NA",
            "1시간이내주요거점역":"NA",
            "1시간거점역이름":"NA",
            "3km이내백화점수":0,
            "5km이내아울렛몰수":0,
            "1km이내대형먀트수":0,
            "500m이내은행수":0,
            "500m이내병원수":0,
            "5km이내대형병원수":6,
            "500m이내공원수":10,
            "3km이내혐오시설수":0,
            "초등학교학업성취도":89.98,
            "중학교학업성취도":85.5,
            "용적률":206,
            "건폐율":26,
            "Y":35.573115,
            "X":129.307408,
            "rank":84.0,
            "area_info":"27평(90.15), 31평(102.89), 31평(102.89), 31평(103.79)",
            "last_sales":"2021-11-04,16200.0,27평(90.15)",
            "rank_history":[
                [
                    "202203",
                    84
                ],
                [
                    "202202",
                    9999
                ]
            ],
            "rank_gap":9999
        },
        {
            "index":237,
            "아파트명":"라인에이미",
            "투자타입":"일반",
            "전용면적(m2)":"91.12",
            "전용면적(평)":"27평",
            "법정동주소":"울산시 중구 성안동 492-1",
            "도로명주소":"울산시 중구 성안8길 14",
            "세대수":0,
            "입주년차":40,
            "용적률점수":"--",
            "건폐율점수":"--",
            "세대당주차수":30,
            "난방방식":30,
            "공급면적":"--",
            "전용률":"--",
            "욕실수":100,
            "현관타입":50,
            "주거총점":30.5,
            "지역구공급총점":0.0,
            "역세권":"NA",
            "30분내 이동가능 거점":"NA",
            "1시간내 이동가능 거점":"NA",
            "교통총점":"NA",
            "백화점":0,
            "아울렛몰":0,
            "대형마트":0,
            "은행":0,
            "병원":0,
            "종합병원":100,
            "공원":100,
            "혐오시설":0,
            "인프라총점":23.0,
            "초등학군":90.01,
            "중학군":51.66,
            "학군총점":59.33,
            "인구수":23.57,
            "인구증감":-12.32,
            "인구총점":12.803,
            "일자리":7.57,
            "소득수준":63.68,
            "일자리총점":24.403,
            "가치 총점":34.7075,
            "매매실거래년":20191111.0,
            "매매실거래가":23000.0,
            "전세실거래년":20130508.0,
            "전세실거래가":11000.0,
            "전세가율":56.7,
            "장기전세가율평균":71.43,
            "전세가율거품지수":14.73,
            "검색코드":108119,
            "세대수":54,
            "준공년월":"2007-11-09",
            "준공년차":16,
            "가까운역이름":"NA",
            "가까운역거리":"NA",
            "역세권여부":"NA",
            "30분이내주요거점역":"NA",
            "30분거점역이름":"NA",
            "1시간이내주요거점역":"NA",
            "1시간거점역이름":"NA",
            "3km이내백화점수":0,
            "5km이내아울렛몰수":0,
            "1km이내대형먀트수":0,
            "500m이내은행수":0,
            "500m이내병원수":0,
            "5km이내대형병원수":4,
            "500m이내공원수":12,
            "3km이내혐오시설수":0,
            "초등학교학업성취도":90.01,
            "중학교학업성취도":85.5,
            "용적률":185,
            "건폐율":28,
            "Y":35.577655,
            "X":129.319243,
            "rank":85.0,
            "area_info":"27평(91.12), 32평(105.95), 32평(107.98), 32평(108.12)",
            "last_sales":"2019-11-11,23000.0,32평(108.12)",
            "rank_history":[
                [
                    "202203",
                    85
                ],
                [
                    "202202",
                    9999
                ]
            ],
            "rank_gap":9999
        },
        {
            "index":452,
            "아파트명":"일신",
            "투자타입":"일반",
            "전용면적(m2)":"78.82",
            "전용면적(평)":"23평",
            "법정동주소":"울산시 중구 태화동 412-35",
            "도로명주소":"울산시 중구 신기14길 1",
            "세대수":30,
            "입주년차":0,
            "용적률점수":"--",
            "건폐율점수":"--",
            "세대당주차수":0,
            "난방방식":30,
            "공급면적":"--",
            "전용률":"--",
            "욕실수":50,
            "현관타입":100,
            "주거총점":28.5,
            "지역구공급총점":0.0,
            "역세권":"NA",
            "30분내 이동가능 거점":"NA",
            "1시간내 이동가능 거점":"NA",
            "교통총점":"NA",
            "백화점":0,
            "아울렛몰":0,
            "대형마트":0,
            "은행":0,
            "병원":0,
            "종합병원":100,
            "공원":100,
            "혐오시설":0,
            "인프라총점":23.0,
            "초등학군":89.99,
            "중학군":52.08,
            "학군총점":59.662,
            "인구수":23.57,
            "인구증감":-12.32,
            "인구총점":12.803,
            "일자리":7.57,
            "소득수준":63.68,
            "일자리총점":24.403,
            "가치 총점":34.0905,
            "매매실거래년":20211228.0,
            "매매실거래가":19500.0,
            "전세실거래년":20211020.0,
            "전세실거래가":15750.0,
            "전세가율":80.77,
            "장기전세가율평균":71.43,
            "전세가율거품지수":-9.34,
            "검색코드":6519,
            "세대수":323,
            "준공년월":"1997-12-31",
            "준공년차":26,
            "가까운역이름":"NA",
            "가까운역거리":"NA",
            "역세권여부":"NA",
            "30분이내주요거점역":"NA",
            "30분거점역이름":"NA",
            "1시간이내주요거점역":"NA",
            "1시간거점역이름":"NA",
            "3km이내백화점수":0,
            "5km이내아울렛몰수":0,
            "1km이내대형먀트수":0,
            "500m이내은행수":1,
            "500m이내병원수":0,
            "5km이내대형병원수":4,
            "500m이내공원수":6,
            "3km이내혐오시설수":0,
            "초등학교학업성취도":89.99,
            "중학교학업성취도":85.2,
            "용적률":326,
            "건폐율":21,
            "Y":35.552397,
            "X":129.297102,
            "rank":86.0,
            "area_info":"23평(78.82), 31평(105.78)",
            "last_sales":"2021-12-28,19500.0,23평(78.82)",
            "rank_history":[
                [
                    "202203",
                    86
                ],
                [
                    "202202",
                    65
                ],
                [
                    "202201",
                    54
                ]
            ],
            "rank_gap":-21
        },
        {
            "index":39,
            "아파트명":"울산다운현대",
            "투자타입":"일반",
            "전용면적(m2)":"74.67",
            "전용면적(평)":"22평",
            "법정동주소":"울산시 중구 다운동 590",
            "도로명주소":"울산시 중구 운곡3길 23",
            "세대수":0,
            "입주년차":20,
            "용적률점수":"--",
            "건폐율점수":"--",
            "세대당주차수":30,
            "난방방식":30,
            "공급면적":"--",
            "전용률":"--",
            "욕실수":50,
            "현관타입":100,
            "주거총점":26.5,
            "지역구공급총점":0.0,
            "역세권":"NA",
            "30분내 이동가능 거점":"NA",
            "1시간내 이동가능 거점":"NA",
            "교통총점":"NA",
            "백화점":0,
            "아울렛몰":0,
            "대형마트":0,
            "은행":0,
            "병원":0,
            "종합병원":100,
            "공원":100,
            "혐오시설":0,
            "인프라총점":23.0,
            "초등학군":89.99,
            "중학군":52.22,
            "학군총점":59.774,
            "인구수":23.57,
            "인구증감":-12.32,
            "인구총점":12.803,
            "일자리":7.57,
            "소득수준":63.68,
            "일자리총점":24.403,
            "가치 총점":33.4185,
            "매매실거래년":20220221.0,
            "매매실거래가":19000.0,
            "전세실거래년":20220211.0,
            "전세실거래가":10000.0,
            "전세가율":52.63,
            "장기전세가율평균":71.43,
            "전세가율거품지수":18.8,
            "검색코드":14732,
            "세대수":279,
            "준공년월":"1999-09-27",
            "준공년차":24,
            "가까운역이름":"NA",
            "가까운역거리":"NA",
            "역세권여부":"NA",
            "30분이내주요거점역":"NA",
            "30분거점역이름":"NA",
            "1시간이내주요거점역":"NA",
            "1시간거점역이름":"NA",
            "3km이내백화점수":0,
            "5km이내아울렛몰수":0,
            "1km이내대형먀트수":0,
            "500m이내은행수":0,
            "500m이내병원수":0,
            "5km이내대형병원수":4,
            "500m이내공원수":8,
            "3km이내혐오시설수":0,
            "초등학교학업성취도":89.99,
            "중학교학업성취도":85.5,
            "용적률":242,
            "건폐율":23,
            "Y":35.559826,
            "X":129.273209,
            "rank":87.0,
            "area_info":"22평(74.67), 32평(105.79), 32평(105.81), 50평(168.18)",
            "last_sales":"2022-02-21,19000.0,22평(74.67)",
            "rank_history":[
                [
                    "202203",
                    87
                ],
                [
                    "202202",
                    66
                ],
                [
                    "202201",
                    71
                ]
            ],
            "rank_gap":-21
        },
        {
            "index":36,
            "아파트명":"다운삼성",
            "투자타입":"일반",
            "전용면적(m2)":"78.73",
            "전용면적(평)":"23평",
            "법정동주소":"울산시 중구 다운동 620",
            "도로명주소":"울산시 중구 운곡3길 24",
            "세대수":0,
            "입주년차":0,
            "용적률점수":"--",
            "건폐율점수":"--",
            "세대당주차수":30,
            "난방방식":30,
            "공급면적":"--",
            "전용률":"--",
            "욕실수":50,
            "현관타입":100,
            "주거총점":22.5,
            "지역구공급총점":0.0,
            "역세권":"NA",
            "30분내 이동가능 거점":"NA",
            "1시간내 이동가능 거점":"NA",
            "교통총점":"NA",
            "백화점":0,
            "아울렛몰":0,
            "대형마트":0,
            "은행":0,
            "병원":0,
            "종합병원":100,
            "공원":100,
            "혐오시설":0,
            "인프라총점":23.0,
            "초등학군":89.99,
            "중학군":59.04,
            "학군총점":65.23,
            "인구수":23.57,
            "인구증감":-12.32,
            "인구총점":12.803,
            "일자리":7.57,
            "소득수준":63.68,
            "일자리총점":24.403,
            "가치 총점":33.3825,
            "매매실거래년":20211103.0,
            "매매실거래가":20700.0,
            "전세실거래년":20211030.0,
            "전세실거래가":16000.0,
            "전세가율":77.29,
            "장기전세가율평균":71.43,
            "전세가율거품지수":-5.86,
            "검색코드":6309,
            "세대수":282,
            "준공년월":"1997-12-15",
            "준공년차":26,
            "가까운역이름":"NA",
            "가까운역거리":"NA",
            "역세권여부":"NA",
            "30분이내주요거점역":"NA",
            "30분거점역이름":"NA",
            "1시간이내주요거점역":"NA",
            "1시간거점역이름":"NA",
            "3km이내백화점수":0,
            "5km이내아울렛몰수":0,
            "1km이내대형먀트수":0,
            "500m이내은행수":0,
            "500m이내병원수":0,
            "5km이내대형병원수":4,
            "500m이내공원수":8,
            "3km이내혐오시설수":0,
            "초등학교학업성취도":89.99,
            "중학교학업성취도":96.6,
            "용적률":311,
            "건폐율":27,
            "Y":35.559409,
            "X":129.275221,
            "rank":88.0,
            "area_info":"23평(78.73), 31평(104.96), 48평(159.62)",
            "last_sales":"2021-11-03,20700.0,23평(78.73)",
            "rank_history":[
                [
                    "202203",
                    88
                ],
                [
                    "202202",
                    67
                ],
                [
                    "202201",
                    70
                ]
            ],
            "rank_gap":-21
        },
        {
            "index":49,
            "아파트명":"현대골든타워",
            "투자타입":"재건축",
            "전용면적(m2)":"82.71",
            "전용면적(평)":"25평",
            "법정동주소":"울산시 중구 동동 470-6",
            "도로명주소":"울산시 중구 산전길 29",
            "세대수":0,
            "입주년차":"--",
            "용적률점수":0,
            "건폐율점수":0,
            "세대당주차수":"--",
            "난방방식":"--",
            "공급면적":70,
            "전용률":80,
            "욕실수":"--",
            "현관타입":"--",
            "주거총점":7.5,
            "지역구공급총점":0.0,
            "역세권":"NA",
            "30분내 이동가능 거점":"NA",
            "1시간내 이동가능 거점":"NA",
            "교통총점":"NA",
            "백화점":0,
            "아울렛몰":0,
            "대형마트":100,
            "은행":0,
            "병원":0,
            "종합병원":100,
            "공원":100,
            "혐오시설":0,
            "인프라총점":38.0,
            "초등학군":89.94,
            "중학군":52.28,
            "학군총점":59.812,
            "인구수":23.57,
            "인구증감":-12.32,
            "인구총점":12.803,
            "일자리":7.57,
            "소득수준":63.68,
            "일자리총점":24.403,
            "가치 총점":32.778,
            "매매실거래년":20211201.0,
            "매매실거래가":12900.0,
            "전세실거래년":20201209.0,
            "전세실거래가":2000.0,
            "전세가율":15.5,
            "장기전세가율평균":71.43,
            "전세가율거품지수":55.93,
            "검색코드":16301,
            "세대수":141,
            "준공년월":"1990-09-06",
            "준공년차":33,
            "가까운역이름":"NA",
            "가까운역거리":"NA",
            "역세권여부":"NA",
            "30분이내주요거점역":"NA",
            "30분거점역이름":"NA",
            "1시간이내주요거점역":"NA",
            "1시간거점역이름":"NA",
            "3km이내백화점수":0,
            "5km이내아울렛몰수":0,
            "1km이내대형먀트수":2,
            "500m이내은행수":0,
            "500m이내병원수":0,
            "5km이내대형병원수":4,
            "500m이내공원수":4,
            "3km이내혐오시설수":0,
            "초등학교학업성취도":89.94,
            "중학교학업성취도":84.8,
            "용적률":0,
            "건폐율":0,
            "Y":35.572596,
            "X":129.349563,
            "rank":89.0,
            "area_info":"25평(82.71), 29평(96.52), 29평(98.11), 31평(104.87)",
            "last_sales":"2021-12-01,12900.0,25평(82.71)",
            "rank_history":[
                [
                    "202203",
                    89
                ],
                [
                    "202202",
                    68
                ],
                [
                    "202201",
                    74
                ]
            ],
            "rank_gap":-21
        },
        {
            "index":138,
            "아파트명":"동덕현대3차",
            "투자타입":"재건축",
            "전용면적(m2)":"69.18",
            "전용면적(평)":"20평",
            "법정동주소":"울산시 중구 복산동 329",
            "도로명주소":"울산시 중구 손골2길 12",
            "세대수":0,
            "입주년차":"--",
            "용적률점수":0,
            "건폐율점수":0,
            "세대당주차수":"--",
            "난방방식":"--",
            "공급면적":50,
            "전용률":100,
            "욕실수":"--",
            "현관타입":"--",
            "주거총점":7.5,
            "지역구공급총점":0.0,
            "역세권":"NA",
            "30분내 이동가능 거점":"NA",
            "1시간내 이동가능 거점":"NA",
            "교통총점":"NA",
            "백화점":0,
            "아울렛몰":0,
            "대형마트":80,
            "은행":0,
            "병원":0,
            "종합병원":100,
            "공원":100,
            "혐오시설":0,
            "인프라총점":35.0,
            "초등학군":89.98,
            "중학군":54.06,
            "학군총점":61.244,
            "인구수":23.57,
            "인구증감":-12.32,
            "인구총점":12.803,
            "일자리":7.57,
            "소득수준":63.68,
            "일자리총점":24.403,
            "가치 총점":31.936,
            "매매실거래년":20211104.0,
            "매매실거래가":20100.0,
            "전세실거래년":20210731.0,
            "전세실거래가":11500.0,
            "전세가율":62.84,
            "장기전세가율평균":71.43,
            "전세가율거품지수":8.59,
            "검색코드":14740,
            "세대수":203,
            "준공년월":"1991-03-13",
            "준공년차":32,
            "가까운역이름":"NA",
            "가까운역거리":"NA",
            "역세권여부":"NA",
            "30분이내주요거점역":"NA",
            "30분거점역이름":"NA",
            "1시간이내주요거점역":"NA",
            "1시간거점역이름":"NA",
            "3km이내백화점수":0,
            "5km이내아울렛몰수":0,
            "1km이내대형먀트수":1,
            "500m이내은행수":0,
            "500m이내병원수":0,
            "5km이내대형병원수":5,
            "500m이내공원수":12,
            "3km이내혐오시설수":0,
            "초등학교학업성취도":89.98,
            "중학교학업성취도":90.1,
            "용적률":0,
            "건폐율":0,
            "Y":35.565811,
            "X":129.326671,
            "rank":90.0,
            "area_info":"20평(69.18), 23평(77.26), 25평(83.72)",
            "last_sales":"2021-11-04,20100.0,25평(83.72)",
            "rank_history":[
                [
                    "202203",
                    90
                ],
                [
                    "202202",
                    69
                ],
                [
                    "202201",
                    87
                ]
            ],
            "rank_gap":-21
        },
        {
            "index":135,
            "아파트명":"동덕현대",
            "투자타입":"재건축",
            "전용면적(m2)":"90.7",
            "전용면적(평)":"27평",
            "법정동주소":"울산시 중구 복산동 677-9",
            "도로명주소":"울산시 중구 손골2길 17-6",
            "세대수":0,
            "입주년차":"--",
            "용적률점수":0,
            "건폐율점수":0,
            "세대당주차수":"--",
            "난방방식":"--",
            "공급면적":70,
            "전용률":80,
            "욕실수":"--",
            "현관타입":"--",
            "주거총점":7.5,
            "지역구공급총점":0.0,
            "역세권":"NA",
            "30분내 이동가능 거점":"NA",
            "1시간내 이동가능 거점":"NA",
            "교통총점":"NA",
            "백화점":0,
            "아울렛몰":0,
            "대형마트":80,
            "은행":0,
            "병원":0,
            "종합병원":100,
            "공원":100,
            "혐오시설":0,
            "인프라총점":35.0,
            "초등학군":89.98,
            "중학군":54.06,
            "학군총점":61.244,
            "인구수":23.57,
            "인구증감":-12.32,
            "인구총점":12.803,
            "일자리":7.57,
            "소득수준":63.68,
            "일자리총점":24.403,
            "가치 총점":31.936,
            "매매실거래년":20211217.0,
            "매매실거래가":20000.0,
            "전세실거래년":20220131.0,
            "전세실거래가":14000.0,
            "전세가율":82.35,
            "장기전세가율평균":71.43,
            "전세가율거품지수":-10.92,
            "검색코드":6342,
            "세대수":102,
            "준공년월":"1989-07-11",
            "준공년차":34,
            "가까운역이름":"NA",
            "가까운역거리":"NA",
            "역세권여부":"NA",
            "30분이내주요거점역":"NA",
            "30분거점역이름":"NA",
            "1시간이내주요거점역":"NA",
            "1시간거점역이름":"NA",
            "3km이내백화점수":0,
            "5km이내아울렛몰수":0,
            "1km이내대형먀트수":1,
            "500m이내은행수":0,
            "500m이내병원수":0,
            "5km이내대형병원수":5,
            "500m이내공원수":10,
            "3km이내혐오시설수":0,
            "초등학교학업성취도":89.98,
            "중학교학업성취도":90.1,
            "용적률":0,
            "건폐율":0,
            "Y":35.565497,
            "X":129.325794,
            "rank":90.0,
            "area_info":"27평(90.7), 29평(98.11)",
            "last_sales":"2021-12-17,20000.0,29평(98.11)",
            "rank_history":[
                [
                    "202203",
                    90
                ],
                [
                    "202202",
                    69
                ],
                [
                    "202201",
                    87
                ]
            ],
            "rank_gap":-21
        },
        {
            "index":454,
            "아파트명":"전원타운",
            "투자타입":"재건축",
            "전용면적(m2)":"89.48",
            "전용면적(평)":"27평",
            "법정동주소":"울산시 중구 태화동 431-10",
            "도로명주소":"울산시 중구 신기길 31",
            "세대수":50,
            "입주년차":"--",
            "용적률점수":0,
            "건폐율점수":0,
            "세대당주차수":"--",
            "난방방식":"--",
            "공급면적":70,
            "전용률":60,
            "욕실수":"--",
            "현관타입":"--",
            "주거총점":21.5,
            "지역구공급총점":0.0,
            "역세권":"NA",
            "30분내 이동가능 거점":"NA",
            "1시간내 이동가능 거점":"NA",
            "교통총점":"NA",
            "백화점":0,
            "아울렛몰":0,
            "대형마트":0,
            "은행":0,
            "병원":0,
            "종합병원":100,
            "공원":100,
            "혐오시설":0,
            "인프라총점":23.0,
            "초등학군":89.99,
            "중학군":52.08,
            "학군총점":59.662,
            "인구수":23.57,
            "인구증감":-12.32,
            "인구총점":12.803,
            "일자리":7.57,
            "소득수준":63.68,
            "일자리총점":24.403,
            "가치 총점":31.6405,
            "매매실거래년":20211202.0,
            "매매실거래가":36500.0,
            "전세실거래년":20220207.0,
            "전세실거래가":18000.0,
            "전세가율":80.36,
            "장기전세가율평균":71.43,
            "전세가율거품지수":-8.93,
            "검색코드":6491,
            "세대수":403,
            "준공년월":"1991-10-15",
            "준공년차":32,
            "가까운역이름":"NA",
            "가까운역거리":"NA",
            "역세권여부":"NA",
            "30분이내주요거점역":"NA",
            "30분거점역이름":"NA",
            "1시간이내주요거점역":"NA",
            "1시간거점역이름":"NA",
            "3km이내백화점수":0,
            "5km이내아울렛몰수":0,
            "1km이내대형먀트수":0,
            "500m이내은행수":1,
            "500m이내병원수":0,
            "5km이내대형병원수":4,
            "500m이내공원수":6,
            "3km이내혐오시설수":0,
            "초등학교학업성취도":89.99,
            "중학교학업성취도":85.2,
            "용적률":0,
            "건폐율":0,
            "Y":35.550561,
            "X":129.292661,
            "rank":91.0,
            "area_info":"27평(89.48), 28평(93.31), 29평(98.3), 31평(103.71), 31평(104.99), 33평(109.83)",
            "last_sales":"2021-12-02,36500.0,31평(103.71)",
            "rank_history":[
                [
                    "202203",
                    91
                ],
                [
                    "202202",
                    70
                ],
                [
                    "202201",
                    61
                ]
            ],
            "rank_gap":-21
        },
        {
            "index":176,
            "아파트명":"새운파래스타운",
            "투자타입":"재건축",
            "전용면적(m2)":"125.37",
            "전용면적(평)":"37평",
            "법정동주소":"울산시 중구 복산동 186-3",
            "도로명주소":"울산시 중구 북부순환도로 680",
            "세대수":0,
            "입주년차":"--",
            "용적률점수":0,
            "건폐율점수":0,
            "세대당주차수":"--",
            "난방방식":"--",
            "공급면적":100,
            "전용률":100,
            "욕실수":"--",
            "현관타입":"--",
            "주거총점":10.0,
            "지역구공급총점":0.0,
            "역세권":"NA",
            "30분내 이동가능 거점":"NA",
            "1시간내 이동가능 거점":"NA",
            "교통총점":"NA",
            "백화점":0,
            "아울렛몰":0,
            "대형마트":80,
            "은행":0,
            "병원":0,
            "종합병원":100,
            "공원":100,
            "혐오시설":0,
            "인프라총점":35.0,
            "초등학군":90.01,
            "중학군":47.8,
            "학군총점":56.242,
            "인구수":23.57,
            "인구증감":-12.32,
            "인구총점":12.803,
            "일자리":7.57,
            "소득수준":63.68,
            "일자리총점":24.403,
            "가치 총점":31.5605,
            "매매실거래년":20211115.0,
            "매매실거래가":35200.0,
            "전세실거래년":20210902.0,
            "전세실거래가":26000.0,
            "전세가율":77.38,
            "장기전세가율평균":71.43,
            "전세가율거품지수":-5.95,
            "검색코드":6359,
            "세대수":208,
            "준공년월":"1989-08-31",
            "준공년차":34,
            "가까운역이름":"NA",
            "가까운역거리":"NA",
            "역세권여부":"NA",
            "30분이내주요거점역":"NA",
            "30분거점역이름":"NA",
            "1시간이내주요거점역":"NA",
            "1시간거점역이름":"NA",
            "3km이내백화점수":0,
            "5km이내아울렛몰수":0,
            "1km이내대형먀트수":1,
            "500m이내은행수":1,
            "500m이내병원수":0,
            "5km이내대형병원수":5,
            "500m이내공원수":16,
            "3km이내혐오시설수":0,
            "초등학교학업성취도":90.01,
            "중학교학업성취도":78.0,
            "용적률":0,
            "건폐율":0,
            "Y":35.568171,
            "X":129.331762,
            "rank":92.0,
            "area_info":"37평(125.37), 41평(136.61), 47평(157.27)",
            "last_sales":"2021-11-15,35200.0,47평(157.27)",
            "rank_history":[
                [
                    "202203",
                    92
                ],
                [
                    "202202",
                    71
                ],
                [
                    "202201",
                    89
                ]
            ],
            "rank_gap":-21
        },
        {
            "index":226,
            "아파트명":"한라하야트",
            "투자타입":"일반",
            "전용면적(m2)":"93.5",
            "전용면적(평)":"28평",
            "법정동주소":"울산시 중구 서동 42-4",
            "도로명주소":"울산시 중구 동천4길 15",
            "세대수":0,
            "입주년차":0,
            "용적률점수":"--",
            "건폐율점수":"--",
            "세대당주차수":0,
            "난방방식":30,
            "공급면적":"--",
            "전용률":"--",
            "욕실수":100,
            "현관타입":100,
            "주거총점":23.0,
            "지역구공급총점":0.0,
            "역세권":"NA",
            "30분내 이동가능 거점":"NA",
            "1시간내 이동가능 거점":"NA",
            "교통총점":"NA",
            "백화점":0,
            "아울렛몰":0,
            "대형마트":0,
            "은행":0,
            "병원":0,
            "종합병원":100,
            "공원":100,
            "혐오시설":0,
            "인프라총점":23.0,
            "초등학군":90.01,
            "중학군":48.48,
            "학군총점":56.786,
            "인구수":23.57,
            "인구증감":-12.32,
            "인구총점":12.803,
            "일자리":7.57,
            "소득수준":63.68,
            "일자리총점":24.403,
            "가치 총점":31.4465,
            "매매실거래년":20210709.0,
            "매매실거래가":16500.0,
            "전세실거래년":20131018.0,
            "전세실거래가":12000.0,
            "전세가율":70.59,
            "장기전세가율평균":71.43,
            "전세가율거품지수":0.84,
            "검색코드":6391,
            "세대수":137,
            "준공년월":"1993-12-30",
            "준공년차":30,
            "가까운역이름":"NA",
            "가까운역거리":"NA",
            "역세권여부":"NA",
            "30분이내주요거점역":"NA",
            "30분거점역이름":"NA",
            "1시간이내주요거점역":"NA",
            "1시간거점역이름":"NA",
            "3km이내백화점수":0,
            "5km이내아울렛몰수":0,
            "1km이내대형먀트수":0,
            "500m이내은행수":0,
            "500m이내병원수":0,
            "5km이내대형병원수":4,
            "500m이내공원수":8,
            "3km이내혐오시설수":0,
            "초등학교학업성취도":90.01,
            "중학교학업성취도":80.2,
            "용적률":271,
            "건폐율":30,
            "Y":35.581863,
            "X":129.343827,
            "rank":93.0,
            "area_info":"28평(93.5), 28평(94.9)",
            "last_sales":"2021-07-09,16500.0,28평(94.9)",
            "rank_history":[
                [
                    "202203",
                    93
                ],
                [
                    "202202",
                    72
                ],
                [
                    "202201",
                    77
                ]
            ],
            "rank_gap":-21
        },
        {
            "index":196,
            "아파트명":"강동그린타워",
            "투자타입":"일반",
            "전용면적(m2)":"70.94",
            "전용면적(평)":"21평",
            "법정동주소":"울산시 중구 서동 61-2",
            "도로명주소":"울산시 중구 병영성4길 142",
            "세대수":0,
            "입주년차":0,
            "용적률점수":"--",
            "건폐율점수":"--",
            "세대당주차수":0,
            "난방방식":30,
            "공급면적":"--",
            "전용률":"--",
            "욕실수":100,
            "현관타입":100,
            "주거총점":23.0,
            "지역구공급총점":0.0,
            "역세권":"NA",
            "30분내 이동가능 거점":"NA",
            "1시간내 이동가능 거점":"NA",
            "교통총점":"NA",
            "백화점":0,
            "아울렛몰":0,
            "대형마트":0,
            "은행":0,
            "병원":0,
            "종합병원":100,
            "공원":100,
            "혐오시설":0,
            "인프라총점":23.0,
            "초등학군":90.01,
            "중학군":48.48,
            "학군총점":56.786,
            "인구수":23.57,
            "인구증감":-12.32,
            "인구총점":12.803,
            "일자리":7.57,
            "소득수준":63.68,
            "일자리총점":24.403,
            "가치 총점":31.4465,
            "매매실거래년":20210330.0,
            "매매실거래가":12150.0,
            "전세실거래년":20200119.0,
            "전세실거래가":2000.0,
            "전세가율":19.42,
            "장기전세가율평균":71.43,
            "전세가율거품지수":52.01,
            "검색코드":136408,
            "세대수":68,
            "준공년월":"1995-12-14",
            "준공년차":28,
            "가까운역이름":"NA",
            "가까운역거리":"NA",
            "역세권여부":"NA",
            "30분이내주요거점역":"NA",
            "30분거점역이름":"NA",
            "1시간이내주요거점역":"NA",
            "1시간거점역이름":"NA",
            "3km이내백화점수":0,
            "5km이내아울렛몰수":0,
            "1km이내대형먀트수":0,
            "500m이내은행수":0,
            "500m이내병원수":0,
            "5km이내대형병원수":4,
            "500m이내공원수":6,
            "3km이내혐오시설수":0,
            "초등학교학업성취도":90.01,
            "중학교학업성취도":80.2,
            "용적률":329,
            "건폐율":43,
            "Y":35.579794,
            "X":129.346226,
            "rank":93.0,
            "area_info":"21평(70.94), 23평(76.5), 28평(94.0), 31평(102.82), 32평(105.89), 32평(106.26), 32평(108.4)",
            "last_sales":"2021-03-30,12150.0,23평(76.5)",
            "rank_history":[
                [
                    "202203",
                    93
                ],
                [
                    "202202",
                    9999
                ]
            ],
            "rank_gap":9999
        },
        {
            "index":43,
            "아파트명":"성진파크맨션",
            "투자타입":"재건축",
            "전용면적(m2)":"80.1",
            "전용면적(평)":"24평",
            "법정동주소":"울산시 중구 동동 470-7",
            "도로명주소":"울산시 중구 병영6길 35",
            "세대수":0,
            "입주년차":"--",
            "용적률점수":0,
            "건폐율점수":0,
            "세대당주차수":"--",
            "난방방식":"--",
            "공급면적":50,
            "전용률":80,
            "욕실수":"--",
            "현관타입":"--",
            "주거총점":6.5,
            "지역구공급총점":0.0,
            "역세권":"NA",
            "30분내 이동가능 거점":"NA",
            "1시간내 이동가능 거점":"NA",
            "교통총점":"NA",
            "백화점":0,
            "아울렛몰":0,
            "대형마트":80,
            "은행":0,
            "병원":0,
            "종합병원":100,
            "공원":100,
            "혐오시설":0,
            "인프라총점":35.0,
            "초등학군":89.94,
            "중학군":52.28,
            "학군총점":59.812,
            "인구수":23.57,
            "인구증감":-12.32,
            "인구총점":12.803,
            "일자리":7.57,
            "소득수준":63.68,
            "일자리총점":24.403,
            "가치 총점":31.228,
            "매매실거래년":20211214.0,
            "매매실거래가":12500.0,
            "전세실거래년":20140705.0,
            "전세실거래가":8500.0,
            "전세가율":85.86,
            "장기전세가율평균":71.43,
            "전세가율거품지수":-14.43,
            "검색코드":107232,
            "세대수":51,
            "준공년월":"1991-10-22",
            "준공년차":32,
            "가까운역이름":"NA",
            "가까운역거리":"NA",
            "역세권여부":"NA",
            "30분이내주요거점역":"NA",
            "30분거점역이름":"NA",
            "1시간이내주요거점역":"NA",
            "1시간거점역이름":"NA",
            "3km이내백화점수":0,
            "5km이내아울렛몰수":0,
            "1km이내대형먀트수":1,
            "500m이내은행수":1,
            "500m이내병원수":0,
            "5km이내대형병원수":4,
            "500m이내공원수":4,
            "3km이내혐오시설수":0,
            "초등학교학업성취도":89.94,
            "중학교학업성취도":84.8,
            "용적률":0,
            "건폐율":0,
            "Y":35.571952,
            "X":129.349155,
            "rank":94.0,
            "area_info":"24평(80.1), 24평(82.17), 26평(87.01), 28평(93.06), 30평(100.97)",
            "last_sales":"2021-12-14,12500.0,26평(87.01)",
            "rank_history":[
                [
                    "202203",
                    94
                ],
                [
                    "202202",
                    9999
                ]
            ],
            "rank_gap":9999
        },
        {
            "index":429,
            "아파트명":"범진그린파크",
            "투자타입":"일반",
            "전용면적(m2)":"73.06",
            "전용면적(평)":"22평",
            "법정동주소":"울산시 중구 태화동 200-17",
            "도로명주소":"울산시 중구 유곡로 51",
            "세대수":0,
            "입주년차":0,
            "용적률점수":"--",
            "건폐율점수":"--",
            "세대당주차수":0,
            "난방방식":30,
            "공급면적":"--",
            "전용률":"--",
            "욕실수":50,
            "현관타입":100,
            "주거총점":18.0,
            "지역구공급총점":0.0,
            "역세권":"NA",
            "30분내 이동가능 거점":"NA",
            "1시간내 이동가능 거점":"NA",
            "교통총점":"NA",
            "백화점":0,
            "아울렛몰":0,
            "대형마트":0,
            "은행":0,
            "병원":0,
            "종합병원":100,
            "공원":100,
            "혐오시설":0,
            "인프라총점":23.0,
            "초등학군":89.99,
            "중학군":54.6,
            "학군총점":61.678,
            "인구수":23.57,
            "인구증감":-12.32,
            "인구총점":12.803,
            "일자리":7.57,
            "소득수준":63.68,
            "일자리총점":24.403,
            "가치 총점":30.9195,
            "매매실거래년":20211008.0,
            "매매실거래가":14000.0,
            "전세실거래년":20220120.0,
            "전세실거래가":10000.0,
            "전세가율":71.43,
            "장기전세가율평균":71.43,
            "전세가율거품지수":0.0,
            "검색코드":6506,
            "세대수":134,
            "준공년월":"1993-06-01",
            "준공년차":30,
            "가까운역이름":"NA",
            "가까운역거리":"NA",
            "역세권여부":"NA",
            "30분이내주요거점역":"NA",
            "30분거점역이름":"NA",
            "1시간이내주요거점역":"NA",
            "1시간거점역이름":"NA",
            "3km이내백화점수":0,
            "5km이내아울렛몰수":0,
            "1km이내대형먀트수":0,
            "500m이내은행수":0,
            "500m이내병원수":0,
            "5km이내대형병원수":5,
            "500m이내공원수":8,
            "3km이내혐오시설수":0,
            "초등학교학업성취도":89.99,
            "중학교학업성취도":87.6,
            "용적률":362,
            "건폐율":43,
            "Y":35.5566,
            "X":129.30355,
            "rank":95.0,
            "area_info":"22평(73.06), 29평(95.93), 31평(104.66)",
            "last_sales":"2021-10-08,14000.0,22평(73.06)",
            "rank_history":[
                [
                    "202203",
                    95
                ],
                [
                    "202202",
                    73
                ],
                [
                    "202201",
                    65
                ]
            ],
            "rank_gap":-22
        },
        {
            "index":53,
            "아파트명":"홍일",
            "투자타입":"재건축",
            "전용면적(m2)":"59.95",
            "전용면적(평)":"18평",
            "법정동주소":"울산시 중구 동동 116-1",
            "도로명주소":"울산시 중구 산전5길 19",
            "세대수":0,
            "입주년차":"--",
            "용적률점수":0,
            "건폐율점수":0,
            "세대당주차수":"--",
            "난방방식":"--",
            "공급면적":50,
            "전용률":80,
            "욕실수":"--",
            "현관타입":"--",
            "주거총점":6.5,
            "지역구공급총점":0.0,
            "역세권":"NA",
            "30분내 이동가능 거점":"NA",
            "1시간내 이동가능 거점":"NA",
            "교통총점":"NA",
            "백화점":0,
            "아울렛몰":0,
            "대형마트":80,
            "은행":0,
            "병원":0,
            "종합병원":100,
            "공원":100,
            "혐오시설":0,
            "인프라총점":35.0,
            "초등학군":89.94,
            "중학군":48.48,
            "학군총점":56.772,
            "인구수":23.57,
            "인구증감":-12.32,
            "인구총점":12.803,
            "일자리":7.57,
            "소득수준":63.68,
            "일자리총점":24.403,
            "가치 총점":30.468,
            "매매실거래년":20210728.0,
            "매매실거래가":6100.0,
            "전세실거래년":20210608.0,
            "전세실거래가":5000.0,
            "전세가율":81.97,
            "장기전세가율평균":71.43,
            "전세가율거품지수":-10.54,
            "검색코드":16302,
            "세대수":100,
            "준공년월":"1988-06-07",
            "준공년차":35,
            "가까운역이름":"NA",
            "가까운역거리":"NA",
            "역세권여부":"NA",
            "30분이내주요거점역":"NA",
            "30분거점역이름":"NA",
            "1시간이내주요거점역":"NA",
            "1시간거점역이름":"NA",
            "3km이내백화점수":0,
            "5km이내아울렛몰수":0,
            "1km이내대형먀트수":1,
            "500m이내은행수":0,
            "500m이내병원수":0,
            "5km이내대형병원수":4,
            "500m이내공원수":6,
            "3km이내혐오시설수":0,
            "초등학교학업성취도":89.94,
            "중학교학업성취도":80.2,
            "용적률":0,
            "건폐율":0,
            "Y":35.57739,
            "X":129.34825,
            "rank":96.0,
            "area_info":"18평(59.95), 19평(65.97)",
            "last_sales":"2021-07-28,6100.0,18평(59.95)",
            "rank_history":[
                [
                    "202203",
                    96
                ],
                [
                    "202202",
                    74
                ],
                [
                    "202201",
                    85
                ]
            ],
            "rank_gap":-22
        },
        {
            "index":246,
            "아파트명":"성안디아채",
            "투자타입":"일반",
            "전용면적(m2)":"50.92",
            "전용면적(평)":"15평",
            "법정동주소":"울산시 중구 성안동 832-6",
            "도로명주소":"울산시 중구 함월8길 6",
            "세대수":0,
            "입주년차":0,
            "용적률점수":"--",
            "건폐율점수":"--",
            "세대당주차수":0,
            "난방방식":30,
            "공급면적":"--",
            "전용률":"--",
            "욕실수":50,
            "현관타입":100,
            "주거총점":18.0,
            "지역구공급총점":0.0,
            "역세권":"NA",
            "30분내 이동가능 거점":"NA",
            "1시간내 이동가능 거점":"NA",
            "교통총점":"NA",
            "백화점":0,
            "아울렛몰":0,
            "대형마트":0,
            "은행":0,
            "병원":0,
            "종합병원":100,
            "공원":100,
            "혐오시설":0,
            "인프라총점":23.0,
            "초등학군":89.98,
            "중학군":51.66,
            "학군총점":59.324,
            "인구수":23.57,
            "인구증감":-12.32,
            "인구총점":12.803,
            "일자리":7.57,
            "소득수준":63.68,
            "일자리총점":24.403,
            "가치 총점":30.331,
            "매매실거래년":20211228.0,
            "매매실거래가":8500.0,
            "전세실거래년":20211208.0,
            "전세실거래가":7000.0,
            "전세가율":82.35,
            "장기전세가율평균":71.43,
            "전세가율거품지수":-10.92,
            "검색코드":116289,
            "세대수":90,
            "준공년월":"1998-11-02",
            "준공년차":25,
            "가까운역이름":"NA",
            "가까운역거리":"NA",
            "역세권여부":"NA",
            "30분이내주요거점역":"NA",
            "30분거점역이름":"NA",
            "1시간이내주요거점역":"NA",
            "1시간거점역이름":"NA",
            "3km이내백화점수":0,
            "5km이내아울렛몰수":0,
            "1km이내대형먀트수":0,
            "500m이내은행수":0,
            "500m이내병원수":0,
            "5km이내대형병원수":6,
            "500m이내공원수":14,
            "3km이내혐오시설수":0,
            "초등학교학업성취도":89.98,
            "중학교학업성취도":85.5,
            "용적률":0,
            "건폐율":0,
            "Y":35.573866,
            "X":129.311661,
            "rank":97.0,
            "area_info":"15평(50.92)",
            "last_sales":"2021-12-28,8500.0,15평(50.92)",
            "rank_history":[
                [
                    "202203",
                    97
                ],
                [
                    "202202",
                    9999
                ]
            ],
            "rank_gap":9999
        },
        {
            "index":10,
            "아파트명":"삼익세라믹",
            "투자타입":"재건축",
            "전용면적(m2)":"76.87",
            "전용면적(평)":"23평",
            "법정동주소":"울산시 중구 남외동 7-1",
            "도로명주소":"울산시 중구 병영성4길 29",
            "세대수":0,
            "입주년차":"--",
            "용적률점수":0,
            "건폐율점수":0,
            "세대당주차수":"--",
            "난방방식":"--",
            "공급면적":50,
            "전용률":80,
            "욕실수":"--",
            "현관타입":"--",
            "주거총점":6.5,
            "지역구공급총점":0.0,
            "역세권":"NA",
            "30분내 이동가능 거점":"NA",
            "1시간내 이동가능 거점":"NA",
            "교통총점":"NA",
            "백화점":0,
            "아울렛몰":0,
            "대형마트":80,
            "은행":20,
            "병원":0,
            "종합병원":100,
            "공원":100,
            "혐오시설":0,
            "인프라총점":37.0,
            "초등학군":89.94,
            "중학군":42.78,
            "학군총점":52.212,
            "인구수":23.57,
            "인구증감":-12.32,
            "인구총점":12.803,
            "일자리":7.57,
            "소득수준":63.68,
            "일자리총점":24.403,
            "가치 총점":30.128,
            "매매실거래년":20210803.0,
            "매매실거래가":13000.0,
            "전세실거래년":20211013.0,
            "전세실거래가":12000.0,
            "전세가율":92.31,
            "장기전세가율평균":71.43,
            "전세가율거품지수":-20.88,
            "검색코드":16296,
            "세대수":124,
            "준공년월":"1991-06-04",
            "준공년차":32,
            "가까운역이름":"NA",
            "가까운역거리":"NA",
            "역세권여부":"NA",
            "30분이내주요거점역":"NA",
            "30분거점역이름":"NA",
            "1시간이내주요거점역":"NA",
            "1시간거점역이름":"NA",
            "3km이내백화점수":0,
            "5km이내아울렛몰수":0,
            "1km이내대형먀트수":1,
            "500m이내은행수":2,
            "500m이내병원수":0,
            "5km이내대형병원수":4,
            "500m이내공원수":9,
            "3km이내혐오시설수":0,
            "초등학교학업성취도":89.94,
            "중학교학업성취도":70.5,
            "용적률":0,
            "건폐율":0,
            "Y":35.575802,
            "X":129.340946,
            "rank":98.0,
            "area_info":"23평(76.87), 24평(82.12), 28평(95.44)",
            "last_sales":"2021-08-03,13000.0,23평(76.87)",
            "rank_history":[
                [
                    "202203",
                    98
                ],
                [
                    "202202",
                    75
                ],
                [
                    "202201",
                    81
                ]
            ],
            "rank_gap":-23
        },
        {
            "index":433,
            "아파트명":"삼익세라믹(102동)",
            "투자타입":"재건축",
            "전용면적(m2)":"105.38",
            "전용면적(평)":"31평",
            "법정동주소":"울산시 중구 태화동 150-5",
            "도로명주소":"울산시 중구 신기13길 2",
            "세대수":0,
            "입주년차":"--",
            "용적률점수":0,
            "건폐율점수":40,
            "세대당주차수":"--",
            "난방방식":"--",
            "공급면적":90,
            "전용률":80,
            "욕실수":"--",
            "현관타입":"--",
            "주거총점":16.5,
            "지역구공급총점":0.0,
            "역세권":"NA",
            "30분내 이동가능 거점":"NA",
            "1시간내 이동가능 거점":"NA",
            "교통총점":"NA",
            "백화점":0,
            "아울렛몰":0,
            "대형마트":0,
            "은행":0,
            "병원":0,
            "종합병원":100,
            "공원":100,
            "혐오시설":0,
            "인프라총점":23.0,
            "초등학군":89.99,
            "중학군":52.08,
            "학군총점":59.662,
            "인구수":23.57,
            "인구증감":-12.32,
            "인구총점":12.803,
            "일자리":7.57,
            "소득수준":63.68,
            "일자리총점":24.403,
            "가치 총점":29.8905,
            "매매실거래년":20220111.0,
            "매매실거래가":27500.0,
            "전세실거래년":20200330.0,
            "전세실거래가":12000.0,
            "전세가율":43.64,
            "장기전세가율평균":71.43,
            "전세가율거품지수":27.79,
            "검색코드":17314,
            "세대수":118,
            "준공년월":"1992-03-20",
            "준공년차":31,
            "가까운역이름":"NA",
            "가까운역거리":"NA",
            "역세권여부":"NA",
            "30분이내주요거점역":"NA",
            "30분거점역이름":"NA",
            "1시간이내주요거점역":"NA",
            "1시간거점역이름":"NA",
            "3km이내백화점수":0,
            "5km이내아울렛몰수":0,
            "1km이내대형먀트수":0,
            "500m이내은행수":1,
            "500m이내병원수":0,
            "5km이내대형병원수":4,
            "500m이내공원수":6,
            "3km이내혐오시설수":0,
            "초등학교학업성취도":89.99,
            "중학교학업성취도":85.2,
            "용적률":286,
            "건폐율":36,
            "Y":35.55239,
            "X":129.298613,
            "rank":99.0,
            "area_info":"31평(105.38)",
            "last_sales":"2022-01-11,27500.0,31평(105.38)",
            "rank_history":[
                [
                    "202203",
                    99
                ],
                [
                    "202202",
                    76
                ],
                [
                    "202201",
                    67
                ]
            ],
            "rank_gap":-23
        },
        {
            "index":13,
            "아파트명":"삼익세라믹(201동)",
            "투자타입":"재건축",
            "전용면적(m2)":"80.88",
            "전용면적(평)":"24평",
            "법정동주소":"울산시 중구 남외동 6-2",
            "도로명주소":"울산시 중구 병영성4길 45",
            "세대수":0,
            "입주년차":"--",
            "용적률점수":0,
            "건폐율점수":0,
            "세대당주차수":"--",
            "난방방식":"--",
            "공급면적":50,
            "전용률":60,
            "욕실수":"--",
            "현관타입":"--",
            "주거총점":5.5,
            "지역구공급총점":0.0,
            "역세권":"NA",
            "30분내 이동가능 거점":"NA",
            "1시간내 이동가능 거점":"NA",
            "교통총점":"NA",
            "백화점":0,
            "아울렛몰":0,
            "대형마트":80,
            "은행":20,
            "병원":0,
            "종합병원":100,
            "공원":100,
            "혐오시설":0,
            "인프라총점":37.0,
            "초등학군":89.94,
            "중학군":42.78,
            "학군총점":52.212,
            "인구수":23.57,
            "인구증감":-12.32,
            "인구총점":12.803,
            "일자리":7.57,
            "소득수준":63.68,
            "일자리총점":24.403,
            "가치 총점":29.778,
            "매매실거래년":20220211.0,
            "매매실거래가":10800.0,
            "전세실거래년":20111010.0,
            "전세실거래가":8000.0,
            "전세가율":60.15,
            "장기전세가율평균":71.43,
            "전세가율거품지수":11.28,
            "검색코드":14731,
            "세대수":126,
            "준공년월":"1991-10-15",
            "준공년차":32,
            "가까운역이름":"NA",
            "가까운역거리":"NA",
            "역세권여부":"NA",
            "30분이내주요거점역":"NA",
            "30분거점역이름":"NA",
            "1시간이내주요거점역":"NA",
            "1시간거점역이름":"NA",
            "3km이내백화점수":0,
            "5km이내아울렛몰수":0,
            "1km이내대형먀트수":1,
            "500m이내은행수":2,
            "500m이내병원수":0,
            "5km이내대형병원수":4,
            "500m이내공원수":10,
            "3km이내혐오시설수":0,
            "초등학교학업성취도":89.94,
            "중학교학업성취도":70.5,
            "용적률":0,
            "건폐율":0,
            "Y":35.576372,
            "X":129.341562,
            "rank":100.0,
            "area_info":"24평(80.88), 27평(91.7)",
            "last_sales":"2022-02-11,10800.0,27평(91.7)",
            "rank_history":[
                [
                    "202203",
                    100
                ],
                [
                    "202202",
                    77
                ],
                [
                    "202201",
                    83
                ]
            ],
            "rank_gap":-23
        },
        {
            "index":211,
            "아파트명":"두강팔레스맨션",
            "투자타입":"일반",
            "전용면적(m2)":"77.81",
            "전용면적(평)":"23평",
            "법정동주소":"울산시 중구 서동 34-1",
            "도로명주소":"울산시 중구 동천4길 31",
            "세대수":0,
            "입주년차":0,
            "용적률점수":"--",
            "건폐율점수":"--",
            "세대당주차수":0,
            "난방방식":30,
            "공급면적":"--",
            "전용률":"--",
            "욕실수":50,
            "현관타입":100,
            "주거총점":18.0,
            "지역구공급총점":0.0,
            "역세권":"NA",
            "30분내 이동가능 거점":"NA",
            "1시간내 이동가능 거점":"NA",
            "교통총점":"NA",
            "백화점":0,
            "아울렛몰":0,
            "대형마트":0,
            "은행":0,
            "병원":0,
            "종합병원":100,
            "공원":100,
            "혐오시설":0,
            "인프라총점":23.0,
            "초등학군":90.01,
            "중학군":48.48,
            "학군총점":56.786,
            "인구수":23.57,
            "인구증감":-12.32,
            "인구총점":12.803,
            "일자리":7.57,
            "소득수준":63.68,
            "일자리총점":24.403,
            "가치 총점":29.6965,
            "매매실거래년":20211230.0,
            "매매실거래가":19200.0,
            "전세실거래년":20190306.0,
            "전세실거래가":8000.0,
            "전세가율":62.5,
            "장기전세가율평균":71.43,
            "전세가율거품지수":8.93,
            "검색코드":6383,
            "세대수":260,
            "준공년월":"1996-03-04",
            "준공년차":27,
            "가까운역이름":"NA",
            "가까운역거리":"NA",
            "역세권여부":"NA",
            "30분이내주요거점역":"NA",
            "30분거점역이름":"NA",
            "1시간이내주요거점역":"NA",
            "1시간거점역이름":"NA",
            "3km이내백화점수":0,
            "5km이내아울렛몰수":0,
            "1km이내대형먀트수":0,
            "500m이내은행수":0,
            "500m이내병원수":0,
            "5km이내대형병원수":3,
            "500m이내공원수":6,
            "3km이내혐오시설수":0,
            "초등학교학업성취도":90.01,
            "중학교학업성취도":80.2,
            "용적률":275,
            "건폐율":21,
            "Y":35.583495,
            "X":129.345399,
            "rank":101.0,
            "area_info":"23평(77.81), 24평(82.37), 26평(88.99), 27평(89.56), 27평(91.55), 29평(98.62)",
            "last_sales":"2021-12-30,19200.0,29평(98.62)",
            "rank_history":[
                [
                    "202203",
                    101
                ],
                [
                    "202202",
                    78
                ],
                [
                    "202201",
                    84
                ]
            ],
            "rank_gap":-23
        },
        {
            "index":28,
            "아파트명":"평화보라타운",
            "투자타입":"재건축",
            "전용면적(m2)":"48.0",
            "전용면적(평)":"14평",
            "법정동주소":"울산시 중구 남외동 38-2",
            "도로명주소":"울산시 중구 병영성길 16",
            "세대수":0,
            "입주년차":"--",
            "용적률점수":0,
            "건폐율점수":0,
            "세대당주차수":"--",
            "난방방식":"--",
            "공급면적":50,
            "전용률":80,
            "욕실수":"--",
            "현관타입":"--",
            "주거총점":6.5,
            "지역구공급총점":0.0,
            "역세권":"NA",
            "30분내 이동가능 거점":"NA",
            "1시간내 이동가능 거점":"NA",
            "교통총점":"NA",
            "백화점":0,
            "아울렛몰":0,
            "대형마트":80,
            "은행":0,
            "병원":0,
            "종합병원":100,
            "공원":100,
            "혐오시설":0,
            "인프라총점":35.0,
            "초등학군":89.94,
            "중학군":42.78,
            "학군총점":52.212,
            "인구수":23.57,
            "인구증감":-12.32,
            "인구총점":12.803,
            "일자리":7.57,
            "소득수준":63.68,
            "일자리총점":24.403,
            "가치 총점":29.328,
            "매매실거래년":20220121.0,
            "매매실거래가":17900.0,
            "전세실거래년":20220210.0,
            "전세실거래가":9000.0,
            "전세가율":50.28,
            "장기전세가율평균":71.43,
            "전세가율거품지수":21.15,
            "검색코드":117239,
            "세대수":70,
            "준공년월":"1983-11-23",
            "준공년차":40,
            "가까운역이름":"NA",
            "가까운역거리":"NA",
            "역세권여부":"NA",
            "30분이내주요거점역":"NA",
            "30분거점역이름":"NA",
            "1시간이내주요거점역":"NA",
            "1시간거점역이름":"NA",
            "3km이내백화점수":0,
            "5km이내아울렛몰수":0,
            "1km이내대형먀트수":1,
            "500m이내은행수":0,
            "500m이내병원수":0,
            "5km이내대형병원수":4,
            "500m이내공원수":8,
            "3km이내혐오시설수":0,
            "초등학교학업성취도":89.94,
            "중학교학업성취도":70.5,
            "용적률":0,
            "건폐율":0,
            "Y":35.574566,
            "X":129.341195,
            "rank":102.0,
            "area_info":"14평(48.0), 19평(66.0)",
            "last_sales":"2022-01-21,17900.0,14평(48.0)",
            "rank_history":[
                [
                    "202203",
                    102
                ],
                [
                    "202202",
                    9999
                ]
            ],
            "rank_gap":9999
        },
        {
            "index":418,
            "아파트명":"대륜로얄맨션",
            "투자타입":"일반",
            "전용면적(m2)":"59.95",
            "전용면적(평)":"18평",
            "법정동주소":"울산시 중구 태화동 11-14",
            "도로명주소":"울산시 중구 화진4길 86",
            "세대수":0,
            "입주년차":0,
            "용적률점수":"--",
            "건폐율점수":"--",
            "세대당주차수":0,
            "난방방식":30,
            "공급면적":"--",
            "전용률":"--",
            "욕실수":50,
            "현관타입":50,
            "주거총점":13.0,
            "지역구공급총점":0.0,
            "역세권":"NA",
            "30분내 이동가능 거점":"NA",
            "1시간내 이동가능 거점":"NA",
            "교통총점":"NA",
            "백화점":0,
            "아울렛몰":0,
            "대형마트":0,
            "은행":0,
            "병원":0,
            "종합병원":100,
            "공원":100,
            "혐오시설":0,
            "인프라총점":23.0,
            "초등학군":89.99,
            "중학군":54.6,
            "학군총점":61.678,
            "인구수":23.57,
            "인구증감":-12.32,
            "인구총점":12.803,
            "일자리":7.57,
            "소득수준":63.68,
            "일자리총점":24.403,
            "가치 총점":29.1695,
            "매매실거래년":20211008.0,
            "매매실거래가":16000.0,
            "전세실거래년":20151128.0,
            "전세실거래가":11500.0,
            "전세가율":71.88,
            "장기전세가율평균":71.43,
            "전세가율거품지수":-0.45,
            "검색코드":14758,
            "세대수":97,
            "준공년월":"1993-09-10",
            "준공년차":30,
            "가까운역이름":"NA",
            "가까운역거리":"NA",
            "역세권여부":"NA",
            "30분이내주요거점역":"NA",
            "30분거점역이름":"NA",
            "1시간이내주요거점역":"NA",
            "1시간거점역이름":"NA",
            "3km이내백화점수":0,
            "5km이내아울렛몰수":0,
            "1km이내대형먀트수":0,
            "500m이내은행수":0,
            "500m이내병원수":0,
            "5km이내대형병원수":5,
            "500m이내공원수":8,
            "3km이내혐오시설수":0,
            "초등학교학업성취도":89.99,
            "중학교학업성취도":87.6,
            "용적률":283,
            "건폐율":29,
            "Y":35.55521,
            "X":129.30318,
            "rank":103.0,
            "area_info":"18평(59.95), 25평(84.98)",
            "last_sales":"2021-10-08,16000.0,18평(59.95)",
            "rank_history":[
                [
                    "202203",
                    103
                ],
                [
                    "202202",
                    9999
                ]
            ],
            "rank_gap":9999
        },
        {
            "index":328,
            "아파트명":"우정파크맨션",
            "투자타입":"재건축",
            "전용면적(m2)":"101.31",
            "전용면적(평)":"30평",
            "법정동주소":"울산시 중구 우정동 725-3",
            "도로명주소":"울산시 중구 평동길 12",
            "세대수":0,
            "입주년차":"--",
            "용적률점수":0,
            "건폐율점수":0,
            "세대당주차수":"--",
            "난방방식":"--",
            "공급면적":90,
            "전용률":80,
            "욕실수":"--",
            "현관타입":"--",
            "주거총점":8.5,
            "지역구공급총점":0.0,
            "역세권":"NA",
            "30분내 이동가능 거점":"NA",
            "1시간내 이동가능 거점":"NA",
            "교통총점":"NA",
            "백화점":0,
            "아울렛몰":0,
            "대형마트":0,
            "은행":20,
            "병원":0,
            "종합병원":100,
            "공원":100,
            "혐오시설":0,
            "인프라총점":25.0,
            "초등학군":89.99,
            "중학군":54.6,
            "학군총점":61.678,
            "인구수":23.57,
            "인구증감":-12.32,
            "인구총점":12.803,
            "일자리":7.57,
            "소득수준":63.68,
            "일자리총점":24.403,
            "가치 총점":28.3945,
            "매매실거래년":20220127.0,
            "매매실거래가":18500.0,
            "전세실거래년":20210120.0,
            "전세실거래가":15000.0,
            "전세가율":81.08,
            "장기전세가율평균":71.43,
            "전세가율거품지수":-9.65,
            "검색코드":14755,
            "세대수":97,
            "준공년월":"1989-07-24",
            "준공년차":34,
            "가까운역이름":"NA",
            "가까운역거리":"NA",
            "역세권여부":"NA",
            "30분이내주요거점역":"NA",
            "30분거점역이름":"NA",
            "1시간이내주요거점역":"NA",
            "1시간거점역이름":"NA",
            "3km이내백화점수":0,
            "5km이내아울렛몰수":0,
            "1km이내대형먀트수":0,
            "500m이내은행수":2,
            "500m이내병원수":0,
            "5km이내대형병원수":5,
            "500m이내공원수":10,
            "3km이내혐오시설수":0,
            "초등학교학업성취도":89.99,
            "중학교학업성취도":87.6,
            "용적률":0,
            "건폐율":0,
            "Y":35.55745,
            "X":129.30664,
            "rank":104.0,
            "area_info":"30평(101.31), 31평(102.93), 30평(102.38)",
            "last_sales":"2022-01-27,18500.0,30평(101.31)",
            "rank_history":[
                [
                    "202203",
                    104
                ],
                [
                    "202202",
                    9999
                ]
            ],
            "rank_gap":9999
        },
        {
            "index":410,
            "아파트명":"남운파크맨션",
            "투자타입":"재건축",
            "전용면적(m2)":"153.36",
            "전용면적(평)":"46평",
            "법정동주소":"울산시 중구 태화동 171",
            "도로명주소":"울산시 중구 화진4길 92",
            "세대수":0,
            "입주년차":"--",
            "용적률점수":0,
            "건폐율점수":0,
            "세대당주차수":"--",
            "난방방식":"--",
            "공급면적":100,
            "전용률":100,
            "욕실수":"--",
            "현관타입":"--",
            "주거총점":10.0,
            "지역구공급총점":0.0,
            "역세권":"NA",
            "30분내 이동가능 거점":"NA",
            "1시간내 이동가능 거점":"NA",
            "교통총점":"NA",
            "백화점":0,
            "아울렛몰":0,
            "대형마트":0,
            "은행":0,
            "병원":0,
            "종합병원":100,
            "공원":100,
            "혐오시설":0,
            "인프라총점":23.0,
            "초등학군":89.99,
            "중학군":54.6,
            "학군총점":61.678,
            "인구수":23.57,
            "인구증감":-12.32,
            "인구총점":12.803,
            "일자리":7.57,
            "소득수준":63.68,
            "일자리총점":24.403,
            "가치 총점":28.1195,
            "매매실거래년":20170613.0,
            "매매실거래가":33500.0,
            "전세실거래년":20190620.0,
            "전세실거래가":2000.0,
            "전세가율":8.89,
            "장기전세가율평균":71.43,
            "전세가율거품지수":62.54,
            "검색코드":111874,
            "세대수":61,
            "준공년월":"1990-03-19",
            "준공년차":33,
            "가까운역이름":"NA",
            "가까운역거리":"NA",
            "역세권여부":"NA",
            "30분이내주요거점역":"NA",
            "30분거점역이름":"NA",
            "1시간이내주요거점역":"NA",
            "1시간거점역이름":"NA",
            "3km이내백화점수":0,
            "5km이내아울렛몰수":0,
            "1km이내대형먀트수":0,
            "500m이내은행수":1,
            "500m이내병원수":0,
            "5km이내대형병원수":5,
            "500m이내공원수":6,
            "3km이내혐오시설수":0,
            "초등학교학업성취도":89.99,
            "중학교학업성취도":87.6,
            "용적률":0,
            "건폐율":0,
            "Y":35.55462,
            "X":129.303303,
            "rank":105.0,
            "area_info":"46평(153.36), 46평(155.22), 48평(158.73), 48평(160.37), 52평(172.86), 53평(177.6), 62평(205.4), 88평(292.85)",
            "last_sales":"2017-06-13,33500.0,62평(205.4)",
            "rank_history":[
                [
                    "202203",
                    105
                ],
                [
                    "202202",
                    9999
                ]
            ],
            "rank_gap":9999
        },
        {
            "index":349,
            "아파트명":"새운태화6차",
            "투자타입":"재건축",
            "전용면적(m2)":"60.67",
            "전용면적(평)":"18평",
            "법정동주소":"울산시 중구 유곡동 117-27",
            "도로명주소":"울산시 중구 평동2길 50",
            "세대수":0,
            "입주년차":"--",
            "용적률점수":0,
            "건폐율점수":0,
            "세대당주차수":"--",
            "난방방식":"--",
            "공급면적":50,
            "전용률":100,
            "욕실수":"--",
            "현관타입":"--",
            "주거총점":7.5,
            "지역구공급총점":0.0,
            "역세권":"NA",
            "30분내 이동가능 거점":"NA",
            "1시간내 이동가능 거점":"NA",
            "교통총점":"NA",
            "백화점":0,
            "아울렛몰":0,
            "대형마트":0,
            "은행":20,
            "병원":0,
            "종합병원":100,
            "공원":100,
            "혐오시설":0,
            "인프라총점":25.0,
            "초등학군":89.99,
            "중학군":54.6,
            "학군총점":61.678,
            "인구수":23.57,
            "인구증감":-12.32,
            "인구총점":12.803,
            "일자리":7.57,
            "소득수준":63.68,
            "일자리총점":24.403,
            "가치 총점":28.0445,
            "매매실거래년":20220210.0,
            "매매실거래가":22000.0,
            "전세실거래년":20140308.0,
            "전세실거래가":7500.0,
            "전세가율":34.09,
            "장기전세가율평균":71.43,
            "전세가율거품지수":37.34,
            "검색코드":125189,
            "세대수":85,
            "준공년월":"1984-05-15",
            "준공년차":39,
            "가까운역이름":"NA",
            "가까운역거리":"NA",
            "역세권여부":"NA",
            "30분이내주요거점역":"NA",
            "30분거점역이름":"NA",
            "1시간이내주요거점역":"NA",
            "1시간거점역이름":"NA",
            "3km이내백화점수":0,
            "5km이내아울렛몰수":0,
            "1km이내대형먀트수":0,
            "500m이내은행수":2,
            "500m이내병원수":0,
            "5km이내대형병원수":5,
            "500m이내공원수":8,
            "3km이내혐오시설수":0,
            "초등학교학업성취도":89.99,
            "중학교학업성취도":87.6,
            "용적률":0,
            "건폐율":0,
            "Y":35.556946,
            "X":129.305366,
            "rank":106.0,
            "area_info":"18평(60.67), 19평(65.49), 26평(87.03)",
            "last_sales":"2022-02-10,22000.0,18평(60.67)",
            "rank_history":[
                [
                    "202203",
                    106
                ],
                [
                    "202202",
                    9999
                ]
            ],
            "rank_gap":9999
        },
        {
            "index":428,
            "아파트명":"미포현대",
            "투자타입":"일반",
            "전용면적(m2)":"80.71",
            "전용면적(평)":"24평",
            "법정동주소":"울산시 중구 태화동 169-4",
            "도로명주소":"울산시 중구 신기11길 10-8",
            "세대수":0,
            "입주년차":0,
            "용적률점수":"--",
            "건폐율점수":"--",
            "세대당주차수":0,
            "난방방식":30,
            "공급면적":"--",
            "전용률":"--",
            "욕실수":50,
            "현관타입":10,
            "주거총점":9.0,
            "지역구공급총점":0.0,
            "역세권":"NA",
            "30분내 이동가능 거점":"NA",
            "1시간내 이동가능 거점":"NA",
            "교통총점":"NA",
            "백화점":0,
            "아울렛몰":0,
            "대형마트":0,
            "은행":0,
            "병원":0,
            "종합병원":100,
            "공원":100,
            "혐오시설":0,
            "인프라총점":23.0,
            "초등학군":89.99,
            "중학군":54.6,
            "학군총점":61.678,
            "인구수":23.57,
            "인구증감":-12.32,
            "인구총점":12.803,
            "일자리":7.57,
            "소득수준":63.68,
            "일자리총점":24.403,
            "가치 총점":27.7695,
            "매매실거래년":20211228.0,
            "매매실거래가":16900.0,
            "전세실거래년":20220107.0,
            "전세실거래가":11500.0,
            "전세가율":68.05,
            "장기전세가율평균":71.43,
            "전세가율거품지수":3.38,
            "검색코드":14761,
            "세대수":94,
            "준공년월":"1993-12-04",
            "준공년차":30,
            "가까운역이름":"NA",
            "가까운역거리":"NA",
            "역세권여부":"NA",
            "30분이내주요거점역":"NA",
            "30분거점역이름":"NA",
            "1시간이내주요거점역":"NA",
            "1시간거점역이름":"NA",
            "3km이내백화점수":0,
            "5km이내아울렛몰수":0,
            "1km이내대형먀트수":0,
            "500m이내은행수":0,
            "500m이내병원수":0,
            "5km이내대형병원수":5,
            "500m이내공원수":4,
            "3km이내혐오시설수":0,
            "초등학교학업성취도":89.99,
            "중학교학업성취도":87.6,
            "용적률":228,
            "건폐율":20,
            "Y":35.554119,
            "X":129.301287,
            "rank":107.0,
            "area_info":"24평(80.71)",
            "last_sales":"2021-12-28,16900.0,24평(80.71)",
            "rank_history":[
                [
                    "202203",
                    107
                ],
                [
                    "202202",
                    9999
                ]
            ],
            "rank_gap":9999
        },
        {
            "index":344,
            "아파트명":"청우하이츠",
            "투자타입":"일반",
            "전용면적(m2)":"80.93",
            "전용면적(평)":"24평",
            "법정동주소":"울산시 중구 우정동 723-1",
            "도로명주소":"울산시 중구 평동길 26",
            "세대수":0,
            "입주년차":0,
            "용적률점수":"--",
            "건폐율점수":"--",
            "세대당주차수":0,
            "난방방식":30,
            "공급면적":"--",
            "전용률":"--",
            "욕실수":50,
            "현관타입":10,
            "주거총점":9.0,
            "지역구공급총점":0.0,
            "역세권":"NA",
            "30분내 이동가능 거점":"NA",
            "1시간내 이동가능 거점":"NA",
            "교통총점":"NA",
            "백화점":0,
            "아울렛몰":0,
            "대형마트":0,
            "은행":0,
            "병원":0,
            "종합병원":100,
            "공원":100,
            "혐오시설":0,
            "인프라총점":23.0,
            "초등학군":89.99,
            "중학군":54.6,
            "학군총점":61.678,
            "인구수":23.57,
            "인구증감":-12.32,
            "인구총점":12.803,
            "일자리":7.57,
            "소득수준":63.68,
            "일자리총점":24.403,
            "가치 총점":27.7695,
            "매매실거래년":20220107.0,
            "매매실거래가":20000.0,
            "전세실거래년":20211130.0,
            "전세실거래가":15000.0,
            "전세가율":85.71,
            "장기전세가율평균":71.43,
            "전세가율거품지수":-14.28,
            "검색코드":6479,
            "세대수":201,
            "준공년월":"1995-01-20",
            "준공년차":28,
            "가까운역이름":"NA",
            "가까운역거리":"NA",
            "역세권여부":"NA",
            "30분이내주요거점역":"NA",
            "30분거점역이름":"NA",
            "1시간이내주요거점역":"NA",
            "1시간거점역이름":"NA",
            "3km이내백화점수":0,
            "5km이내아울렛몰수":0,
            "1km이내대형먀트수":0,
            "500m이내은행수":1,
            "500m이내병원수":0,
            "5km이내대형병원수":5,
            "500m이내공원수":12,
            "3km이내혐오시설수":0,
            "초등학교학업성취도":89.99,
            "중학교학업성취도":87.6,
            "용적률":369,
            "건폐율":31,
            "Y":35.55844,
            "X":129.30706,
            "rank":107.0,
            "area_info":"24평(80.93), 31평(104.55)",
            "last_sales":"2022-01-07,20000.0,31평(104.55)",
            "rank_history":[
                [
                    "202203",
                    107
                ],
                [
                    "202202",
                    79
                ],
                [
                    "202201",
                    86
                ]
            ],
            "rank_gap":-28
        },
        {
            "index":464,
            "아파트명":"한라궁전맨션",
            "투자타입":"재건축",
            "전용면적(m2)":"106.01",
            "전용면적(평)":"32평",
            "법정동주소":"울산시 중구 태화동 110",
            "도로명주소":"울산시 중구 태화로 263",
            "세대수":0,
            "입주년차":"--",
            "용적률점수":0,
            "건폐율점수":0,
            "세대당주차수":"--",
            "난방방식":"--",
            "공급면적":90,
            "전용률":80,
            "욕실수":"--",
            "현관타입":"--",
            "주거총점":8.5,
            "지역구공급총점":0.0,
            "역세권":"NA",
            "30분내 이동가능 거점":"NA",
            "1시간내 이동가능 거점":"NA",
            "교통총점":"NA",
            "백화점":0,
            "아울렛몰":0,
            "대형마트":0,
            "은행":0,
            "병원":0,
            "종합병원":100,
            "공원":100,
            "혐오시설":0,
            "인프라총점":23.0,
            "초등학군":89.99,
            "중학군":54.6,
            "학군총점":61.678,
            "인구수":23.57,
            "인구증감":-12.32,
            "인구총점":12.803,
            "일자리":7.57,
            "소득수준":63.68,
            "일자리총점":24.403,
            "가치 총점":27.5945,
            "매매실거래년":20211104.0,
            "매매실거래가":20600.0,
            "전세실거래년":20210927.0,
            "전세실거래가":7500.0,
            "전세가율":36.41,
            "장기전세가율평균":71.43,
            "전세가율거품지수":35.02,
            "검색코드":6524,
            "세대수":208,
            "준공년월":"1989-12-29",
            "준공년차":34,
            "가까운역이름":"NA",
            "가까운역거리":"NA",
            "역세권여부":"NA",
            "30분이내주요거점역":"NA",
            "30분거점역이름":"NA",
            "1시간이내주요거점역":"NA",
            "1시간거점역이름":"NA",
            "3km이내백화점수":0,
            "5km이내아울렛몰수":0,
            "1km이내대형먀트수":0,
            "500m이내은행수":1,
            "500m이내병원수":0,
            "5km이내대형병원수":5,
            "500m이내공원수":4,
            "3km이내혐오시설수":0,
            "초등학교학업성취도":89.99,
            "중학교학업성취도":87.6,
            "용적률":0,
            "건폐율":0,
            "Y":35.55397,
            "X":129.30322,
            "rank":108.0,
            "area_info":"32평(106.01), 32평(107.57), 44평(146.49), 47평(156.78)",
            "last_sales":"2021-11-04,20600.0,32평(106.01)",
            "rank_history":[
                [
                    "202203",
                    108
                ],
                [
                    "202202",
                    80
                ],
                [
                    "202201",
                    69
                ]
            ],
            "rank_gap":-28
        },
        {
            "index":432,
            "아파트명":"삼익세라믹(101동)",
            "투자타입":"재건축",
            "전용면적(m2)":"101.5",
            "전용면적(평)":"30평",
            "법정동주소":"울산시 중구 태화동 150-2",
            "도로명주소":"울산시 중구 신기12길 12",
            "세대수":0,
            "입주년차":"--",
            "용적률점수":0,
            "건폐율점수":0,
            "세대당주차수":"--",
            "난방방식":"--",
            "공급면적":90,
            "전용률":80,
            "욕실수":"--",
            "현관타입":"--",
            "주거총점":8.5,
            "지역구공급총점":0.0,
            "역세권":"NA",
            "30분내 이동가능 거점":"NA",
            "1시간내 이동가능 거점":"NA",
            "교통총점":"NA",
            "백화점":0,
            "아울렛몰":0,
            "대형마트":0,
            "은행":0,
            "병원":0,
            "종합병원":100,
            "공원":100,
            "혐오시설":0,
            "인프라총점":23.0,
            "초등학군":89.99,
            "중학군":54.6,
            "학군총점":61.678,
            "인구수":23.57,
            "인구증감":-12.32,
            "인구총점":12.803,
            "일자리":7.57,
            "소득수준":63.68,
            "일자리총점":24.403,
            "가치 총점":27.5945,
            "매매실거래년":20210814.0,
            "매매실거래가":19900.0,
            "전세실거래년":20210730.0,
            "전세실거래가":21000.0,
            "전세가율":105.53,
            "장기전세가율평균":71.43,
            "전세가율거품지수":-34.1,
            "검색코드":6509,
            "세대수":96,
            "준공년월":"1990-12-11",
            "준공년차":33,
            "가까운역이름":"NA",
            "가까운역거리":"NA",
            "역세권여부":"NA",
            "30분이내주요거점역":"NA",
            "30분거점역이름":"NA",
            "1시간이내주요거점역":"NA",
            "1시간거점역이름":"NA",
            "3km이내백화점수":0,
            "5km이내아울렛몰수":0,
            "1km이내대형먀트수":0,
            "500m이내은행수":1,
            "500m이내병원수":0,
            "5km이내대형병원수":5,
            "500m이내공원수":4,
            "3km이내혐오시설수":0,
            "초등학교학업성취도":89.99,
            "중학교학업성취도":87.6,
            "용적률":0,
            "건폐율":0,
            "Y":35.552848,
            "X":129.298774,
            "rank":108.0,
            "area_info":"30평(101.5)",
            "last_sales":"2021-08-14,19900.0,30평(101.5)",
            "rank_history":[
                [
                    "202203",
                    108
                ],
                [
                    "202202",
                    9999
                ]
            ],
            "rank_gap":9999
        },
        {
            "index":436,
            "아파트명":"선경맨션",
            "투자타입":"재건축",
            "전용면적(m2)":"89.73",
            "전용면적(평)":"27평",
            "법정동주소":"울산시 중구 태화동 200-1",
            "도로명주소":"울산시 중구 유곡로 77",
            "세대수":0,
            "입주년차":"--",
            "용적률점수":0,
            "건폐율점수":0,
            "세대당주차수":"--",
            "난방방식":"--",
            "공급면적":70,
            "전용률":80,
            "욕실수":"--",
            "현관타입":"--",
            "주거총점":7.5,
            "지역구공급총점":0.0,
            "역세권":"NA",
            "30분내 이동가능 거점":"NA",
            "1시간내 이동가능 거점":"NA",
            "교통총점":"NA",
            "백화점":0,
            "아울렛몰":0,
            "대형마트":0,
            "은행":0,
            "병원":0,
            "종합병원":100,
            "공원":100,
            "혐오시설":0,
            "인프라총점":23.0,
            "초등학군":90.0,
            "중학군":54.6,
            "학군총점":61.68,
            "인구수":23.57,
            "인구증감":-12.32,
            "인구총점":12.803,
            "일자리":7.57,
            "소득수준":63.68,
            "일자리총점":24.403,
            "가치 총점":27.245,
            "매매실거래년":20220214.0,
            "매매실거래가":19000.0,
            "전세실거래년":20160623.0,
            "전세실거래가":15000.0,
            "전세가율":84.27,
            "장기전세가율평균":71.43,
            "전세가율거품지수":-12.84,
            "검색코드":6511,
            "세대수":207,
            "준공년월":"1990-12-06",
            "준공년차":33,
            "가까운역이름":"NA",
            "가까운역거리":"NA",
            "역세권여부":"NA",
            "30분이내주요거점역":"NA",
            "30분거점역이름":"NA",
            "1시간이내주요거점역":"NA",
            "1시간거점역이름":"NA",
            "3km이내백화점수":0,
            "5km이내아울렛몰수":0,
            "1km이내대형먀트수":0,
            "500m이내은행수":0,
            "500m이내병원수":0,
            "5km이내대형병원수":5,
            "500m이내공원수":14,
            "3km이내혐오시설수":0,
            "초등학교학업성취도":90.0,
            "중학교학업성취도":87.6,
            "용적률":0,
            "건폐율":0,
            "Y":35.55816,
            "X":129.30093,
            "rank":109.0,
            "area_info":"27평(89.73), 31평(103.87)",
            "last_sales":"2022-02-14,19000.0,31평(103.87)",
            "rank_history":[
                [
                    "202203",
                    109
                ],
                [
                    "202202",
                    81
                ],
                [
                    "202201",
                    79
                ]
            ],
            "rank_gap":-28
        },
        {
            "index":352,
            "아파트명":"양지",
            "투자타입":"재건축",
            "전용면적(m2)":"59.76",
            "전용면적(평)":"18평",
            "법정동주소":"울산시 중구 유곡동 114-1",
            "도로명주소":"울산시 중구 유곡로 50",
            "세대수":0,
            "입주년차":"--",
            "용적률점수":0,
            "건폐율점수":0,
            "세대당주차수":"--",
            "난방방식":"--",
            "공급면적":50,
            "전용률":100,
            "욕실수":"--",
            "현관타입":"--",
            "주거총점":7.5,
            "지역구공급총점":0.0,
            "역세권":"NA",
            "30분내 이동가능 거점":"NA",
            "1시간내 이동가능 거점":"NA",
            "교통총점":"NA",
            "백화점":0,
            "아울렛몰":0,
            "대형마트":0,
            "은행":0,
            "병원":0,
            "종합병원":100,
            "공원":100,
            "혐오시설":0,
            "인프라총점":23.0,
            "초등학군":89.99,
            "중학군":54.6,
            "학군총점":61.678,
            "인구수":23.57,
            "인구증감":-12.32,
            "인구총점":12.803,
            "일자리":7.57,
            "소득수준":63.68,
            "일자리총점":24.403,
            "가치 총점":27.2445,
            "매매실거래년":20211123.0,
            "매매실거래가":19400.0,
            "전세실거래년":20200227.0,
            "전세실거래가":7000.0,
            "전세가율":43.75,
            "장기전세가율평균":71.43,
            "전세가율거품지수":27.68,
            "검색코드":123976,
            "세대수":60,
            "준공년월":"1987-11-24",
            "준공년차":36,
            "가까운역이름":"NA",
            "가까운역거리":"NA",
            "역세권여부":"NA",
            "30분이내주요거점역":"NA",
            "30분거점역이름":"NA",
            "1시간이내주요거점역":"NA",
            "1시간거점역이름":"NA",
            "3km이내백화점수":0,
            "5km이내아울렛몰수":0,
            "1km이내대형먀트수":0,
            "500m이내은행수":0,
            "500m이내병원수":0,
            "5km이내대형병원수":5,
            "500m이내공원수":8,
            "3km이내혐오시설수":0,
            "초등학교학업성취도":89.99,
            "중학교학업성취도":87.6,
            "용적률":0,
            "건폐율":0,
            "Y":35.55742,
            "X":129.303962,
            "rank":110.0,
            "area_info":"18평(59.76), 18평(59.74), 18평(61.68), 19평(63.45), 19평(63.43), 19평(65.37), 26평(87.84)",
            "last_sales":"2021-11-23,19400.0,26평(87.84)",
            "rank_history":[
                [
                    "202203",
                    110
                ],
                [
                    "202202",
                    9999
                ]
            ],
            "rank_gap":9999
        },
        {
            "index":434,
            "아파트명":"삼익세라믹(103동)",
            "투자타입":"재건축",
            "전용면적(m2)":"94.85",
            "전용면적(평)":"28평",
            "법정동주소":"울산시 중구 태화동 150-7",
            "도로명주소":"울산시 중구 신기12길 4",
            "세대수":0,
            "입주년차":"--",
            "용적률점수":0,
            "건폐율점수":0,
            "세대당주차수":"--",
            "난방방식":"--",
            "공급면적":70,
            "전용률":80,
            "욕실수":"--",
            "현관타입":"--",
            "주거총점":7.5,
            "지역구공급총점":0.0,
            "역세권":"NA",
            "30분내 이동가능 거점":"NA",
            "1시간내 이동가능 거점":"NA",
            "교통총점":"NA",
            "백화점":0,
            "아울렛몰":0,
            "대형마트":0,
            "은행":0,
            "병원":0,
            "종합병원":100,
            "공원":100,
            "혐오시설":0,
            "인프라총점":23.0,
            "초등학군":89.99,
            "중학군":54.6,
            "학군총점":61.678,
            "인구수":23.57,
            "인구증감":-12.32,
            "인구총점":12.803,
            "일자리":7.57,
            "소득수준":63.68,
            "일자리총점":24.403,
            "가치 총점":27.2445,
            "매매실거래년":20211217.0,
            "매매실거래가":25000.0,
            "전세실거래년":20210819.0,
            "전세실거래가":15000.0,
            "전세가율":60.0,
            "장기전세가율평균":71.43,
            "전세가율거품지수":11.43,
            "검색코드":17315,
            "세대수":120,
            "준공년월":"1991-10-28",
            "준공년차":32,
            "가까운역이름":"NA",
            "가까운역거리":"NA",
            "역세권여부":"NA",
            "30분이내주요거점역":"NA",
            "30분거점역이름":"NA",
            "1시간이내주요거점역":"NA",
            "1시간거점역이름":"NA",
            "3km이내백화점수":0,
            "5km이내아울렛몰수":0,
            "1km이내대형먀트수":0,
            "500m이내은행수":1,
            "500m이내병원수":0,
            "5km이내대형병원수":5,
            "500m이내공원수":4,
            "3km이내혐오시설수":0,
            "초등학교학업성취도":89.99,
            "중학교학업성취도":87.6,
            "용적률":0,
            "건폐율":0,
            "Y":35.552244,
            "X":129.299592,
            "rank":110.0,
            "area_info":"28평(94.85)",
            "last_sales":"2021-12-17,25000.0,28평(94.85)",
            "rank_history":[
                [
                    "202203",
                    110
                ],
                [
                    "202202",
                    82
                ],
                [
                    "202201",
                    72
                ]
            ],
            "rank_gap":-28
        },
        {
            "index":420,
            "아파트명":"동덕현대맨션",
            "투자타입":"재건축",
            "전용면적(m2)":"83.96",
            "전용면적(평)":"25평",
            "법정동주소":"울산시 중구 태화동 200-7",
            "도로명주소":"울산시 중구 유곡로 55",
            "세대수":0,
            "입주년차":"--",
            "용적률점수":0,
            "건폐율점수":0,
            "세대당주차수":"--",
            "난방방식":"--",
            "공급면적":70,
            "전용률":80,
            "욕실수":"--",
            "현관타입":"--",
            "주거총점":7.5,
            "지역구공급총점":0.0,
            "역세권":"NA",
            "30분내 이동가능 거점":"NA",
            "1시간내 이동가능 거점":"NA",
            "교통총점":"NA",
            "백화점":0,
            "아울렛몰":0,
            "대형마트":0,
            "은행":0,
            "병원":0,
            "종합병원":100,
            "공원":100,
            "혐오시설":0,
            "인프라총점":23.0,
            "초등학군":89.99,
            "중학군":54.6,
            "학군총점":61.678,
            "인구수":23.57,
            "인구증감":-12.32,
            "인구총점":12.803,
            "일자리":7.57,
            "소득수준":63.68,
            "일자리총점":24.403,
            "가치 총점":27.2445,
            "매매실거래년":20220205.0,
            "매매실거래가":16000.0,
            "전세실거래년":20150729.0,
            "전세실거래가":8000.0,
            "전세가율":50.0,
            "장기전세가율평균":71.43,
            "전세가율거품지수":21.43,
            "검색코드":6499,
            "세대수":247,
            "준공년월":"1990-05-12",
            "준공년차":33,
            "가까운역이름":"NA",
            "가까운역거리":"NA",
            "역세권여부":"NA",
            "30분이내주요거점역":"NA",
            "30분거점역이름":"NA",
            "1시간이내주요거점역":"NA",
            "1시간거점역이름":"NA",
            "3km이내백화점수":0,
            "5km이내아울렛몰수":0,
            "1km이내대형먀트수":0,
            "500m이내은행수":0,
            "500m이내병원수":0,
            "5km이내대형병원수":5,
            "500m이내공원수":10,
            "3km이내혐오시설수":0,
            "초등학교학업성취도":89.99,
            "중학교학업성취도":87.6,
            "용적률":0,
            "건폐율":0,
            "Y":35.55716,
            "X":129.302649,
            "rank":110.0,
            "area_info":"25평(83.96), 27평(91.38), 30평(101.37)",
            "last_sales":"2022-02-05,16000.0,30평(101.37)",
            "rank_history":[
                [
                    "202203",
                    110
                ],
                [
                    "202202",
                    82
                ],
                [
                    "202201",
                    73
                ]
            ],
            "rank_gap":-28
        },
        {
            "index":346,
            "아파트명":"평화비둘기",
            "투자타입":"재건축",
            "전용면적(m2)":"58.11",
            "전용면적(평)":"17평",
            "법정동주소":"울산시 중구 우정동 436-14",
            "도로명주소":"울산시 중구 우정7길 57",
            "세대수":0,
            "입주년차":"--",
            "용적률점수":0,
            "건폐율점수":0,
            "세대당주차수":"--",
            "난방방식":"--",
            "공급면적":50,
            "전용률":100,
            "욕실수":"--",
            "현관타입":"--",
            "주거총점":7.5,
            "지역구공급총점":0.0,
            "역세권":"NA",
            "30분내 이동가능 거점":"NA",
            "1시간내 이동가능 거점":"NA",
            "교통총점":"NA",
            "백화점":0,
            "아울렛몰":0,
            "대형마트":0,
            "은행":0,
            "병원":0,
            "종합병원":100,
            "공원":100,
            "혐오시설":0,
            "인프라총점":23.0,
            "초등학군":89.99,
            "중학군":54.6,
            "학군총점":61.678,
            "인구수":23.57,
            "인구증감":-12.32,
            "인구총점":12.803,
            "일자리":7.57,
            "소득수준":63.68,
            "일자리총점":24.403,
            "가치 총점":27.2445,
            "매매실거래년":20210420.0,
            "매매실거래가":23700.0,
            "전세실거래년":20211218.0,
            "전세실거래가":11000.0,
            "전세가율":46.41,
            "장기전세가율평균":71.43,
            "전세가율거품지수":25.02,
            "검색코드":115118,
            "세대수":66,
            "준공년월":"1983-12-15",
            "준공년차":40,
            "가까운역이름":"NA",
            "가까운역거리":"NA",
            "역세권여부":"NA",
            "30분이내주요거점역":"NA",
            "30분거점역이름":"NA",
            "1시간이내주요거점역":"NA",
            "1시간거점역이름":"NA",
            "3km이내백화점수":0,
            "5km이내아울렛몰수":0,
            "1km이내대형먀트수":0,
            "500m이내은행수":0,
            "500m이내병원수":0,
            "5km이내대형병원수":6,
            "500m이내공원수":14,
            "3km이내혐오시설수":0,
            "초등학교학업성취도":89.99,
            "중학교학업성취도":87.6,
            "용적률":0,
            "건폐율":0,
            "Y":35.560565,
            "X":129.311959,
            "rank":110.0,
            "area_info":"17평(58.11), 17평(58.31)",
            "last_sales":"2021-04-20,23700.0,17평(58.11)",
            "rank_history":[
                [
                    "202203",
                    110
                ],
                [
                    "202202",
                    9999
                ]
            ],
            "rank_gap":9999
        },
        {
            "index":438,
            "아파트명":"양지동산맨션",
            "투자타입":"재건축",
            "전용면적(m2)":"90.44",
            "전용면적(평)":"27평",
            "법정동주소":"울산시 중구 태화동 157",
            "도로명주소":"울산시 중구 신기11길 22",
            "세대수":0,
            "입주년차":"--",
            "용적률점수":0,
            "건폐율점수":0,
            "세대당주차수":"--",
            "난방방식":"--",
            "공급면적":70,
            "전용률":80,
            "욕실수":"--",
            "현관타입":"--",
            "주거총점":7.5,
            "지역구공급총점":0.0,
            "역세권":"NA",
            "30분내 이동가능 거점":"NA",
            "1시간내 이동가능 거점":"NA",
            "교통총점":"NA",
            "백화점":0,
            "아울렛몰":0,
            "대형마트":0,
            "은행":0,
            "병원":0,
            "종합병원":100,
            "공원":100,
            "혐오시설":0,
            "인프라총점":23.0,
            "초등학군":89.99,
            "중학군":54.6,
            "학군총점":61.678,
            "인구수":23.57,
            "인구증감":-12.32,
            "인구총점":12.803,
            "일자리":7.57,
            "소득수준":63.68,
            "일자리총점":24.403,
            "가치 총점":27.2445,
            "매매실거래년":20220114.0,
            "매매실거래가":21000.0,
            "전세실거래년":20210705.0,
            "전세실거래가":15000.0,
            "전세가율":71.43,
            "장기전세가율평균":71.43,
            "전세가율거품지수":0.0,
            "검색코드":6515,
            "세대수":240,
            "준공년월":"1990-08-06",
            "준공년차":33,
            "가까운역이름":"NA",
            "가까운역거리":"NA",
            "역세권여부":"NA",
            "30분이내주요거점역":"NA",
            "30분거점역이름":"NA",
            "1시간이내주요거점역":"NA",
            "1시간거점역이름":"NA",
            "3km이내백화점수":0,
            "5km이내아울렛몰수":0,
            "1km이내대형먀트수":0,
            "500m이내은행수":1,
            "500m이내병원수":0,
            "5km이내대형병원수":5,
            "500m이내공원수":4,
            "3km이내혐오시설수":0,
            "초등학교학업성취도":89.99,
            "중학교학업성취도":87.6,
            "용적률":0,
            "건폐율":0,
            "Y":35.553955,
            "X":129.298947,
            "rank":110.0,
            "area_info":"27평(90.44), 28평(94.99), 28평(95.29), 29평(96.16), 40평(135.5), 41평(137.6)",
            "last_sales":"2022-01-14,21000.0,27평(90.44)",
            "rank_history":[
                [
                    "202203",
                    110
                ],
                [
                    "202202",
                    82
                ],
                [
                    "202201",
                    72
                ]
            ],
            "rank_gap":-28
        },
        {
            "index":348,
            "아파트명":"삼풍",
            "투자타입":"재건축",
            "전용면적(m2)":"63.66",
            "전용면적(평)":"19평",
            "법정동주소":"울산시 중구 유곡동 109",
            "도로명주소":"울산시 중구 평동2길 25",
            "세대수":0,
            "입주년차":"--",
            "용적률점수":0,
            "건폐율점수":0,
            "세대당주차수":"--",
            "난방방식":"--",
            "공급면적":50,
            "전용률":100,
            "욕실수":"--",
            "현관타입":"--",
            "주거총점":7.5,
            "지역구공급총점":0.0,
            "역세권":"NA",
            "30분내 이동가능 거점":"NA",
            "1시간내 이동가능 거점":"NA",
            "교통총점":"NA",
            "백화점":0,
            "아울렛몰":0,
            "대형마트":0,
            "은행":0,
            "병원":0,
            "종합병원":100,
            "공원":100,
            "혐오시설":0,
            "인프라총점":23.0,
            "초등학군":89.99,
            "중학군":54.6,
            "학군총점":61.678,
            "인구수":23.57,
            "인구증감":-12.32,
            "인구총점":12.803,
            "일자리":7.57,
            "소득수준":63.68,
            "일자리총점":24.403,
            "가치 총점":27.2445,
            "매매실거래년":20210818.0,
            "매매실거래가":18500.0,
            "전세실거래년":20210726.0,
            "전세실거래가":10000.0,
            "전세가율":54.05,
            "장기전세가율평균":71.43,
            "전세가율거품지수":17.38,
            "검색코드":139876,
            "세대수":50,
            "준공년월":"1980-11-29",
            "준공년차":43,
            "가까운역이름":"NA",
            "가까운역거리":"NA",
            "역세권여부":"NA",
            "30분이내주요거점역":"NA",
            "30분거점역이름":"NA",
            "1시간이내주요거점역":"NA",
            "1시간거점역이름":"NA",
            "3km이내백화점수":0,
            "5km이내아울렛몰수":0,
            "1km이내대형먀트수":0,
            "500m이내은행수":0,
            "500m이내병원수":0,
            "5km이내대형병원수":5,
            "500m이내공원수":10,
            "3km이내혐오시설수":0,
            "초등학교학업성취도":89.99,
            "중학교학업성취도":87.6,
            "용적률":0,
            "건폐율":0,
            "Y":35.55828,
            "X":129.304775,
            "rank":110.0,
            "area_info":"19평(63.66)",
            "last_sales":"2021-08-18,18500.0,19평(63.66)",
            "rank_history":[
                [
                    "202203",
                    110
                ],
                [
                    "202202",
                    9999
                ]
            ],
            "rank_gap":9999
        },
        {
            "index":316,
            "아파트명":"성경",
            "투자타입":"재건축",
            "전용면적(m2)":"66.18",
            "전용면적(평)":"20평",
            "법정동주소":"울산시 중구 우정동 394-31",
            "도로명주소":"울산시 중구 우정8길 13",
            "세대수":0,
            "입주년차":"--",
            "용적률점수":0,
            "건폐율점수":0,
            "세대당주차수":"--",
            "난방방식":"--",
            "공급면적":50,
            "전용률":100,
            "욕실수":"--",
            "현관타입":"--",
            "주거총점":7.5,
            "지역구공급총점":0.0,
            "역세권":"NA",
            "30분내 이동가능 거점":"NA",
            "1시간내 이동가능 거점":"NA",
            "교통총점":"NA",
            "백화점":0,
            "아울렛몰":0,
            "대형마트":0,
            "은행":0,
            "병원":0,
            "종합병원":100,
            "공원":100,
            "혐오시설":0,
            "인프라총점":23.0,
            "초등학군":89.99,
            "중학군":54.6,
            "학군총점":61.678,
            "인구수":23.57,
            "인구증감":-12.32,
            "인구총점":12.803,
            "일자리":7.57,
            "소득수준":63.68,
            "일자리총점":24.403,
            "가치 총점":27.2445,
            "매매실거래년":20220128.0,
            "매매실거래가":10800.0,
            "전세실거래년":20211201.0,
            "전세실거래가":11000.0,
            "전세가율":101.85,
            "장기전세가율평균":71.43,
            "전세가율거품지수":-30.42,
            "검색코드":112240,
            "세대수":65,
            "준공년월":"1982-01-14",
            "준공년차":41,
            "가까운역이름":"NA",
            "가까운역거리":"NA",
            "역세권여부":"NA",
            "30분이내주요거점역":"NA",
            "30분거점역이름":"NA",
            "1시간이내주요거점역":"NA",
            "1시간거점역이름":"NA",
            "3km이내백화점수":0,
            "5km이내아울렛몰수":0,
            "1km이내대형먀트수":0,
            "500m이내은행수":0,
            "500m이내병원수":0,
            "5km이내대형병원수":5,
            "500m이내공원수":10,
            "3km이내혐오시설수":0,
            "초등학교학업성취도":89.99,
            "중학교학업성취도":87.6,
            "용적률":0,
            "건폐율":0,
            "Y":35.560263,
            "X":129.30988,
            "rank":110.0,
            "area_info":"20평(66.18), 20평(67.11)",
            "last_sales":"2022-01-28,10800.0,20평(66.18)",
            "rank_history":[
                [
                    "202203",
                    110
                ],
                [
                    "202202",
                    9999
                ]
            ],
            "rank_gap":9999
        },
        {
            "index":409,
            "아파트명":"꽃누리",
            "투자타입":"재건축",
            "전용면적(m2)":"84.76",
            "전용면적(평)":"25평",
            "법정동주소":"울산시 중구 태화동 486-9",
            "도로명주소":"울산시 중구",
            "세대수":0,
            "입주년차":"--",
            "용적률점수":0,
            "건폐율점수":0,
            "세대당주차수":"--",
            "난방방식":"--",
            "공급면적":70,
            "전용률":100,
            "욕실수":"--",
            "현관타입":"--",
            "주거총점":8.5,
            "지역구공급총점":0.0,
            "역세권":"NA",
            "30분내 이동가능 거점":"NA",
            "1시간내 이동가능 거점":"NA",
            "교통총점":"NA",
            "백화점":0,
            "아울렛몰":0,
            "대형마트":0,
            "은행":0,
            "병원":0,
            "종합병원":100,
            "공원":100,
            "혐오시설":0,
            "인프라총점":23.0,
            "초등학군":89.99,
            "중학군":52.08,
            "학군총점":59.662,
            "인구수":23.57,
            "인구증감":-12.32,
            "인구총점":12.803,
            "일자리":7.57,
            "소득수준":63.68,
            "일자리총점":24.403,
            "가치 총점":27.0905,
            "매매실거래년":20210116.0,
            "매매실거래가":22800.0,
            "전세실거래년":20210331.0,
            "전세실거래가":17000.0,
            "전세가율":74.56,
            "장기전세가율평균":71.43,
            "전세가율거품지수":-3.13,
            "검색코드":107433,
            "세대수":60,
            "준공년월":"1990-05-11",
            "준공년차":33,
            "가까운역이름":"NA",
            "가까운역거리":"NA",
            "역세권여부":"NA",
            "30분이내주요거점역":"NA",
            "30분거점역이름":"NA",
            "1시간이내주요거점역":"NA",
            "1시간거점역이름":"NA",
            "3km이내백화점수":0,
            "5km이내아울렛몰수":0,
            "1km이내대형먀트수":0,
            "500m이내은행수":1,
            "500m이내병원수":0,
            "5km이내대형병원수":4,
            "500m이내공원수":4,
            "3km이내혐오시설수":0,
            "초등학교학업성취도":89.99,
            "중학교학업성취도":85.2,
            "용적률":0,
            "건폐율":0,
            "Y":35.551251,
            "X":129.298936,
            "rank":111.0,
            "area_info":"25평(84.76)",
            "last_sales":"2021-01-16,22800.0,25평(84.76)",
            "rank_history":[
                [
                    "202203",
                    111
                ],
                [
                    "202202",
                    9999
                ]
            ],
            "rank_gap":9999
        },
        {
            "index":435,
            "아파트명":"새운",
            "투자타입":"재건축",
            "전용면적(m2)":"48.6",
            "전용면적(평)":"14평",
            "법정동주소":"울산시 중구 태화동 123-7",
            "도로명주소":"울산시 중구 신기11길 8",
            "세대수":0,
            "입주년차":"--",
            "용적률점수":0,
            "건폐율점수":0,
            "세대당주차수":"--",
            "난방방식":"--",
            "공급면적":50,
            "전용률":80,
            "욕실수":"--",
            "현관타입":"--",
            "주거총점":6.5,
            "지역구공급총점":0.0,
            "역세권":"NA",
            "30분내 이동가능 거점":"NA",
            "1시간내 이동가능 거점":"NA",
            "교통총점":"NA",
            "백화점":0,
            "아울렛몰":0,
            "대형마트":0,
            "은행":0,
            "병원":0,
            "종합병원":100,
            "공원":100,
            "혐오시설":0,
            "인프라총점":23.0,
            "초등학군":89.99,
            "중학군":54.6,
            "학군총점":61.678,
            "인구수":23.57,
            "인구증감":-12.32,
            "인구총점":12.803,
            "일자리":7.57,
            "소득수준":63.68,
            "일자리총점":24.403,
            "가치 총점":26.8945,
            "매매실거래년":20220103.0,
            "매매실거래가":15500.0,
            "전세실거래년":20210930.0,
            "전세실거래가":10000.0,
            "전세가율":64.52,
            "장기전세가율평균":71.43,
            "전세가율거품지수":6.91,
            "검색코드":6510,
            "세대수":186,
            "준공년월":"1985-12-09",
            "준공년차":38,
            "가까운역이름":"NA",
            "가까운역거리":"NA",
            "역세권여부":"NA",
            "30분이내주요거점역":"NA",
            "30분거점역이름":"NA",
            "1시간이내주요거점역":"NA",
            "1시간거점역이름":"NA",
            "3km이내백화점수":0,
            "5km이내아울렛몰수":0,
            "1km이내대형먀트수":0,
            "500m이내은행수":0,
            "500m이내병원수":0,
            "5km이내대형병원수":5,
            "500m이내공원수":4,
            "3km이내혐오시설수":0,
            "초등학교학업성취도":89.99,
            "중학교학업성취도":87.6,
            "용적률":0,
            "건폐율":0,
            "Y":35.553523,
            "X":129.301399,
            "rank":112.0,
            "area_info":"14평(48.6)",
            "last_sales":"2022-01-03,15500.0,14평(48.6)",
            "rank_history":[
                [
                    "202203",
                    112
                ],
                [
                    "202202",
                    84
                ],
                [
                    "202201",
                    80
                ]
            ],
            "rank_gap":-28
        },
        {
            "index":403,
            "아파트명":"국제강변",
            "투자타입":"재건축",
            "전용면적(m2)":"76.56",
            "전용면적(평)":"23평",
            "법정동주소":"울산시 중구 태화동 산26",
            "도로명주소":"울산시 중구 신기11길 10-10",
            "세대수":0,
            "입주년차":"--",
            "용적률점수":0,
            "건폐율점수":0,
            "세대당주차수":"--",
            "난방방식":"--",
            "공급면적":50,
            "전용률":80,
            "욕실수":"--",
            "현관타입":"--",
            "주거총점":6.5,
            "지역구공급총점":0.0,
            "역세권":"NA",
            "30분내 이동가능 거점":"NA",
            "1시간내 이동가능 거점":"NA",
            "교통총점":"NA",
            "백화점":0,
            "아울렛몰":0,
            "대형마트":0,
            "은행":0,
            "병원":0,
            "종합병원":100,
            "공원":100,
            "혐오시설":0,
            "인프라총점":23.0,
            "초등학군":89.99,
            "중학군":54.6,
            "학군총점":61.678,
            "인구수":23.57,
            "인구증감":-12.32,
            "인구총점":12.803,
            "일자리":7.57,
            "소득수준":63.68,
            "일자리총점":24.403,
            "가치 총점":26.8945,
            "매매실거래년":20201213.0,
            "매매실거래가":21900.0,
            "전세실거래년":null,
            "전세실거래가":null,
            "전세가율":null,
            "장기전세가율평균":71.43,
            "전세가율거품지수":null,
            "검색코드":6483,
            "세대수":298,
            "준공년월":"1986-10-30",
            "준공년차":37,
            "가까운역이름":"NA",
            "가까운역거리":"NA",
            "역세권여부":"NA",
            "30분이내주요거점역":"NA",
            "30분거점역이름":"NA",
            "1시간이내주요거점역":"NA",
            "1시간거점역이름":"NA",
            "3km이내백화점수":0,
            "5km이내아울렛몰수":0,
            "1km이내대형먀트수":0,
            "500m이내은행수":1,
            "500m이내병원수":0,
            "5km이내대형병원수":5,
            "500m이내공원수":4,
            "3km이내혐오시설수":0,
            "초등학교학업성취도":89.99,
            "중학교학업성취도":87.6,
            "용적률":0,
            "건폐율":0,
            "Y":35.553872,
            "X":129.299971,
            "rank":112.0,
            "area_info":"23평(76.56), 26평(87.56), 27평(90.76), 29평(97.65), 30평(99.99), 30평(100.05)",
            "last_sales":"2020-12-13,21900.0,30평(100.05)",
            "rank_history":[
                [
                    "202203",
                    112
                ],
                [
                    "202202",
                    84
                ],
                [
                    "202201",
                    78
                ]
            ],
            "rank_gap":-28
        },
        {
            "index":294,
            "아파트명":"덕우",
            "투자타입":"재건축",
            "전용면적(m2)":"52.39",
            "전용면적(평)":"15평",
            "법정동주소":"울산시 중구 우정동 394-35",
            "도로명주소":"울산시 중구 우정7길 15",
            "세대수":0,
            "입주년차":"--",
            "용적률점수":0,
            "건폐율점수":0,
            "세대당주차수":"--",
            "난방방식":"--",
            "공급면적":50,
            "전용률":80,
            "욕실수":"--",
            "현관타입":"--",
            "주거총점":6.5,
            "지역구공급총점":0.0,
            "역세권":"NA",
            "30분내 이동가능 거점":"NA",
            "1시간내 이동가능 거점":"NA",
            "교통총점":"NA",
            "백화점":0,
            "아울렛몰":0,
            "대형마트":0,
            "은행":0,
            "병원":0,
            "종합병원":100,
            "공원":100,
            "혐오시설":0,
            "인프라총점":23.0,
            "초등학군":89.99,
            "중학군":54.6,
            "학군총점":61.678,
            "인구수":23.57,
            "인구증감":-12.32,
            "인구총점":12.803,
            "일자리":7.57,
            "소득수준":63.68,
            "일자리총점":24.403,
            "가치 총점":26.8945,
            "매매실거래년":20211215.0,
            "매매실거래가":11700.0,
            "전세실거래년":20211028.0,
            "전세실거래가":10000.0,
            "전세가율":85.47,
            "장기전세가율평균":71.43,
            "전세가율거품지수":-14.04,
            "검색코드":124337,
            "세대수":60,
            "준공년월":"1982-11-01",
            "준공년차":41,
            "가까운역이름":"NA",
            "가까운역거리":"NA",
            "역세권여부":"NA",
            "30분이내주요거점역":"NA",
            "30분거점역이름":"NA",
            "1시간이내주요거점역":"NA",
            "1시간거점역이름":"NA",
            "3km이내백화점수":0,
            "5km이내아울렛몰수":0,
            "1km이내대형먀트수":0,
            "500m이내은행수":1,
            "500m이내병원수":0,
            "5km이내대형병원수":5,
            "500m이내공원수":10,
            "3km이내혐오시설수":0,
            "초등학교학업성취도":89.99,
            "중학교학업성취도":87.6,
            "용적률":0,
            "건폐율":0,
            "Y":35.559837,
            "X":129.310094,
            "rank":112.0,
            "area_info":"15평(52.39)",
            "last_sales":"2021-12-15,11700.0,15평(52.39)",
            "rank_history":[
                [
                    "202203",
                    112
                ],
                [
                    "202202",
                    9999
                ]
            ],
            "rank_gap":9999
        },
        {
            "index":318,
            "아파트명":"영지(백조)",
            "투자타입":"재건축",
            "전용면적(m2)":"56.9",
            "전용면적(평)":"17평",
            "법정동주소":"울산시 중구 우정동 472-4",
            "도로명주소":"울산시 중구 북부순환도로 460",
            "세대수":0,
            "입주년차":"--",
            "용적률점수":0,
            "건폐율점수":0,
            "세대당주차수":"--",
            "난방방식":"--",
            "공급면적":50,
            "전용률":80,
            "욕실수":"--",
            "현관타입":"--",
            "주거총점":6.5,
            "지역구공급총점":0.0,
            "역세권":"NA",
            "30분내 이동가능 거점":"NA",
            "1시간내 이동가능 거점":"NA",
            "교통총점":"NA",
            "백화점":0,
            "아울렛몰":0,
            "대형마트":0,
            "은행":0,
            "병원":0,
            "종합병원":100,
            "공원":100,
            "혐오시설":0,
            "인프라총점":23.0,
            "초등학군":89.99,
            "중학군":54.6,
            "학군총점":61.678,
            "인구수":23.57,
            "인구증감":-12.32,
            "인구총점":12.803,
            "일자리":7.57,
            "소득수준":63.68,
            "일자리총점":24.403,
            "가치 총점":26.8945,
            "매매실거래년":20210328.0,
            "매매실거래가":22000.0,
            "전세실거래년":20210206.0,
            "전세실거래가":8000.0,
            "전세가율":36.36,
            "장기전세가율평균":71.43,
            "전세가율거품지수":35.07,
            "검색코드":123196,
            "세대수":50,
            "준공년월":"1984-03-31",
            "준공년차":39,
            "가까운역이름":"NA",
            "가까운역거리":"NA",
            "역세권여부":"NA",
            "30분이내주요거점역":"NA",
            "30분거점역이름":"NA",
            "1시간이내주요거점역":"NA",
            "1시간거점역이름":"NA",
            "3km이내백화점수":0,
            "5km이내아울렛몰수":0,
            "1km이내대형먀트수":0,
            "500m이내은행수":1,
            "500m이내병원수":0,
            "5km이내대형병원수":6,
            "500m이내공원수":12,
            "3km이내혐오시설수":0,
            "초등학교학업성취도":89.99,
            "중학교학업성취도":87.6,
            "용적률":0,
            "건폐율":0,
            "Y":35.562028,
            "X":129.31155,
            "rank":112.0,
            "area_info":"17평(56.9)",
            "last_sales":"2021-03-28,22000.0,17평(56.9)",
            "rank_history":[
                [
                    "202203",
                    112
                ],
                [
                    "202202",
                    9999
                ]
            ],
            "rank_gap":9999
        },
        {
            "index":218,
            "아파트명":"신라맨션",
            "투자타입":"재건축",
            "전용면적(m2)":"90.46",
            "전용면적(평)":"27평",
            "법정동주소":"울산시 중구 서동 65-1",
            "도로명주소":"울산시 중구 병영성2길 20",
            "세대수":0,
            "입주년차":"--",
            "용적률점수":0,
            "건폐율점수":0,
            "세대당주차수":"--",
            "난방방식":"--",
            "공급면적":70,
            "전용률":80,
            "욕실수":"--",
            "현관타입":"--",
            "주거총점":7.5,
            "지역구공급총점":0.0,
            "역세권":"NA",
            "30분내 이동가능 거점":"NA",
            "1시간내 이동가능 거점":"NA",
            "교통총점":"NA",
            "백화점":0,
            "아울렛몰":0,
            "대형마트":0,
            "은행":20,
            "병원":0,
            "종합병원":100,
            "공원":100,
            "혐오시설":0,
            "인프라총점":25.0,
            "초등학군":89.94,
            "중학군":48.48,
            "학군총점":56.772,
            "인구수":23.57,
            "인구증감":-12.32,
            "인구총점":12.803,
            "일자리":7.57,
            "소득수준":63.68,
            "일자리총점":24.403,
            "가치 총점":26.818,
            "매매실거래년":20210810.0,
            "매매실거래가":13300.0,
            "전세실거래년":null,
            "전세실거래가":null,
            "전세가율":null,
            "장기전세가율평균":71.43,
            "전세가율거품지수":null,
            "검색코드":104466,
            "세대수":120,
            "준공년월":"1992-03-26",
            "준공년차":31,
            "가까운역이름":"NA",
            "가까운역거리":"NA",
            "역세권여부":"NA",
            "30분이내주요거점역":"NA",
            "30분거점역이름":"NA",
            "1시간이내주요거점역":"NA",
            "1시간거점역이름":"NA",
            "3km이내백화점수":0,
            "5km이내아울렛몰수":0,
            "1km이내대형먀트수":0,
            "500m이내은행수":2,
            "500m이내병원수":0,
            "5km이내대형병원수":4,
            "500m이내공원수":10,
            "3km이내혐오시설수":0,
            "초등학교학업성취도":89.94,
            "중학교학업성취도":80.2,
            "용적률":0,
            "건폐율":0,
            "Y":35.578233,
            "X":129.343634,
            "rank":113.0,
            "area_info":"27평(90.46), 28평(94.54), 31평(105.13), 33평(109.38)",
            "last_sales":"2021-08-10,13300.0,33평(109.38)",
            "rank_history":[
                [
                    "202203",
                    113
                ],
                [
                    "202202",
                    83
                ],
                [
                    "202201",
                    90
                ]
            ],
            "rank_gap":-30
        },
        {
            "index":300,
            "아파트명":"범태",
            "투자타입":"재건축",
            "전용면적(m2)":"34.11",
            "전용면적(평)":"10평",
            "법정동주소":"울산시 중구 우정동 465-9",
            "도로명주소":"울산시 중구 우정10길 24",
            "세대수":0,
            "입주년차":"--",
            "용적률점수":0,
            "건폐율점수":0,
            "세대당주차수":"--",
            "난방방식":"--",
            "공급면적":50,
            "전용률":80,
            "욕실수":"--",
            "현관타입":"--",
            "주거총점":6.5,
            "지역구공급총점":0.0,
            "역세권":"NA",
            "30분내 이동가능 거점":"NA",
            "1시간내 이동가능 거점":"NA",
            "교통총점":"NA",
            "백화점":0,
            "아울렛몰":0,
            "대형마트":0,
            "은행":0,
            "병원":0,
            "종합병원":100,
            "공원":100,
            "혐오시설":0,
            "인프라총점":23.0,
            "초등학군":89.99,
            "중학군":54.06,
            "학군총점":61.246,
            "인구수":23.57,
            "인구증감":-12.32,
            "인구총점":12.803,
            "일자리":7.57,
            "소득수준":63.68,
            "일자리총점":24.403,
            "가치 총점":26.7865,
            "매매실거래년":20210814.0,
            "매매실거래가":25000.0,
            "전세실거래년":20210705.0,
            "전세실거래가":5500.0,
            "전세가율":45.08,
            "장기전세가율평균":71.43,
            "전세가율거품지수":26.35,
            "검색코드":114780,
            "세대수":72,
            "준공년월":"1987-10-14",
            "준공년차":36,
            "가까운역이름":"NA",
            "가까운역거리":"NA",
            "역세권여부":"NA",
            "30분이내주요거점역":"NA",
            "30분거점역이름":"NA",
            "1시간이내주요거점역":"NA",
            "1시간거점역이름":"NA",
            "3km이내백화점수":0,
            "5km이내아울렛몰수":0,
            "1km이내대형먀트수":0,
            "500m이내은행수":0,
            "500m이내병원수":0,
            "5km이내대형병원수":6,
            "500m이내공원수":16,
            "3km이내혐오시설수":0,
            "초등학교학업성취도":89.99,
            "중학교학업성취도":90.1,
            "용적률":0,
            "건폐율":0,
            "Y":35.561195,
            "X":129.312947,
            "rank":114.0,
            "area_info":"10평(34.11), 11평(36.63), 11평(39.06), 12평(40.32), 12평(40.86), 13평(44.01)",
            "last_sales":"2021-08-14,25000.0,13평(44.01)",
            "rank_history":[
                [
                    "202203",
                    114
                ],
                [
                    "202202",
                    9999
                ]
            ],
            "rank_gap":9999
        },
        {
            "index":224,
            "아파트명":"한라강변맨션",
            "투자타입":"일반",
            "전용면적(m2)":"74.66",
            "전용면적(평)":"22평",
            "법정동주소":"울산시 중구 서동 36",
            "도로명주소":"울산시 중구 동천4길 61",
            "세대수":0,
            "입주년차":0,
            "용적률점수":"--",
            "건폐율점수":"--",
            "세대당주차수":0,
            "난방방식":30,
            "공급면적":"--",
            "전용률":"--",
            "욕실수":50,
            "현관타입":10,
            "주거총점":9.0,
            "지역구공급총점":0.0,
            "역세권":"NA",
            "30분내 이동가능 거점":"NA",
            "1시간내 이동가능 거점":"NA",
            "교통총점":"NA",
            "백화점":0,
            "아울렛몰":0,
            "대형마트":0,
            "은행":0,
            "병원":0,
            "종합병원":100,
            "공원":100,
            "혐오시설":0,
            "인프라총점":23.0,
            "초등학군":90.01,
            "중학군":48.48,
            "학군총점":56.786,
            "인구수":23.57,
            "인구증감":-12.32,
            "인구총점":12.803,
            "일자리":7.57,
            "소득수준":63.68,
            "일자리총점":24.403,
            "가치 총점":26.5465,
            "매매실거래년":20210715.0,
            "매매실거래가":16700.0,
            "전세실거래년":20191001.0,
            "전세실거래가":8000.0,
            "전세가율":57.14,
            "장기전세가율평균":71.43,
            "전세가율거품지수":14.29,
            "검색코드":14743,
            "세대수":126,
            "준공년월":"1993-01-14",
            "준공년차":30,
            "가까운역이름":"NA",
            "가까운역거리":"NA",
            "역세권여부":"NA",
            "30분이내주요거점역":"NA",
            "30분거점역이름":"NA",
            "1시간이내주요거점역":"NA",
            "1시간거점역이름":"NA",
            "3km이내백화점수":0,
            "5km이내아울렛몰수":0,
            "1km이내대형먀트수":0,
            "500m이내은행수":0,
            "500m이내병원수":0,
            "5km이내대형병원수":3,
            "500m이내공원수":5,
            "3km이내혐오시설수":0,
            "초등학교학업성취도":90.01,
            "중학교학업성취도":80.2,
            "용적률":300,
            "건폐율":33,
            "Y":35.582496,
            "X":129.346883,
            "rank":115.0,
            "area_info":"22평(74.66), 25평(84.07)",
            "last_sales":"2021-07-15,16700.0,25평(84.07)",
            "rank_history":[
                [
                    "202203",
                    115
                ],
                [
                    "202202",
                    85
                ],
                [
                    "202201",
                    88
                ]
            ],
            "rank_gap":-30
        },
        {
            "index":468,
            "아파트명":"희마VIP맨션",
            "투자타입":"재건축",
            "전용면적(m2)":"63.59",
            "전용면적(평)":"19평",
            "법정동주소":"울산시 중구 태화동 460-3",
            "도로명주소":"울산시 중구 신기12길 70",
            "세대수":0,
            "입주년차":"--",
            "용적률점수":0,
            "건폐율점수":0,
            "세대당주차수":"--",
            "난방방식":"--",
            "공급면적":50,
            "전용률":80,
            "욕실수":"--",
            "현관타입":"--",
            "주거총점":6.5,
            "지역구공급총점":0.0,
            "역세권":"NA",
            "30분내 이동가능 거점":"NA",
            "1시간내 이동가능 거점":"NA",
            "교통총점":"NA",
            "백화점":0,
            "아울렛몰":0,
            "대형마트":0,
            "은행":0,
            "병원":0,
            "종합병원":100,
            "공원":100,
            "혐오시설":0,
            "인프라총점":23.0,
            "초등학군":89.99,
            "중학군":52.08,
            "학군총점":59.662,
            "인구수":23.57,
            "인구증감":-12.32,
            "인구총점":12.803,
            "일자리":7.57,
            "소득수준":63.68,
            "일자리총점":24.403,
            "가치 총점":26.3905,
            "매매실거래년":20220203.0,
            "매매실거래가":18230.0,
            "전세실거래년":20200204.0,
            "전세실거래가":8500.0,
            "전세가율":70.83,
            "장기전세가율평균":71.43,
            "전세가율거품지수":0.6,
            "검색코드":6534,
            "세대수":270,
            "준공년월":"1990-12-27",
            "준공년차":33,
            "가까운역이름":"NA",
            "가까운역거리":"NA",
            "역세권여부":"NA",
            "30분이내주요거점역":"NA",
            "30분거점역이름":"NA",
            "1시간이내주요거점역":"NA",
            "1시간거점역이름":"NA",
            "3km이내백화점수":0,
            "5km이내아울렛몰수":0,
            "1km이내대형먀트수":0,
            "500m이내은행수":1,
            "500m이내병원수":0,
            "5km이내대형병원수":4,
            "500m이내공원수":8,
            "3km이내혐오시설수":0,
            "초등학교학업성취도":89.99,
            "중학교학업성취도":85.2,
            "용적률":0,
            "건폐율":0,
            "Y":35.554737,
            "X":129.294922,
            "rank":116.0,
            "area_info":"19평(63.59), 23평(78.04), 29평(98.6), 29평(98.59)",
            "last_sales":"2022-02-03,18230.0,29평(98.6)",
            "rank_history":[
                [
                    "202203",
                    116
                ],
                [
                    "202202",
                    86
                ],
                [
                    "202201",
                    76
                ]
            ],
            "rank_gap":-30
        },
        {
            "index":228,
            "아파트명":"현대강변맨션",
            "투자타입":"재건축",
            "전용면적(m2)":"78.31",
            "전용면적(평)":"23평",
            "법정동주소":"울산시 중구 서동 37",
            "도로명주소":"울산시 중구 동천4길 71",
            "세대수":0,
            "입주년차":"--",
            "용적률점수":0,
            "건폐율점수":0,
            "세대당주차수":"--",
            "난방방식":"--",
            "공급면적":50,
            "전용률":80,
            "욕실수":"--",
            "현관타입":"--",
            "주거총점":6.5,
            "지역구공급총점":0.0,
            "역세권":"NA",
            "30분내 이동가능 거점":"NA",
            "1시간내 이동가능 거점":"NA",
            "교통총점":"NA",
            "백화점":0,
            "아울렛몰":0,
            "대형마트":0,
            "은행":0,
            "병원":0,
            "종합병원":100,
            "공원":100,
            "혐오시설":0,
            "인프라총점":23.0,
            "초등학군":90.01,
            "중학군":48.48,
            "학군총점":56.786,
            "인구수":23.57,
            "인구증감":-12.32,
            "인구총점":12.803,
            "일자리":7.57,
            "소득수준":63.68,
            "일자리총점":24.403,
            "가치 총점":25.6715,
            "매매실거래년":20210420.0,
            "매매실거래가":17250.0,
            "전세실거래년":20190728.0,
            "전세실거래가":9000.0,
            "전세가율":100.0,
            "장기전세가율평균":71.43,
            "전세가율거품지수":-28.57,
            "검색코드":114181,
            "세대수":125,
            "준공년월":"1991-01-16",
            "준공년차":32,
            "가까운역이름":"NA",
            "가까운역거리":"NA",
            "역세권여부":"NA",
            "30분이내주요거점역":"NA",
            "30분거점역이름":"NA",
            "1시간이내주요거점역":"NA",
            "1시간거점역이름":"NA",
            "3km이내백화점수":0,
            "5km이내아울렛몰수":0,
            "1km이내대형먀트수":0,
            "500m이내은행수":0,
            "500m이내병원수":0,
            "5km이내대형병원수":3,
            "500m이내공원수":4,
            "3km이내혐오시설수":0,
            "초등학교학업성취도":90.01,
            "중학교학업성취도":80.2,
            "용적률":0,
            "건폐율":0,
            "Y":35.581715,
            "X":129.347333,
            "rank":117.0,
            "area_info":"23평(78.31), 24평(81.5), 26평(87.16), 27평(90.91)",
            "last_sales":"2021-04-20,17250.0,27평(90.91)",
            "rank_history":[
                [
                    "202203",
                    117
                ],
                [
                    "202202",
                    87
                ],
                [
                    "202201",
                    91
                ]
            ],
            "rank_gap":-30
        },
        {
            "index":203,
            "아파트명":"광명파크맨션",
            "투자타입":"재건축",
            "전용면적(m2)":"80.73",
            "전용면적(평)":"24평",
            "법정동주소":"울산시 중구 서동 41-3",
            "도로명주소":"울산시 중구 동천5길 40",
            "세대수":0,
            "입주년차":"--",
            "용적률점수":0,
            "건폐율점수":0,
            "세대당주차수":"--",
            "난방방식":"--",
            "공급면적":50,
            "전용률":60,
            "욕실수":"--",
            "현관타입":"--",
            "주거총점":5.5,
            "지역구공급총점":0.0,
            "역세권":"NA",
            "30분내 이동가능 거점":"NA",
            "1시간내 이동가능 거점":"NA",
            "교통총점":"NA",
            "백화점":0,
            "아울렛몰":0,
            "대형마트":0,
            "은행":0,
            "병원":0,
            "종합병원":100,
            "공원":100,
            "혐오시설":0,
            "인프라총점":23.0,
            "초등학군":90.01,
            "중학군":48.48,
            "학군총점":56.786,
            "인구수":23.57,
            "인구증감":-12.32,
            "인구총점":12.803,
            "일자리":7.57,
            "소득수준":63.68,
            "일자리총점":24.403,
            "가치 총점":25.3215,
            "매매실거래년":20210903.0,
            "매매실거래가":14500.0,
            "전세실거래년":20210111.0,
            "전세실거래가":8500.0,
            "전세가율":85.0,
            "장기전세가율평균":71.43,
            "전세가율거품지수":-13.57,
            "검색코드":127057,
            "세대수":50,
            "준공년월":"1992-02-12",
            "준공년차":31,
            "가까운역이름":"NA",
            "가까운역거리":"NA",
            "역세권여부":"NA",
            "30분이내주요거점역":"NA",
            "30분거점역이름":"NA",
            "1시간이내주요거점역":"NA",
            "1시간거점역이름":"NA",
            "3km이내백화점수":0,
            "5km이내아울렛몰수":0,
            "1km이내대형먀트수":0,
            "500m이내은행수":0,
            "500m이내병원수":0,
            "5km이내대형병원수":4,
            "500m이내공원수":6,
            "3km이내혐오시설수":0,
            "초등학교학업성취도":90.01,
            "중학교학업성취도":80.2,
            "용적률":0,
            "건폐율":0,
            "Y":35.581372,
            "X":129.344712,
            "rank":118.0,
            "area_info":"24평(80.73), 28평(93.06), 28평(95.36), 29평(96.36), 29평(97.91), 30평(99.53), 33평(109.99), 34평(113.23)",
            "last_sales":"2021-09-03,14500.0,30평(99.53)",
            "rank_history":[
                [
                    "202203",
                    118
                ],
                [
                    "202202",
                    9999
                ]
            ],
            "rank_gap":9999
        }
    ]
}