{
    "schema":{
        "fields":[
            {
                "name":"index",
                "type":"integer"
            },
            {
                "name":"아파트명",
                "type":"string"
            },
            {
                "name":"투자타입",
                "type":"string"
            },
            {
                "name":"전용면적(m2)",
                "type":"string"
            },
            {
                "name":"전용면적(평)",
                "type":"string"
            },
            {
                "name":"법정동주소",
                "type":"string"
            },
            {
                "name":"도로명주소",
                "type":"string"
            },
            {
                "name":"세대수",
                "type":"integer"
            },
            {
                "name":"입주년차",
                "type":"string"
            },
            {
                "name":"용적률점수",
                "type":"string"
            },
            {
                "name":"건폐율점수",
                "type":"string"
            },
            {
                "name":"세대당주차수",
                "type":"string"
            },
            {
                "name":"난방방식",
                "type":"string"
            },
            {
                "name":"공급면적",
                "type":"string"
            },
            {
                "name":"전용률",
                "type":"string"
            },
            {
                "name":"욕실수",
                "type":"string"
            },
            {
                "name":"현관타입",
                "type":"string"
            },
            {
                "name":"주거총점",
                "type":"number"
            },
            {
                "name":"지역구공급총점",
                "type":"number"
            },
            {
                "name":"역세권",
                "type":"string"
            },
            {
                "name":"30분내 이동가능 거점",
                "type":"string"
            },
            {
                "name":"1시간내 이동가능 거점",
                "type":"string"
            },
            {
                "name":"교통총점",
                "type":"string"
            },
            {
                "name":"백화점",
                "type":"integer"
            },
            {
                "name":"아울렛몰",
                "type":"integer"
            },
            {
                "name":"대형마트",
                "type":"integer"
            },
            {
                "name":"은행",
                "type":"integer"
            },
            {
                "name":"병원",
                "type":"integer"
            },
            {
                "name":"종합병원",
                "type":"integer"
            },
            {
                "name":"공원",
                "type":"integer"
            },
            {
                "name":"혐오시설",
                "type":"integer"
            },
            {
                "name":"인프라총점",
                "type":"number"
            },
            {
                "name":"초등학군",
                "type":"number"
            },
            {
                "name":"중학군",
                "type":"number"
            },
            {
                "name":"학군총점",
                "type":"number"
            },
            {
                "name":"인구수",
                "type":"number"
            },
            {
                "name":"인구증감",
                "type":"number"
            },
            {
                "name":"인구총점",
                "type":"number"
            },
            {
                "name":"일자리",
                "type":"number"
            },
            {
                "name":"소득수준",
                "type":"number"
            },
            {
                "name":"일자리총점",
                "type":"number"
            },
            {
                "name":"가치 총점",
                "type":"number"
            },
            {
                "name":"매매실거래년",
                "type":"string"
            },
            {
                "name":"매매실거래가",
                "type":"number"
            },
            {
                "name":"전세실거래년",
                "type":"number"
            },
            {
                "name":"전세실거래가",
                "type":"number"
            },
            {
                "name":"전세가율",
                "type":"number"
            },
            {
                "name":"장기전세가율평균",
                "type":"number"
            },
            {
                "name":"전세가율거품지수",
                "type":"number"
            },
            {
                "name":"검색코드",
                "type":"integer"
            },
            {
                "name":"세대수",
                "type":"number"
            },
            {
                "name":"준공년월",
                "type":"string"
            },
            {
                "name":"준공년차",
                "type":"number"
            },
            {
                "name":"가까운역이름",
                "type":"string"
            },
            {
                "name":"가까운역거리",
                "type":"string"
            },
            {
                "name":"역세권여부",
                "type":"string"
            },
            {
                "name":"30분이내주요거점역",
                "type":"string"
            },
            {
                "name":"30분거점역이름",
                "type":"string"
            },
            {
                "name":"1시간이내주요거점역",
                "type":"string"
            },
            {
                "name":"1시간거점역이름",
                "type":"string"
            },
            {
                "name":"3km이내백화점수",
                "type":"integer"
            },
            {
                "name":"5km이내아울렛몰수",
                "type":"integer"
            },
            {
                "name":"1km이내대형먀트수",
                "type":"integer"
            },
            {
                "name":"500m이내은행수",
                "type":"integer"
            },
            {
                "name":"500m이내병원수",
                "type":"integer"
            },
            {
                "name":"5km이내대형병원수",
                "type":"integer"
            },
            {
                "name":"500m이내공원수",
                "type":"integer"
            },
            {
                "name":"3km이내혐오시설수",
                "type":"integer"
            },
            {
                "name":"초등학교학업성취도",
                "type":"number"
            },
            {
                "name":"중학교학업성취도",
                "type":"number"
            },
            {
                "name":"용적률",
                "type":"integer"
            },
            {
                "name":"건폐율",
                "type":"integer"
            },
            {
                "name":"Y",
                "type":"number"
            },
            {
                "name":"X",
                "type":"number"
            },
            {
                "name":"rank",
                "type":"number"
            },
            {
                "name":"area_info",
                "type":"string"
            },
            {
                "name":"last_sales",
                "type":"string"
            },
            {
                "name":"rank_history",
                "type":"string"
            },
            {
                "name":"rank_gap",
                "type":"integer"
            }
        ],
        "primaryKey":[
            "index"
        ],
        "pandas_version":"1.4.0"
    },
    "data":[
        {
            "index":101,
            "아파트명":"평창리비에르3차",
            "투자타입":"일반",
            "전용면적(m2)":"92.61",
            "전용면적(평)":"28평",
            "법정동주소":"울산시 북구 명촌동 115블럭1-1롯트",
            "도로명주소":"울산시 북구 명촌15길 10",
            "세대수":80,
            "입주년차":20,
            "용적률점수":"--",
            "건폐율점수":"--",
            "세대당주차수":30,
            "난방방식":30,
            "공급면적":"--",
            "전용률":"--",
            "욕실수":100,
            "현관타입":100,
            "주거총점":59.5,
            "지역구공급총점":0.0,
            "역세권":"NA",
            "30분내 이동가능 거점":"NA",
            "1시간내 이동가능 거점":"NA",
            "교통총점":"NA",
            "백화점":100,
            "아울렛몰":0,
            "대형마트":80,
            "은행":0,
            "병원":0,
            "종합병원":100,
            "공원":0,
            "혐오시설":0,
            "인프라총점":62.0,
            "초등학군":89.98,
            "중학군":55.68,
            "학군총점":62.54,
            "인구수":24.72,
            "인구증감":-3.15,
            "인구총점":16.359,
            "일자리":15.0,
            "소득수준":93.27,
            "일자리총점":38.481,
            "가치 총점":61.26,
            "매매실거래년":20220128.0,
            "매매실거래가":28800.0,
            "전세실거래년":20200530.0,
            "전세실거래가":16000.0,
            "전세가율":72.73,
            "장기전세가율평균":70.07,
            "전세가율거품지수":-2.66,
            "검색코드":105362,
            "세대수":827.0,
            "준공년월":"2003-11-01",
            "준공년차":20.0,
            "가까운역이름":"NA",
            "가까운역거리":"NA",
            "역세권여부":"NA",
            "30분이내주요거점역":"NA",
            "30분거점역이름":"NA",
            "1시간이내주요거점역":"NA",
            "1시간거점역이름":"NA",
            "3km이내백화점수":2,
            "5km이내아울렛몰수":0,
            "1km이내대형먀트수":1,
            "500m이내은행수":1,
            "500m이내병원수":0,
            "5km이내대형병원수":4,
            "500m이내공원수":0,
            "3km이내혐오시설수":0,
            "초등학교학업성취도":89.98,
            "중학교학업성취도":90.6,
            "용적률":0,
            "건폐율":0,
            "Y":35.553768,
            "X":129.353615,
            "rank":1.0,
            "area_info":"28평(92.61), 32평(106.63)",
            "last_sales":"2022-01-28,28800.0,32평(106.63)",
            "rank_history":[
                [
                    "202203",
                    1
                ],
                [
                    "202202",
                    1
                ],
                [
                    "202201",
                    1
                ]
            ],
            "rank_gap":0
        },
        {
            "index":99,
            "아파트명":"평창리비에르2차",
            "투자타입":"일반",
            "전용면적(m2)":"92.55",
            "전용면적(평)":"27평",
            "법정동주소":"울산시 북구 명촌동 790-1",
            "도로명주소":"울산시 북구 명촌로 91",
            "세대수":100,
            "입주년차":20,
            "용적률점수":"--",
            "건폐율점수":"--",
            "세대당주차수":30,
            "난방방식":30,
            "공급면적":"--",
            "전용률":"--",
            "욕실수":100,
            "현관타입":100,
            "주거총점":66.5,
            "지역구공급총점":0.0,
            "역세권":"NA",
            "30분내 이동가능 거점":"NA",
            "1시간내 이동가능 거점":"NA",
            "교통총점":"NA",
            "백화점":100,
            "아울렛몰":0,
            "대형마트":0,
            "은행":0,
            "병원":0,
            "종합병원":100,
            "공원":0,
            "혐오시설":0,
            "인프라총점":50.0,
            "초등학군":89.98,
            "중학군":55.06,
            "학군총점":62.044,
            "인구수":24.72,
            "인구증감":-3.15,
            "인구총점":16.359,
            "일자리":15.0,
            "소득수준":93.27,
            "일자리총점":38.481,
            "가치 총점":58.786,
            "매매실거래년":20220224.0,
            "매매실거래가":26800.0,
            "전세실거래년":20220206.0,
            "전세실거래가":24000.0,
            "전세가율":89.55,
            "장기전세가율평균":70.07,
            "전세가율거품지수":-19.48,
            "검색코드":16248,
            "세대수":1579.0,
            "준공년월":"2003-05-28",
            "준공년차":20.0,
            "가까운역이름":"NA",
            "가까운역거리":"NA",
            "역세권여부":"NA",
            "30분이내주요거점역":"NA",
            "30분거점역이름":"NA",
            "1시간이내주요거점역":"NA",
            "1시간거점역이름":"NA",
            "3km이내백화점수":2,
            "5km이내아울렛몰수":0,
            "1km이내대형먀트수":0,
            "500m이내은행수":0,
            "500m이내병원수":0,
            "5km이내대형병원수":5,
            "500m이내공원수":0,
            "3km이내혐오시설수":0,
            "초등학교학업성취도":89.98,
            "중학교학업성취도":89.9,
            "용적률":242,
            "건폐율":17,
            "Y":35.551431,
            "X":129.353829,
            "rank":2.0,
            "area_info":"27평(92.55), 32평(106.45)",
            "last_sales":"2022-02-24,26800.0,27평(92.55)",
            "rank_history":[
                [
                    "202203",
                    2
                ],
                [
                    "202202",
                    2
                ],
                [
                    "202201",
                    2
                ]
            ],
            "rank_gap":0
        },
        {
            "index":97,
            "아파트명":"평창리비에르1차",
            "투자타입":"일반",
            "전용면적(m2)":"94.45",
            "전용면적(평)":"28평",
            "법정동주소":"울산시 북구 명촌동 진장명촌토지구획정리사업지구내 126블럭1롯트",
            "도로명주소":"울산시 북구 명촌10길 22",
            "세대수":80,
            "입주년차":20,
            "용적률점수":"--",
            "건폐율점수":"--",
            "세대당주차수":30,
            "난방방식":30,
            "공급면적":"--",
            "전용률":"--",
            "욕실수":100,
            "현관타입":100,
            "주거총점":59.5,
            "지역구공급총점":0.0,
            "역세권":"NA",
            "30분내 이동가능 거점":"NA",
            "1시간내 이동가능 거점":"NA",
            "교통총점":"NA",
            "백화점":100,
            "아울렛몰":0,
            "대형마트":0,
            "은행":0,
            "병원":0,
            "종합병원":100,
            "공원":0,
            "혐오시설":0,
            "인프라총점":50.0,
            "초등학군":89.98,
            "중학군":55.68,
            "학군총점":62.54,
            "인구수":24.72,
            "인구증감":-3.15,
            "인구총점":16.359,
            "일자리":15.0,
            "소득수준":93.27,
            "일자리총점":38.481,
            "가치 총점":56.46,
            "매매실거래년":20220212.0,
            "매매실거래가":27000.0,
            "전세실거래년":20220212.0,
            "전세실거래가":25500.0,
            "전세가율":94.44,
            "장기전세가율평균":70.07,
            "전세가율거품지수":-24.37,
            "검색코드":105365,
            "세대수":746.0,
            "준공년월":"2002-03-27",
            "준공년차":21.0,
            "가까운역이름":"NA",
            "가까운역거리":"NA",
            "역세권여부":"NA",
            "30분이내주요거점역":"NA",
            "30분거점역이름":"NA",
            "1시간이내주요거점역":"NA",
            "1시간거점역이름":"NA",
            "3km이내백화점수":2,
            "5km이내아울렛몰수":0,
            "1km이내대형먀트수":0,
            "500m이내은행수":1,
            "500m이내병원수":0,
            "5km이내대형병원수":4,
            "500m이내공원수":0,
            "3km이내혐오시설수":0,
            "초등학교학업성취도":89.98,
            "중학교학업성취도":90.6,
            "용적률":0,
            "건폐율":0,
            "Y":35.551963,
            "X":129.356265,
            "rank":3.0,
            "area_info":"28평(94.45), 32평(107.68)",
            "last_sales":"2022-02-12,27000.0,28평(94.45)",
            "rank_history":[
                [
                    "202203",
                    3
                ],
                [
                    "202202",
                    3
                ],
                [
                    "202201",
                    3
                ]
            ],
            "rank_gap":0
        },
        {
            "index":88,
            "아파트명":"울산강변효성해링턴플레이스(82블럭)",
            "투자타입":"일반",
            "전용면적(m2)":"110.41",
            "전용면적(평)":"33평",
            "법정동주소":"울산시 북구 명촌동 진장명촌지구82블록",
            "도로명주소":"울산시 북구 명촌17길 22",
            "세대수":0,
            "입주년차":80,
            "용적률점수":"--",
            "건폐율점수":"--",
            "세대당주차수":30,
            "난방방식":30,
            "공급면적":"--",
            "전용률":"--",
            "욕실수":100,
            "현관타입":100,
            "주거총점":43.5,
            "지역구공급총점":0.0,
            "역세권":"NA",
            "30분내 이동가능 거점":"NA",
            "1시간내 이동가능 거점":"NA",
            "교통총점":"NA",
            "백화점":100,
            "아울렛몰":0,
            "대형마트":80,
            "은행":0,
            "병원":0,
            "종합병원":100,
            "공원":0,
            "혐오시설":0,
            "인프라총점":62.0,
            "초등학군":89.98,
            "중학군":55.68,
            "학군총점":62.54,
            "인구수":24.72,
            "인구증감":-3.15,
            "인구총점":16.359,
            "일자리":15.0,
            "소득수준":93.27,
            "일자리총점":38.481,
            "가치 총점":55.66,
            "매매실거래년":20210717.0,
            "매매실거래가":51000.0,
            "전세실거래년":20210530.0,
            "전세실거래가":23100.0,
            "전세가율":45.29,
            "장기전세가율평균":70.07,
            "전세가율거품지수":24.78,
            "검색코드":111171,
            "세대수":141.0,
            "준공년월":"2018-01-30",
            "준공년차":5.0,
            "가까운역이름":"NA",
            "가까운역거리":"NA",
            "역세권여부":"NA",
            "30분이내주요거점역":"NA",
            "30분거점역이름":"NA",
            "1시간이내주요거점역":"NA",
            "1시간거점역이름":"NA",
            "3km이내백화점수":2,
            "5km이내아울렛몰수":0,
            "1km이내대형먀트수":1,
            "500m이내은행수":1,
            "500m이내병원수":0,
            "5km이내대형병원수":4,
            "500m이내공원수":0,
            "3km이내혐오시설수":0,
            "초등학교학업성취도":89.98,
            "중학교학업성취도":90.6,
            "용적률":237,
            "건폐율":21,
            "Y":35.559114,
            "X":129.353539,
            "rank":4.0,
            "area_info":"33평(110.41), 33평(111.51), 33평(111.45)",
            "last_sales":"2021-07-17,51000.0,33평(110.41)",
            "rank_history":[
                [
                    "202203",
                    4
                ],
                [
                    "202202",
                    4
                ],
                [
                    "202201",
                    5
                ]
            ],
            "rank_gap":0
        },
        {
            "index":91,
            "아파트명":"울산강변효성해링턴플레이스(83블럭)",
            "투자타입":"일반",
            "전용면적(m2)":"110.1",
            "전용면적(평)":"33평",
            "법정동주소":"울산시 북구 명촌동 진장명촌지구83블록",
            "도로명주소":"울산시 북구 명촌17길 22",
            "세대수":0,
            "입주년차":80,
            "용적률점수":"--",
            "건폐율점수":"--",
            "세대당주차수":30,
            "난방방식":30,
            "공급면적":"--",
            "전용률":"--",
            "욕실수":100,
            "현관타입":100,
            "주거총점":43.5,
            "지역구공급총점":0.0,
            "역세권":"NA",
            "30분내 이동가능 거점":"NA",
            "1시간내 이동가능 거점":"NA",
            "교통총점":"NA",
            "백화점":100,
            "아울렛몰":0,
            "대형마트":80,
            "은행":0,
            "병원":0,
            "종합병원":100,
            "공원":0,
            "혐오시설":0,
            "인프라총점":62.0,
            "초등학군":89.98,
            "중학군":55.68,
            "학군총점":62.54,
            "인구수":24.72,
            "인구증감":-3.15,
            "인구총점":16.359,
            "일자리":15.0,
            "소득수준":93.27,
            "일자리총점":38.481,
            "가치 총점":55.66,
            "매매실거래년":20211018.0,
            "매매실거래가":54000.0,
            "전세실거래년":20220205.0,
            "전세실거래가":30000.0,
            "전세가율":55.56,
            "장기전세가율평균":70.07,
            "전세가율거품지수":14.51,
            "검색코드":111172,
            "세대수":203.0,
            "준공년월":"2018-01-30",
            "준공년차":5.0,
            "가까운역이름":"NA",
            "가까운역거리":"NA",
            "역세권여부":"NA",
            "30분이내주요거점역":"NA",
            "30분거점역이름":"NA",
            "1시간이내주요거점역":"NA",
            "1시간거점역이름":"NA",
            "3km이내백화점수":2,
            "5km이내아울렛몰수":0,
            "1km이내대형먀트수":1,
            "500m이내은행수":1,
            "500m이내병원수":0,
            "5km이내대형병원수":4,
            "500m이내공원수":0,
            "3km이내혐오시설수":0,
            "초등학교학업성취도":89.98,
            "중학교학업성취도":90.6,
            "용적률":244,
            "건폐율":23,
            "Y":35.558011,
            "X":129.352175,
            "rank":4.0,
            "area_info":"33평(110.1), 33평(111.15)",
            "last_sales":"2021-10-18,54000.0,33평(110.1)",
            "rank_history":[
                [
                    "202203",
                    4
                ],
                [
                    "202202",
                    4
                ],
                [
                    "202201",
                    5
                ]
            ],
            "rank_gap":0
        },
        {
            "index":93,
            "아파트명":"울산강변효성해링턴플레이스(84블럭)",
            "투자타입":"일반",
            "전용면적(m2)":"111.11",
            "전용면적(평)":"33평",
            "법정동주소":"울산시 북구 명촌동 진장명촌지구84블록",
            "도로명주소":"울산시 북구 명촌20길 33",
            "세대수":0,
            "입주년차":80,
            "용적률점수":"--",
            "건폐율점수":"--",
            "세대당주차수":30,
            "난방방식":30,
            "공급면적":"--",
            "전용률":"--",
            "욕실수":100,
            "현관타입":100,
            "주거총점":43.5,
            "지역구공급총점":0.0,
            "역세권":"NA",
            "30분내 이동가능 거점":"NA",
            "1시간내 이동가능 거점":"NA",
            "교통총점":"NA",
            "백화점":100,
            "아울렛몰":0,
            "대형마트":80,
            "은행":0,
            "병원":0,
            "종합병원":100,
            "공원":0,
            "혐오시설":0,
            "인프라총점":62.0,
            "초등학군":89.98,
            "중학군":55.68,
            "학군총점":62.54,
            "인구수":24.72,
            "인구증감":-3.15,
            "인구총점":16.359,
            "일자리":15.0,
            "소득수준":93.27,
            "일자리총점":38.481,
            "가치 총점":55.66,
            "매매실거래년":20200805.0,
            "매매실거래가":42000.0,
            "전세실거래년":null,
            "전세실거래가":null,
            "전세가율":null,
            "장기전세가율평균":70.07,
            "전세가율거품지수":null,
            "검색코드":111174,
            "세대수":69.0,
            "준공년월":"2018-01-01",
            "준공년차":5.0,
            "가까운역이름":"NA",
            "가까운역거리":"NA",
            "역세권여부":"NA",
            "30분이내주요거점역":"NA",
            "30분거점역이름":"NA",
            "1시간이내주요거점역":"NA",
            "1시간거점역이름":"NA",
            "3km이내백화점수":2,
            "5km이내아울렛몰수":0,
            "1km이내대형먀트수":1,
            "500m이내은행수":1,
            "500m이내병원수":0,
            "5km이내대형병원수":4,
            "500m이내공원수":0,
            "3km이내혐오시설수":0,
            "초등학교학업성취도":89.98,
            "중학교학업성취도":90.6,
            "용적률":184,
            "건폐율":29,
            "Y":35.558296,
            "X":129.354121,
            "rank":4.0,
            "area_info":"33평(111.11), 33평(112.21)",
            "last_sales":"2020-08-05,42000.0,33평(112.21)",
            "rank_history":[
                [
                    "202203",
                    4
                ],
                [
                    "202202",
                    9999
                ]
            ],
            "rank_gap":9999
        },
        {
            "index":95,
            "아파트명":"울산강변효성해링턴플레이스(85블럭)",
            "투자타입":"일반",
            "전용면적(m2)":"111.31",
            "전용면적(평)":"33평",
            "법정동주소":"울산시 북구 명촌동 진장명촌지구85블록",
            "도로명주소":"울산시 북구 명촌18길 5",
            "세대수":0,
            "입주년차":80,
            "용적률점수":"--",
            "건폐율점수":"--",
            "세대당주차수":30,
            "난방방식":30,
            "공급면적":"--",
            "전용률":"--",
            "욕실수":100,
            "현관타입":100,
            "주거총점":43.5,
            "지역구공급총점":0.0,
            "역세권":"NA",
            "30분내 이동가능 거점":"NA",
            "1시간내 이동가능 거점":"NA",
            "교통총점":"NA",
            "백화점":100,
            "아울렛몰":0,
            "대형마트":80,
            "은행":0,
            "병원":0,
            "종합병원":100,
            "공원":0,
            "혐오시설":0,
            "인프라총점":62.0,
            "초등학군":89.98,
            "중학군":55.68,
            "학군총점":62.54,
            "인구수":24.72,
            "인구증감":-3.15,
            "인구총점":16.359,
            "일자리":15.0,
            "소득수준":93.27,
            "일자리총점":38.481,
            "가치 총점":55.66,
            "매매실거래년":20220121.0,
            "매매실거래가":58500.0,
            "전세실거래년":20220212.0,
            "전세실거래가":24150.0,
            "전세가율":41.28,
            "장기전세가율평균":70.07,
            "전세가율거품지수":28.79,
            "검색코드":111175,
            "세대수":182.0,
            "준공년월":"2018-01-30",
            "준공년차":5.0,
            "가까운역이름":"NA",
            "가까운역거리":"NA",
            "역세권여부":"NA",
            "30분이내주요거점역":"NA",
            "30분거점역이름":"NA",
            "1시간이내주요거점역":"NA",
            "1시간거점역이름":"NA",
            "3km이내백화점수":2,
            "5km이내아울렛몰수":0,
            "1km이내대형먀트수":1,
            "500m이내은행수":1,
            "500m이내병원수":0,
            "5km이내대형병원수":4,
            "500m이내공원수":0,
            "3km이내혐오시설수":0,
            "초등학교학업성취도":89.98,
            "중학교학업성취도":90.6,
            "용적률":211,
            "건폐율":28,
            "Y":35.557407,
            "X":129.353775,
            "rank":4.0,
            "area_info":"33평(111.31), 33평(112.35)",
            "last_sales":"2022-01-21,58500.0,33평(111.31)",
            "rank_history":[
                [
                    "202203",
                    4
                ],
                [
                    "202202",
                    4
                ],
                [
                    "202201",
                    4
                ]
            ],
            "rank_gap":0
        },
        {
            "index":86,
            "아파트명":"울산강변효성해링턴플레이스(81블럭)",
            "투자타입":"일반",
            "전용면적(m2)":"110.66",
            "전용면적(평)":"33평",
            "법정동주소":"울산시 북구 명촌동 진장명촌지구81블록3로트",
            "도로명주소":"울산시 북구 명촌17길 23",
            "세대수":0,
            "입주년차":80,
            "용적률점수":"--",
            "건폐율점수":"--",
            "세대당주차수":30,
            "난방방식":30,
            "공급면적":"--",
            "전용률":"--",
            "욕실수":100,
            "현관타입":100,
            "주거총점":43.5,
            "지역구공급총점":0.0,
            "역세권":"NA",
            "30분내 이동가능 거점":"NA",
            "1시간내 이동가능 거점":"NA",
            "교통총점":"NA",
            "백화점":100,
            "아울렛몰":0,
            "대형마트":80,
            "은행":0,
            "병원":0,
            "종합병원":100,
            "공원":0,
            "혐오시설":0,
            "인프라총점":62.0,
            "초등학군":89.98,
            "중학군":55.68,
            "학군총점":62.54,
            "인구수":24.72,
            "인구증감":-3.15,
            "인구총점":16.359,
            "일자리":15.0,
            "소득수준":93.27,
            "일자리총점":38.481,
            "가치 총점":55.66,
            "매매실거래년":20210823.0,
            "매매실거래가":53000.0,
            "전세실거래년":20211209.0,
            "전세실거래가":37000.0,
            "전세가율":69.81,
            "장기전세가율평균":70.07,
            "전세가율거품지수":0.26,
            "검색코드":111903,
            "세대수":78.0,
            "준공년월":"2018-03-29",
            "준공년차":5.0,
            "가까운역이름":"NA",
            "가까운역거리":"NA",
            "역세권여부":"NA",
            "30분이내주요거점역":"NA",
            "30분거점역이름":"NA",
            "1시간이내주요거점역":"NA",
            "1시간거점역이름":"NA",
            "3km이내백화점수":2,
            "5km이내아울렛몰수":0,
            "1km이내대형먀트수":1,
            "500m이내은행수":1,
            "500m이내병원수":0,
            "5km이내대형병원수":4,
            "500m이내공원수":0,
            "3km이내혐오시설수":0,
            "초등학교학업성취도":89.98,
            "중학교학업성취도":90.6,
            "용적률":267,
            "건폐율":44,
            "Y":35.559043,
            "X":129.3542,
            "rank":4.0,
            "area_info":"33평(110.66), 33평(111.94)",
            "last_sales":"2021-08-23,53000.0,33평(110.66)",
            "rank_history":[
                [
                    "202203",
                    4
                ],
                [
                    "202202",
                    9999
                ]
            ],
            "rank_gap":9999
        },
        {
            "index":420,
            "아파트명":"화봉휴먼시아3단지",
            "투자타입":"일반",
            "전용면적(m2)":"99.22",
            "전용면적(평)":"30평",
            "법정동주소":"울산시 북구 화봉동 1471",
            "도로명주소":"울산시 북구 화산로 19",
            "세대수":80,
            "입주년차":60,
            "용적률점수":"--",
            "건폐율점수":"--",
            "세대당주차수":30,
            "난방방식":30,
            "공급면적":"--",
            "전용률":"--",
            "욕실수":100,
            "현관타입":100,
            "주거총점":67.5,
            "지역구공급총점":0.0,
            "역세권":"NA",
            "30분내 이동가능 거점":"NA",
            "1시간내 이동가능 거점":"NA",
            "교통총점":"NA",
            "백화점":0,
            "아울렛몰":0,
            "대형마트":80,
            "은행":0,
            "병원":0,
            "종합병원":100,
            "공원":100,
            "혐오시설":0,
            "인프라총점":35.0,
            "초등학군":89.99,
            "중학군":47.28,
            "학군총점":55.822,
            "인구수":24.72,
            "인구증감":-3.15,
            "인구총점":16.359,
            "일자리":15.0,
            "소득수준":93.27,
            "일자리총점":38.481,
            "가치 총점":51.5805,
            "매매실거래년":20220122.0,
            "매매실거래가":36000.0,
            "전세실거래년":20211211.0,
            "전세실거래가":20000.0,
            "전세가율":59.0,
            "장기전세가율평균":70.07,
            "전세가율거품지수":11.07,
            "검색코드":100258,
            "세대수":733.0,
            "준공년월":"2009-04-16",
            "준공년차":14.0,
            "가까운역이름":"NA",
            "가까운역거리":"NA",
            "역세권여부":"NA",
            "30분이내주요거점역":"NA",
            "30분거점역이름":"NA",
            "1시간이내주요거점역":"NA",
            "1시간거점역이름":"NA",
            "3km이내백화점수":0,
            "5km이내아울렛몰수":0,
            "1km이내대형먀트수":1,
            "500m이내은행수":1,
            "500m이내병원수":0,
            "5km이내대형병원수":3,
            "500m이내공원수":17,
            "3km이내혐오시설수":0,
            "초등학교학업성취도":89.99,
            "중학교학업성취도":78.0,
            "용적률":158,
            "건폐율":18,
            "Y":35.593459,
            "X":129.364214,
            "rank":5.0,
            "area_info":"30평(99.22), 30평(100.18), 33평(111.34), 33평(111.92), 33평(112.0)",
            "last_sales":"2022-01-22,36000.0,33평(112.0)",
            "rank_history":[
                [
                    "202203",
                    5
                ],
                [
                    "202202",
                    5
                ],
                [
                    "202201",
                    8
                ]
            ],
            "rank_gap":0
        },
        {
            "index":153,
            "아파트명":"울산송정반도유보라아이비파크",
            "투자타입":"일반",
            "전용면적(m2)":"109.88",
            "전용면적(평)":"33평",
            "법정동주소":"울산시 북구 송정동 1237-2",
            "도로명주소":"울산시 북구 화산로 104",
            "세대수":90,
            "입주년차":100,
            "용적률점수":"--",
            "건폐율점수":"--",
            "세대당주차수":30,
            "난방방식":30,
            "공급면적":"--",
            "전용률":"--",
            "욕실수":100,
            "현관타입":100,
            "주거총점":79.0,
            "지역구공급총점":0.0,
            "역세권":"NA",
            "30분내 이동가능 거점":"NA",
            "1시간내 이동가능 거점":"NA",
            "교통총점":"NA",
            "백화점":0,
            "아울렛몰":0,
            "대형마트":0,
            "은행":0,
            "병원":0,
            "종합병원":100,
            "공원":100,
            "혐오시설":0,
            "인프라총점":23.0,
            "초등학군":90.02,
            "중학군":47.28,
            "학군총점":55.828,
            "인구수":24.72,
            "인구증감":-3.15,
            "인구총점":16.359,
            "일자리":15.0,
            "소득수준":93.27,
            "일자리총점":38.481,
            "가치 총점":50.807,
            "매매실거래년":20220108.0,
            "매매실거래가":68000.0,
            "전세실거래년":20220124.0,
            "전세실거래가":29400.0,
            "전세가율":43.88,
            "장기전세가율평균":70.07,
            "전세가율거품지수":26.19,
            "검색코드":115848,
            "세대수":1162.0,
            "준공년월":"2019-03-01",
            "준공년차":4.0,
            "가까운역이름":"NA",
            "가까운역거리":"NA",
            "역세권여부":"NA",
            "30분이내주요거점역":"NA",
            "30분거점역이름":"NA",
            "1시간이내주요거점역":"NA",
            "1시간거점역이름":"NA",
            "3km이내백화점수":0,
            "5km이내아울렛몰수":0,
            "1km이내대형먀트수":0,
            "500m이내은행수":0,
            "500m이내병원수":0,
            "5km이내대형병원수":3,
            "500m이내공원수":3,
            "3km이내혐오시설수":0,
            "초등학교학업성취도":90.02,
            "중학교학업성취도":78.0,
            "용적률":180,
            "건폐율":0,
            "Y":35.60241,
            "X":129.367527,
            "rank":6.0,
            "area_info":"33평(109.88), 33평(110.21), 33평(111.31)",
            "last_sales":"2022-01-08,68000.0,33평(111.31)",
            "rank_history":[
                [
                    "202203",
                    6
                ],
                [
                    "202202",
                    10
                ],
                [
                    "202201",
                    11
                ]
            ],
            "rank_gap":4
        },
        {
            "index":35,
            "아파트명":"매곡에듀파크에일린의뜰",
            "투자타입":"일반",
            "전용면적(m2)":"79.14",
            "전용면적(평)":"23평",
            "법정동주소":"울산시 북구 매곡동 963",
            "도로명주소":"울산시 북구 신천로 103",
            "세대수":80,
            "입주년차":100,
            "용적률점수":"--",
            "건폐율점수":"--",
            "세대당주차수":30,
            "난방방식":30,
            "공급면적":"--",
            "전용률":"--",
            "욕실수":100,
            "현관타입":100,
            "주거총점":75.5,
            "지역구공급총점":0.0,
            "역세권":"NA",
            "30분내 이동가능 거점":"NA",
            "1시간내 이동가능 거점":"NA",
            "교통총점":"NA",
            "백화점":0,
            "아울렛몰":0,
            "대형마트":0,
            "은행":0,
            "병원":0,
            "종합병원":80,
            "공원":100,
            "혐오시설":0,
            "인프라총점":19.0,
            "초등학군":90.0,
            "중학군":59.02,
            "학군총점":65.216,
            "인구수":24.72,
            "인구증감":-3.15,
            "인구총점":16.359,
            "일자리":15.0,
            "소득수준":93.27,
            "일자리총점":38.481,
            "가치 총점":50.329,
            "매매실거래년":20210929.0,
            "매매실거래가":43162.0,
            "전세실거래년":null,
            "전세실거래가":null,
            "전세가율":null,
            "장기전세가율평균":70.07,
            "전세가율거품지수":null,
            "검색코드":127647,
            "세대수":851.0,
            "준공년월":"2021-10-26",
            "준공년차":2.0,
            "가까운역이름":"NA",
            "가까운역거리":"NA",
            "역세권여부":"NA",
            "30분이내주요거점역":"NA",
            "30분거점역이름":"NA",
            "1시간이내주요거점역":"NA",
            "1시간거점역이름":"NA",
            "3km이내백화점수":0,
            "5km이내아울렛몰수":0,
            "1km이내대형먀트수":0,
            "500m이내은행수":0,
            "500m이내병원수":0,
            "5km이내대형병원수":1,
            "500m이내공원수":10,
            "3km이내혐오시설수":0,
            "초등학교학업성취도":90.0,
            "중학교학업성취도":95.1,
            "용적률":240,
            "건폐율":22,
            "Y":35.646362,
            "X":129.350087,
            "rank":7.0,
            "area_info":"23평(79.14), 24평(80.94), 24평(80.31), 33평(110.71), 33평(111.36), 34평(113.91), 34평(113.26)",
            "last_sales":"2021-09-29,43162.0,34평(113.26)",
            "rank_history":[
                [
                    "202203",
                    7
                ],
                [
                    "202202",
                    7
                ],
                [
                    "202201",
                    14
                ]
            ],
            "rank_gap":0
        },
        {
            "index":49,
            "아파트명":"오토밸리로효성해링턴플레이스",
            "투자타입":"일반",
            "전용면적(m2)":"98.92",
            "전용면적(평)":"29평",
            "법정동주소":"울산시 북구 매곡동 917",
            "도로명주소":"울산시 북구 신천로 105",
            "세대수":90,
            "입주년차":80,
            "용적률점수":"--",
            "건폐율점수":"--",
            "세대당주차수":30,
            "난방방식":30,
            "공급면적":"--",
            "전용률":"--",
            "욕실수":100,
            "현관타입":100,
            "주거총점":75.0,
            "지역구공급총점":0.0,
            "역세권":"NA",
            "30분내 이동가능 거점":"NA",
            "1시간내 이동가능 거점":"NA",
            "교통총점":"NA",
            "백화점":0,
            "아울렛몰":0,
            "대형마트":0,
            "은행":0,
            "병원":0,
            "종합병원":80,
            "공원":100,
            "혐오시설":0,
            "인프라총점":19.0,
            "초등학군":90.0,
            "중학군":59.02,
            "학군총점":65.216,
            "인구수":24.72,
            "인구증감":-3.15,
            "인구총점":16.359,
            "일자리":15.0,
            "소득수준":93.27,
            "일자리총점":38.481,
            "가치 총점":50.154,
            "매매실거래년":20220222.0,
            "매매실거래가":37500.0,
            "전세실거래년":20211002.0,
            "전세실거래가":30000.0,
            "전세가율":84.27,
            "장기전세가율평균":70.07,
            "전세가율거품지수":-14.2,
            "검색코드":107629,
            "세대수":1059.0,
            "준공년월":"2016-04-27",
            "준공년차":7.0,
            "가까운역이름":"NA",
            "가까운역거리":"NA",
            "역세권여부":"NA",
            "30분이내주요거점역":"NA",
            "30분거점역이름":"NA",
            "1시간이내주요거점역":"NA",
            "1시간거점역이름":"NA",
            "3km이내백화점수":0,
            "5km이내아울렛몰수":0,
            "1km이내대형먀트수":0,
            "500m이내은행수":0,
            "500m이내병원수":0,
            "5km이내대형병원수":1,
            "500m이내공원수":9,
            "3km이내혐오시설수":0,
            "초등학교학업성취도":90.0,
            "중학교학업성취도":95.1,
            "용적률":222,
            "건폐율":19,
            "Y":35.64828,
            "X":129.35258,
            "rank":8.0,
            "area_info":"29평(98.92), 33평(111.31), 33평(111.7), 33평(111.11), 33평(112.21)",
            "last_sales":"2022-02-22,37500.0,33평(111.31)",
            "rank_history":[
                [
                    "202203",
                    8
                ],
                [
                    "202202",
                    8
                ],
                [
                    "202201",
                    13
                ]
            ],
            "rank_gap":0
        },
        {
            "index":193,
            "아파트명":"신천효성해링턴플레이스",
            "투자타입":"일반",
            "전용면적(m2)":"81.13",
            "전용면적(평)":"24평",
            "법정동주소":"울산시 북구 신천동 799",
            "도로명주소":"울산시 북구 신천로 26",
            "세대수":90,
            "입주년차":80,
            "용적률점수":"--",
            "건폐율점수":"--",
            "세대당주차수":30,
            "난방방식":30,
            "공급면적":"--",
            "전용률":"--",
            "욕실수":100,
            "현관타입":100,
            "주거총점":75.0,
            "지역구공급총점":0.0,
            "역세권":"NA",
            "30분내 이동가능 거점":"NA",
            "1시간내 이동가능 거점":"NA",
            "교통총점":"NA",
            "백화점":0,
            "아울렛몰":0,
            "대형마트":0,
            "은행":0,
            "병원":0,
            "종합병원":80,
            "공원":100,
            "혐오시설":0,
            "인프라총점":19.0,
            "초등학군":89.98,
            "중학군":59.02,
            "학군총점":65.212,
            "인구수":24.72,
            "인구증감":-3.15,
            "인구총점":16.359,
            "일자리":15.0,
            "소득수준":93.27,
            "일자리총점":38.481,
            "가치 총점":50.153,
            "매매실거래년":20220122.0,
            "매매실거래가":42800.0,
            "전세실거래년":20220116.0,
            "전세실거래가":24500.0,
            "전세가율":81.67,
            "장기전세가율평균":70.07,
            "전세가율거품지수":-11.6,
            "검색코드":111469,
            "세대수":914.0,
            "준공년월":"2018-06-28",
            "준공년차":5.0,
            "가까운역이름":"NA",
            "가까운역거리":"NA",
            "역세권여부":"NA",
            "30분이내주요거점역":"NA",
            "30분거점역이름":"NA",
            "1시간이내주요거점역":"NA",
            "1시간거점역이름":"NA",
            "3km이내백화점수":0,
            "5km이내아울렛몰수":0,
            "1km이내대형먀트수":0,
            "500m이내은행수":0,
            "500m이내병원수":0,
            "5km이내대형병원수":1,
            "500m이내공원수":9,
            "3km이내혐오시설수":0,
            "초등학교학업성취도":89.98,
            "중학교학업성취도":95.1,
            "용적률":296,
            "건폐율":21,
            "Y":35.640468,
            "X":129.350912,
            "rank":9.0,
            "area_info":"24평(81.13), 30평(101.43), 34평(113.82)",
            "last_sales":"2022-01-22,42800.0,34평(113.82)",
            "rank_history":[
                [
                    "202203",
                    9
                ],
                [
                    "202202",
                    9
                ],
                [
                    "202201",
                    12
                ]
            ],
            "rank_gap":0
        },
        {
            "index":416,
            "아파트명":"화봉쌍용예가",
            "투자타입":"일반",
            "전용면적(m2)":"113.89",
            "전용면적(평)":"34평",
            "법정동주소":"울산시 북구 화봉동 1463",
            "도로명주소":"울산시 북구 화동로 11",
            "세대수":50,
            "입주년차":80,
            "용적률점수":"--",
            "건폐율점수":"--",
            "세대당주차수":30,
            "난방방식":30,
            "공급면적":"--",
            "전용률":"--",
            "욕실수":100,
            "현관타입":100,
            "주거총점":61.0,
            "지역구공급총점":0.0,
            "역세권":"NA",
            "30분내 이동가능 거점":"NA",
            "1시간내 이동가능 거점":"NA",
            "교통총점":"NA",
            "백화점":0,
            "아울렛몰":0,
            "대형마트":80,
            "은행":20,
            "병원":0,
            "종합병원":100,
            "공원":100,
            "혐오시설":0,
            "인프라총점":37.0,
            "초등학군":89.99,
            "중학군":47.28,
            "학군총점":55.822,
            "인구수":24.72,
            "인구증감":-3.15,
            "인구총점":16.359,
            "일자리":15.0,
            "소득수준":93.27,
            "일자리총점":38.481,
            "가치 총점":50.1055,
            "매매실거래년":20220125.0,
            "매매실거래가":46300.0,
            "전세실거래년":null,
            "전세실거래가":null,
            "전세가율":null,
            "장기전세가율평균":70.07,
            "전세가율거품지수":null,
            "검색코드":105026,
            "세대수":487.0,
            "준공년월":"2014-05-09",
            "준공년차":9.0,
            "가까운역이름":"NA",
            "가까운역거리":"NA",
            "역세권여부":"NA",
            "30분이내주요거점역":"NA",
            "30분거점역이름":"NA",
            "1시간이내주요거점역":"NA",
            "1시간거점역이름":"NA",
            "3km이내백화점수":0,
            "5km이내아울렛몰수":0,
            "1km이내대형먀트수":1,
            "500m이내은행수":2,
            "500m이내병원수":0,
            "5km이내대형병원수":3,
            "500m이내공원수":16,
            "3km이내혐오시설수":0,
            "초등학교학업성취도":89.99,
            "중학교학업성취도":78.0,
            "용적률":115,
            "건폐율":20,
            "Y":35.592389,
            "X":129.367937,
            "rank":10.0,
            "area_info":"34평(113.89), 34평(114.67), 34평(114.46), 34평(114.46)",
            "last_sales":"2022-01-25,46300.0,34평(114.46)",
            "rank_history":[
                [
                    "202203",
                    10
                ],
                [
                    "202202",
                    6
                ],
                [
                    "202201",
                    7
                ]
            ],
            "rank_gap":-4
        },
        {
            "index":156,
            "아파트명":"울산송정제일풍경채레이크뷰",
            "투자타입":"일반",
            "전용면적(m2)":"110.45",
            "전용면적(평)":"33평",
            "법정동주소":"울산시 북구 송정동 1236-4",
            "도로명주소":"울산시 북구 박상진3로 73",
            "세대수":80,
            "입주년차":100,
            "용적률점수":"--",
            "건폐율점수":"--",
            "세대당주차수":30,
            "난방방식":30,
            "공급면적":"--",
            "전용률":"--",
            "욕실수":100,
            "현관타입":100,
            "주거총점":75.5,
            "지역구공급총점":0.0,
            "역세권":"NA",
            "30분내 이동가능 거점":"NA",
            "1시간내 이동가능 거점":"NA",
            "교통총점":"NA",
            "백화점":0,
            "아울렛몰":0,
            "대형마트":0,
            "은행":0,
            "병원":0,
            "종합병원":100,
            "공원":80,
            "혐오시설":0,
            "인프라총점":22.4,
            "초등학군":90.02,
            "중학군":47.28,
            "학군총점":55.828,
            "인구수":24.72,
            "인구증감":-3.15,
            "인구총점":16.359,
            "일자리":15.0,
            "소득수준":93.27,
            "일자리총점":38.481,
            "가치 총점":49.342,
            "매매실거래년":20220213.0,
            "매매실거래가":56800.0,
            "전세실거래년":20220121.0,
            "전세실거래가":39000.0,
            "전세가율":68.66,
            "장기전세가율평균":70.07,
            "전세가율거품지수":1.41,
            "검색코드":115701,
            "세대수":766.0,
            "준공년월":"2019-02-28",
            "준공년차":4.0,
            "가까운역이름":"NA",
            "가까운역거리":"NA",
            "역세권여부":"NA",
            "30분이내주요거점역":"NA",
            "30분거점역이름":"NA",
            "1시간이내주요거점역":"NA",
            "1시간거점역이름":"NA",
            "3km이내백화점수":0,
            "5km이내아울렛몰수":0,
            "1km이내대형먀트수":0,
            "500m이내은행수":0,
            "500m이내병원수":0,
            "5km이내대형병원수":3,
            "500m이내공원수":1,
            "3km이내혐오시설수":0,
            "초등학교학업성취도":90.02,
            "중학교학업성취도":78.0,
            "용적률":179,
            "건폐율":14,
            "Y":35.605229,
            "X":129.368683,
            "rank":11.0,
            "area_info":"33평(110.45), 33평(111.46), 33평(111.32)",
            "last_sales":"2022-02-13,56800.0,33평(110.45)",
            "rank_history":[
                [
                    "202203",
                    11
                ],
                [
                    "202202",
                    15
                ],
                [
                    "202201",
                    20
                ]
            ],
            "rank_gap":4
        },
        {
            "index":206,
            "아파트명":"협성노블리스",
            "투자타입":"일반",
            "전용면적(m2)":"69.48",
            "전용면적(평)":"21평",
            "법정동주소":"울산시 북구 신천동 358-9",
            "도로명주소":"울산시 북구 호계로 309-20",
            "세대수":80,
            "입주년차":20,
            "용적률점수":"--",
            "건폐율점수":"--",
            "세대당주차수":0,
            "난방방식":30,
            "공급면적":"--",
            "전용률":"--",
            "욕실수":100,
            "현관타입":100,
            "주거총점":55.0,
            "지역구공급총점":0.0,
            "역세권":"NA",
            "30분내 이동가능 거점":"NA",
            "1시간내 이동가능 거점":"NA",
            "교통총점":"NA",
            "백화점":0,
            "아울렛몰":0,
            "대형마트":80,
            "은행":70,
            "병원":0,
            "종합병원":80,
            "공원":100,
            "혐오시설":0,
            "인프라총점":38.0,
            "초등학군":90.0,
            "중학군":51.7,
            "학군총점":59.36,
            "인구수":24.72,
            "인구증감":-3.15,
            "인구총점":16.359,
            "일자리":15.0,
            "소득수준":93.27,
            "일자리총점":38.481,
            "가치 총점":49.29,
            "매매실거래년":20220108.0,
            "매매실거래가":26400.0,
            "전세실거래년":null,
            "전세실거래가":null,
            "전세가율":null,
            "장기전세가율평균":70.07,
            "전세가율거품지수":null,
            "검색코드":12791,
            "세대수":882.0,
            "준공년월":"2003-12-26",
            "준공년차":20.0,
            "가까운역이름":"NA",
            "가까운역거리":"NA",
            "역세권여부":"NA",
            "30분이내주요거점역":"NA",
            "30분거점역이름":"NA",
            "1시간이내주요거점역":"NA",
            "1시간거점역이름":"NA",
            "3km이내백화점수":0,
            "5km이내아울렛몰수":0,
            "1km이내대형먀트수":1,
            "500m이내은행수":4,
            "500m이내병원수":0,
            "5km이내대형병원수":1,
            "500m이내공원수":4,
            "3km이내혐오시설수":0,
            "초등학교학업성취도":90.0,
            "중학교학업성취도":83.9,
            "용적률":249,
            "건폐율":22,
            "Y":35.631552,
            "X":129.348533,
            "rank":12.0,
            "area_info":"21평(69.48), 22평(75.83), 22평(76.02), 22평(76.02), 25평(84.08), 28평(94.81), 28평(94.81), 28평(94.81), 30평(101.51), 31평(103.31)",
            "last_sales":"2022-01-08,26400.0,31평(103.31)",
            "rank_history":[
                [
                    "202203",
                    12
                ],
                [
                    "202202",
                    11
                ],
                [
                    "202201",
                    6
                ]
            ],
            "rank_gap":-1
        },
        {
            "index":428,
            "아파트명":"효문코오롱하늘채",
            "투자타입":"일반",
            "전용면적(m2)":"95.47",
            "전용면적(평)":"28평",
            "법정동주소":"울산시 북구 효문동 1039",
            "도로명주소":"울산시 북구 율동2길 8",
            "세대수":80,
            "입주년차":80,
            "용적률점수":"--",
            "건폐율점수":"--",
            "세대당주차수":30,
            "난방방식":30,
            "공급면적":"--",
            "전용률":"--",
            "욕실수":100,
            "현관타입":100,
            "주거총점":71.5,
            "지역구공급총점":0.0,
            "역세권":"NA",
            "30분내 이동가능 거점":"NA",
            "1시간내 이동가능 거점":"NA",
            "교통총점":"NA",
            "백화점":0,
            "아울렛몰":0,
            "대형마트":0,
            "은행":0,
            "병원":0,
            "종합병원":100,
            "공원":100,
            "혐오시설":0,
            "인프라총점":23.0,
            "초등학군":89.98,
            "중학군":52.66,
            "학군총점":60.124,
            "인구수":24.72,
            "인구증감":-3.15,
            "인구총점":16.359,
            "일자리":15.0,
            "소득수준":93.27,
            "일자리총점":38.481,
            "가치 총점":49.256,
            "매매실거래년":20220209.0,
            "매매실거래가":38000.0,
            "전세실거래년":20220211.0,
            "전세실거래가":30000.0,
            "전세가율":83.33,
            "장기전세가율평균":70.07,
            "전세가율거품지수":-13.26,
            "검색코드":119129,
            "세대수":858.0,
            "준공년월":"2018-03-16",
            "준공년차":5.0,
            "가까운역이름":"NA",
            "가까운역거리":"NA",
            "역세권여부":"NA",
            "30분이내주요거점역":"NA",
            "30분거점역이름":"NA",
            "1시간이내주요거점역":"NA",
            "1시간거점역이름":"NA",
            "3km이내백화점수":0,
            "5km이내아울렛몰수":0,
            "1km이내대형먀트수":0,
            "500m이내은행수":0,
            "500m이내병원수":0,
            "5km이내대형병원수":2,
            "500m이내공원수":4,
            "3km이내혐오시설수":0,
            "초등학교학업성취도":89.98,
            "중학교학업성취도":85.5,
            "용적률":303,
            "건폐율":34,
            "Y":35.560992,
            "X":129.37587,
            "rank":13.0,
            "area_info":"28평(95.47), 28평(95.23), 28평(95.64), 31평(102.57), 31평(102.77), 31평(102.62), 34평(113.31)",
            "last_sales":"2022-02-09,38000.0,31평(102.57)",
            "rank_history":[
                [
                    "202203",
                    13
                ],
                [
                    "202202",
                    12
                ],
                [
                    "202201",
                    18
                ]
            ],
            "rank_gap":-1
        },
        {
            "index":305,
            "아파트명":"유-스타시티일동미라주더스타2단지",
            "투자타입":"일반",
            "전용면적(m2)":"83.01",
            "전용면적(평)":"25평",
            "법정동주소":"울산시 북구 중산동 중산매곡지구10블록3로트",
            "도로명주소":"울산시 북구 중산로 47",
            "세대수":80,
            "입주년차":80,
            "용적률점수":"--",
            "건폐율점수":"--",
            "세대당주차수":30,
            "난방방식":30,
            "공급면적":"--",
            "전용률":"--",
            "욕실수":100,
            "현관타입":100,
            "주거총점":71.5,
            "지역구공급총점":0.0,
            "역세권":"NA",
            "30분내 이동가능 거점":"NA",
            "1시간내 이동가능 거점":"NA",
            "교통총점":"NA",
            "백화점":0,
            "아울렛몰":0,
            "대형마트":0,
            "은행":0,
            "병원":0,
            "종합병원":80,
            "공원":100,
            "혐오시설":0,
            "인프라총점":19.0,
            "초등학군":90.0,
            "중학군":59.02,
            "학군총점":65.216,
            "인구수":24.72,
            "인구증감":-3.15,
            "인구총점":16.359,
            "일자리":15.0,
            "소득수준":93.27,
            "일자리총점":38.481,
            "가치 총점":48.929,
            "매매실거래년":20220107.0,
            "매매실거래가":38500.0,
            "전세실거래년":20210529.0,
            "전세실거래가":11000.0,
            "전세가율":35.6,
            "장기전세가율평균":70.07,
            "전세가율거품지수":34.47,
            "검색코드":112496,
            "세대수":739.0,
            "준공년월":"2018-12-01",
            "준공년차":5.0,
            "가까운역이름":"NA",
            "가까운역거리":"NA",
            "역세권여부":"NA",
            "30분이내주요거점역":"NA",
            "30분거점역이름":"NA",
            "1시간이내주요거점역":"NA",
            "1시간거점역이름":"NA",
            "3km이내백화점수":0,
            "5km이내아울렛몰수":0,
            "1km이내대형먀트수":0,
            "500m이내은행수":0,
            "500m이내병원수":0,
            "5km이내대형병원수":1,
            "500m이내공원수":9,
            "3km이내혐오시설수":0,
            "초등학교학업성취도":90.0,
            "중학교학업성취도":95.1,
            "용적률":0,
            "건폐율":0,
            "Y":35.651995,
            "X":129.354997,
            "rank":14.0,
            "area_info":"25평(83.01), 29평(98.19), 34평(112.59), 41평(137.73)",
            "last_sales":"2022-01-07,38500.0,34평(112.59)",
            "rank_history":[
                [
                    "202203",
                    14
                ],
                [
                    "202202",
                    13
                ],
                [
                    "202201",
                    19
                ]
            ],
            "rank_gap":-1
        },
        {
            "index":61,
            "아파트명":"월드메르디앙월드시티1단지",
            "투자타입":"일반",
            "전용면적(m2)":"114.84",
            "전용면적(평)":"34평",
            "법정동주소":"울산시 북구 매곡동 864",
            "도로명주소":"울산시 북구 매산로 65",
            "세대수":100,
            "입주년차":60,
            "용적률점수":"--",
            "건폐율점수":"--",
            "세대당주차수":60,
            "난방방식":30,
            "공급면적":"--",
            "전용률":"--",
            "욕실수":100,
            "현관타입":100,
            "주거총점":79.0,
            "지역구공급총점":0.0,
            "역세권":"NA",
            "30분내 이동가능 거점":"NA",
            "1시간내 이동가능 거점":"NA",
            "교통총점":"NA",
            "백화점":0,
            "아울렛몰":0,
            "대형마트":0,
            "은행":0,
            "병원":0,
            "종합병원":80,
            "공원":100,
            "혐오시설":0,
            "인프라총점":19.0,
            "초등학군":90.0,
            "중학군":43.34,
            "학군총점":52.672,
            "인구수":24.72,
            "인구증감":-3.15,
            "인구총점":16.359,
            "일자리":15.0,
            "소득수준":93.27,
            "일자리총점":38.481,
            "가치 총점":48.418,
            "매매실거래년":20220209.0,
            "매매실거래가":54700.0,
            "전세실거래년":20220223.0,
            "전세실거래가":23100.0,
            "전세가율":61.6,
            "장기전세가율평균":70.07,
            "전세가율거품지수":8.47,
            "검색코드":26439,
            "세대수":1625.0,
            "준공년월":"2011-02-28",
            "준공년차":12.0,
            "가까운역이름":"NA",
            "가까운역거리":"NA",
            "역세권여부":"NA",
            "30분이내주요거점역":"NA",
            "30분거점역이름":"NA",
            "1시간이내주요거점역":"NA",
            "1시간거점역이름":"NA",
            "3km이내백화점수":0,
            "5km이내아울렛몰수":0,
            "1km이내대형먀트수":0,
            "500m이내은행수":0,
            "500m이내병원수":0,
            "5km이내대형병원수":1,
            "500m이내공원수":6,
            "3km이내혐오시설수":0,
            "초등학교학업성취도":90.0,
            "중학교학업성취도":71.9,
            "용적률":249,
            "건폐율":13,
            "Y":35.642293,
            "X":129.362017,
            "rank":15.0,
            "area_info":"34평(114.84), 34평(115.23), 35평(115.98), 42평(141.48), 53평(175.49), 58평(192.15), 94평(310.84), 94평(312.7)",
            "last_sales":"2022-02-09,54700.0,58평(192.15)",
            "rank_history":[
                [
                    "202203",
                    15
                ],
                [
                    "202202",
                    14
                ],
                [
                    "202201",
                    15
                ]
            ],
            "rank_gap":-1
        },
        {
            "index":225,
            "아파트명":"양정힐스테이트",
            "투자타입":"일반",
            "전용면적(m2)":"87.08",
            "전용면적(평)":"26평",
            "법정동주소":"울산시 북구 양정동 500-33",
            "도로명주소":"울산시 북구 염포로 459",
            "세대수":90,
            "입주년차":40,
            "용적률점수":"--",
            "건폐율점수":"--",
            "세대당주차수":30,
            "난방방식":30,
            "공급면적":"--",
            "전용률":"--",
            "욕실수":100,
            "현관타입":100,
            "주거총점":67.0,
            "지역구공급총점":0.0,
            "역세권":"NA",
            "30분내 이동가능 거점":"NA",
            "1시간내 이동가능 거점":"NA",
            "교통총점":"NA",
            "백화점":0,
            "아울렛몰":0,
            "대형마트":0,
            "은행":0,
            "병원":0,
            "종합병원":100,
            "공원":100,
            "혐오시설":0,
            "인프라총점":23.0,
            "초등학군":90.01,
            "중학군":52.66,
            "학군총점":60.13,
            "인구수":24.72,
            "인구증감":-3.15,
            "인구총점":16.359,
            "일자리":15.0,
            "소득수준":93.27,
            "일자리총점":38.481,
            "가치 총점":47.6825,
            "매매실거래년":20220221.0,
            "매매실거래가":22600.0,
            "전세실거래년":20211108.0,
            "전세실거래가":20000.0,
            "전세가율":88.5,
            "장기전세가율평균":70.07,
            "전세가율거품지수":-18.43,
            "검색코드":22548,
            "세대수":1443.0,
            "준공년월":"2007-06-25",
            "준공년차":16.0,
            "가까운역이름":"NA",
            "가까운역거리":"NA",
            "역세권여부":"NA",
            "30분이내주요거점역":"NA",
            "30분거점역이름":"NA",
            "1시간이내주요거점역":"NA",
            "1시간거점역이름":"NA",
            "3km이내백화점수":0,
            "5km이내아울렛몰수":0,
            "1km이내대형먀트수":0,
            "500m이내은행수":0,
            "500m이내병원수":0,
            "5km이내대형병원수":2,
            "500m이내공원수":2,
            "3km이내혐오시설수":0,
            "초등학교학업성취도":90.01,
            "중학교학업성취도":85.5,
            "용적률":299,
            "건폐율":20,
            "Y":35.551386,
            "X":129.383209,
            "rank":16.0,
            "area_info":"26평(87.08), 29평(96.8), 32평(108.37), 34평(112.51), 34평(112.51), 44평(147.79), 44평(147.79)",
            "last_sales":"2022-02-21,22600.0,26평(87.08)",
            "rank_history":[
                [
                    "202203",
                    16
                ],
                [
                    "202202",
                    16
                ],
                [
                    "202201",
                    26
                ]
            ],
            "rank_gap":0
        },
        {
            "index":10,
            "아파트명":"달천아이파크1단지",
            "투자타입":"일반",
            "전용면적(m2)":"113.51",
            "전용면적(평)":"34평",
            "법정동주소":"울산시 북구 달천동 1-5",
            "도로명주소":"울산시 북구 달천로 50",
            "세대수":90,
            "입주년차":40,
            "용적률점수":"--",
            "건폐율점수":"--",
            "세대당주차수":60,
            "난방방식":30,
            "공급면적":"--",
            "전용률":"--",
            "욕실수":100,
            "현관타입":100,
            "주거총점":71.5,
            "지역구공급총점":0.0,
            "역세권":"NA",
            "30분내 이동가능 거점":"NA",
            "1시간내 이동가능 거점":"NA",
            "교통총점":"NA",
            "백화점":0,
            "아울렛몰":0,
            "대형마트":0,
            "은행":0,
            "병원":0,
            "종합병원":80,
            "공원":100,
            "혐오시설":0,
            "인프라총점":19.0,
            "초등학군":89.99,
            "중학군":52.32,
            "학군총점":59.854,
            "인구수":24.72,
            "인구증감":-3.15,
            "인구총점":16.359,
            "일자리":15.0,
            "소득수준":93.27,
            "일자리총점":38.481,
            "가치 총점":47.5885,
            "매매실거래년":20211005.0,
            "매매실거래가":48000.0,
            "전세실거래년":20210220.0,
            "전세실거래가":17300.0,
            "전세가율":54.06,
            "장기전세가율평균":70.07,
            "전세가율거품지수":16.01,
            "검색코드":24444,
            "세대수":1012.0,
            "준공년월":"2008-03-18",
            "준공년차":15.0,
            "가까운역이름":"NA",
            "가까운역거리":"NA",
            "역세권여부":"NA",
            "30분이내주요거점역":"NA",
            "30분거점역이름":"NA",
            "1시간이내주요거점역":"NA",
            "1시간거점역이름":"NA",
            "3km이내백화점수":0,
            "5km이내아울렛몰수":0,
            "1km이내대형먀트수":0,
            "500m이내은행수":0,
            "500m이내병원수":0,
            "5km이내대형병원수":1,
            "500m이내공원수":2,
            "3km이내혐오시설수":0,
            "초등학교학업성취도":89.99,
            "중학교학업성취도":85.2,
            "용적률":221,
            "건폐율":14,
            "Y":35.635843,
            "X":129.330665,
            "rank":17.0,
            "area_info":"34평(113.51), 36평(120.88), 42평(139.76), 50평(165.91), 50평(165.69), 52평(173.97), 80평(267.69), 89평(294.29), 90평(299.3)",
            "last_sales":"2021-10-05,48000.0,52평(173.97)",
            "rank_history":[
                [
                    "202203",
                    17
                ],
                [
                    "202202",
                    17
                ],
                [
                    "202201",
                    21
                ]
            ],
            "rank_gap":0
        },
        {
            "index":298,
            "아파트명":"울산오토밸리로ZOOM파크",
            "투자타입":"일반",
            "전용면적(m2)":"87.81",
            "전용면적(평)":"26평",
            "법정동주소":"울산시 북구 중산동 1277-1",
            "도로명주소":"울산시 북구 중산서로 19",
            "세대수":80,
            "입주년차":80,
            "용적률점수":"--",
            "건폐율점수":"--",
            "세대당주차수":0,
            "난방방식":30,
            "공급면적":"--",
            "전용률":"--",
            "욕실수":100,
            "현관타입":100,
            "주거총점":67.0,
            "지역구공급총점":0.0,
            "역세권":"NA",
            "30분내 이동가능 거점":"NA",
            "1시간내 이동가능 거점":"NA",
            "교통총점":"NA",
            "백화점":0,
            "아울렛몰":0,
            "대형마트":0,
            "은행":0,
            "병원":0,
            "종합병원":80,
            "공원":100,
            "혐오시설":0,
            "인프라총점":19.0,
            "초등학군":90.0,
            "중학군":59.02,
            "학군총점":65.216,
            "인구수":24.72,
            "인구증감":-3.15,
            "인구총점":16.359,
            "일자리":15.0,
            "소득수준":93.27,
            "일자리총점":38.481,
            "가치 총점":47.354,
            "매매실거래년":20220217.0,
            "매매실거래가":26000.0,
            "전세실거래년":20220211.0,
            "전세실거래가":22000.0,
            "전세가율":83.97,
            "장기전세가율평균":70.07,
            "전세가율거품지수":-13.9,
            "검색코드":109419,
            "세대수":867.0,
            "준공년월":"2017-01-01",
            "준공년차":6.0,
            "가까운역이름":"NA",
            "가까운역거리":"NA",
            "역세권여부":"NA",
            "30분이내주요거점역":"NA",
            "30분거점역이름":"NA",
            "1시간이내주요거점역":"NA",
            "1시간거점역이름":"NA",
            "3km이내백화점수":0,
            "5km이내아울렛몰수":0,
            "1km이내대형먀트수":0,
            "500m이내은행수":0,
            "500m이내병원수":0,
            "5km이내대형병원수":1,
            "500m이내공원수":7,
            "3km이내혐오시설수":0,
            "초등학교학업성취도":90.0,
            "중학교학업성취도":95.1,
            "용적률":235,
            "건폐율":18,
            "Y":35.653236,
            "X":129.348056,
            "rank":18.0,
            "area_info":"26평(87.81), 26평(88.46), 34평(114.14), 34평(114.35)",
            "last_sales":"2022-02-17,26000.0,26평(88.46)",
            "rank_history":[
                [
                    "202203",
                    18
                ],
                [
                    "202202",
                    19
                ],
                [
                    "202201",
                    28
                ]
            ],
            "rank_gap":1
        },
        {
            "index":196,
            "아파트명":"울산신천엠코타운",
            "투자타입":"일반",
            "전용면적(m2)":"112.55",
            "전용면적(평)":"34평",
            "법정동주소":"울산시 북구 신천동 786",
            "도로명주소":"울산시 북구 신천소공원로 15",
            "세대수":80,
            "입주년차":60,
            "용적률점수":"--",
            "건폐율점수":"--",
            "세대당주차수":60,
            "난방방식":30,
            "공급면적":"--",
            "전용률":"--",
            "욕실수":100,
            "현관타입":50,
            "주거총점":67.0,
            "지역구공급총점":0.0,
            "역세권":"NA",
            "30분내 이동가능 거점":"NA",
            "1시간내 이동가능 거점":"NA",
            "교통총점":"NA",
            "백화점":0,
            "아울렛몰":0,
            "대형마트":0,
            "은행":0,
            "병원":0,
            "종합병원":80,
            "공원":100,
            "혐오시설":0,
            "인프라총점":19.0,
            "초등학군":89.98,
            "중학군":59.02,
            "학군총점":65.212,
            "인구수":24.72,
            "인구증감":-3.15,
            "인구총점":16.359,
            "일자리":15.0,
            "소득수준":93.27,
            "일자리총점":38.481,
            "가치 총점":47.353,
            "매매실거래년":20220112.0,
            "매매실거래가":52000.0,
            "전세실거래년":20211224.0,
            "전세실거래가":21000.0,
            "전세가율":67.74,
            "장기전세가율평균":70.07,
            "전세가율거품지수":2.33,
            "검색코드":104786,
            "세대수":741.0,
            "준공년월":"2010-10-29",
            "준공년차":13.0,
            "가까운역이름":"NA",
            "가까운역거리":"NA",
            "역세권여부":"NA",
            "30분이내주요거점역":"NA",
            "30분거점역이름":"NA",
            "1시간이내주요거점역":"NA",
            "1시간거점역이름":"NA",
            "3km이내백화점수":0,
            "5km이내아울렛몰수":0,
            "1km이내대형먀트수":0,
            "500m이내은행수":0,
            "500m이내병원수":0,
            "5km이내대형병원수":1,
            "500m이내공원수":5,
            "3km이내혐오시설수":0,
            "초등학교학업성취도":89.98,
            "중학교학업성취도":95.1,
            "용적률":249,
            "건폐율":17,
            "Y":35.645769,
            "X":129.346652,
            "rank":19.0,
            "area_info":"34평(112.55), 34평(113.55), 34평(114.68), 46평(152.49), 47평(155.7), 54평(181.16)",
            "last_sales":"2022-01-12,52000.0,54평(181.16)",
            "rank_history":[
                [
                    "202203",
                    19
                ],
                [
                    "202202",
                    20
                ],
                [
                    "202201",
                    25
                ]
            ],
            "rank_gap":1
        },
        {
            "index":167,
            "아파트명":"극동스타클래스",
            "투자타입":"일반",
            "전용면적(m2)":"111.25",
            "전용면적(평)":"33평",
            "법정동주소":"울산시 북구 신천동 530-1",
            "도로명주소":"울산시 북구 신천로 27",
            "세대수":90,
            "입주년차":40,
            "용적률점수":"--",
            "건폐율점수":"--",
            "세대당주차수":30,
            "난방방식":30,
            "공급면적":"--",
            "전용률":"--",
            "욕실수":100,
            "현관타입":100,
            "주거총점":67.0,
            "지역구공급총점":0.0,
            "역세권":"NA",
            "30분내 이동가능 거점":"NA",
            "1시간내 이동가능 거점":"NA",
            "교통총점":"NA",
            "백화점":0,
            "아울렛몰":0,
            "대형마트":0,
            "은행":0,
            "병원":0,
            "종합병원":80,
            "공원":100,
            "혐오시설":0,
            "인프라총점":19.0,
            "초등학군":89.98,
            "중학군":59.02,
            "학군총점":65.212,
            "인구수":24.72,
            "인구증감":-3.15,
            "인구총점":16.359,
            "일자리":15.0,
            "소득수준":93.27,
            "일자리총점":38.481,
            "가치 총점":47.353,
            "매매실거래년":20220218.0,
            "매매실거래가":29500.0,
            "전세실거래년":20220218.0,
            "전세실거래가":25500.0,
            "전세가율":86.44,
            "장기전세가율평균":70.07,
            "전세가율거품지수":-16.37,
            "검색코드":22535,
            "세대수":960.0,
            "준공년월":"2007-09-11",
            "준공년차":16.0,
            "가까운역이름":"NA",
            "가까운역거리":"NA",
            "역세권여부":"NA",
            "30분이내주요거점역":"NA",
            "30분거점역이름":"NA",
            "1시간이내주요거점역":"NA",
            "1시간거점역이름":"NA",
            "3km이내백화점수":0,
            "5km이내아울렛몰수":0,
            "1km이내대형먀트수":0,
            "500m이내은행수":0,
            "500m이내병원수":0,
            "5km이내대형병원수":1,
            "500m이내공원수":8,
            "3km이내혐오시설수":0,
            "초등학교학업성취도":89.98,
            "중학교학업성취도":95.1,
            "용적률":223,
            "건폐율":15,
            "Y":35.641688,
            "X":129.348074,
            "rank":19.0,
            "area_info":"33평(111.25), 46평(153.47)",
            "last_sales":"2022-02-18,29500.0,33평(111.25)",
            "rank_history":[
                [
                    "202203",
                    19
                ],
                [
                    "202202",
                    20
                ],
                [
                    "202201",
                    24
                ]
            ],
            "rank_gap":1
        },
        {
            "index":340,
            "아파트명":"삼성코아루",
            "투자타입":"일반",
            "전용면적(m2)":"83.28",
            "전용면적(평)":"25평",
            "법정동주소":"울산시 북구 천곡동 418",
            "도로명주소":"울산시 북구 천곡남로 37",
            "세대수":100,
            "입주년차":40,
            "용적률점수":"--",
            "건폐율점수":"--",
            "세대당주차수":30,
            "난방방식":30,
            "공급면적":"--",
            "전용률":"--",
            "욕실수":100,
            "현관타입":100,
            "주거총점":70.5,
            "지역구공급총점":0.0,
            "역세권":"NA",
            "30분내 이동가능 거점":"NA",
            "1시간내 이동가능 거점":"NA",
            "교통총점":"NA",
            "백화점":0,
            "아울렛몰":0,
            "대형마트":0,
            "은행":0,
            "병원":0,
            "종합병원":80,
            "공원":100,
            "혐오시설":0,
            "인프라총점":19.0,
            "초등학군":89.99,
            "중학군":52.32,
            "학군총점":59.854,
            "인구수":24.72,
            "인구증감":-3.15,
            "인구총점":16.359,
            "일자리":15.0,
            "소득수준":93.27,
            "일자리총점":38.481,
            "가치 총점":47.2385,
            "매매실거래년":20220128.0,
            "매매실거래가":28900.0,
            "전세실거래년":20220203.0,
            "전세실거래가":19000.0,
            "전세가율":84.82,
            "장기전세가율평균":70.07,
            "전세가율거품지수":-14.75,
            "검색코드":17750,
            "세대수":1522.0,
            "준공년월":"2005-09-29",
            "준공년차":18.0,
            "가까운역이름":"NA",
            "가까운역거리":"NA",
            "역세권여부":"NA",
            "30분이내주요거점역":"NA",
            "30분거점역이름":"NA",
            "1시간이내주요거점역":"NA",
            "1시간거점역이름":"NA",
            "3km이내백화점수":0,
            "5km이내아울렛몰수":0,
            "1km이내대형먀트수":0,
            "500m이내은행수":0,
            "500m이내병원수":0,
            "5km이내대형병원수":1,
            "500m이내공원수":2,
            "3km이내혐오시설수":0,
            "초등학교학업성취도":89.99,
            "중학교학업성취도":85.2,
            "용적률":181,
            "건폐율":16,
            "Y":35.633385,
            "X":129.333671,
            "rank":20.0,
            "area_info":"25평(83.28), 29평(98.97), 34평(112.66), 49평(163.25)",
            "last_sales":"2022-01-28,28900.0,34평(112.66)",
            "rank_history":[
                [
                    "202203",
                    20
                ],
                [
                    "202202",
                    22
                ],
                [
                    "202201",
                    22
                ]
            ],
            "rank_gap":2
        },
        {
            "index":69,
            "아파트명":"월드메르디앙월드시티2단지",
            "투자타입":"일반",
            "전용면적(m2)":"113.53",
            "전용면적(평)":"34평",
            "법정동주소":"울산시 북구 매곡동 865",
            "도로명주소":"울산시 북구 매산로 66",
            "세대수":90,
            "입주년차":60,
            "용적률점수":"--",
            "건폐율점수":"--",
            "세대당주차수":60,
            "난방방식":30,
            "공급면적":"--",
            "전용률":"--",
            "욕실수":100,
            "현관타입":100,
            "주거총점":75.5,
            "지역구공급총점":0.0,
            "역세권":"NA",
            "30분내 이동가능 거점":"NA",
            "1시간내 이동가능 거점":"NA",
            "교통총점":"NA",
            "백화점":0,
            "아울렛몰":0,
            "대형마트":0,
            "은행":0,
            "병원":0,
            "종합병원":80,
            "공원":100,
            "혐오시설":0,
            "인프라총점":19.0,
            "초등학군":90.0,
            "중학군":43.34,
            "학군총점":52.672,
            "인구수":24.72,
            "인구증감":-3.15,
            "인구총점":16.359,
            "일자리":15.0,
            "소득수준":93.27,
            "일자리총점":38.481,
            "가치 총점":47.193,
            "매매실거래년":"18000101",
            "매매실거래가":null,
            "전세실거래년":null,
            "전세실거래가":null,
            "전세가율":null,
            "장기전세가율평균":70.07,
            "전세가율거품지수":null,
            "검색코드":137348,
            "세대수":1061.0,
            "준공년월":"2011-02-28",
            "준공년차":12.0,
            "가까운역이름":"NA",
            "가까운역거리":"NA",
            "역세권여부":"NA",
            "30분이내주요거점역":"NA",
            "30분거점역이름":"NA",
            "1시간이내주요거점역":"NA",
            "1시간거점역이름":"NA",
            "3km이내백화점수":0,
            "5km이내아울렛몰수":0,
            "1km이내대형먀트수":0,
            "500m이내은행수":0,
            "500m이내병원수":0,
            "5km이내대형병원수":1,
            "500m이내공원수":4,
            "3km이내혐오시설수":0,
            "초등학교학업성취도":90.0,
            "중학교학업성취도":71.9,
            "용적률":249,
            "건폐율":13,
            "Y":35.642049,
            "X":129.35875,
            "rank":21.0,
            "area_info":"34평(113.53), 34평(115.16), 42평(139.39), 52평(172.89), 58평(192.12), 92평(306.17), 92평(307.07)",
            "last_sales":"1800-01-01,nan,34평(113.53)",
            "rank_history":[
                [
                    "202203",
                    21
                ],
                [
                    "202202",
                    18
                ],
                [
                    "202201",
                    16
                ]
            ],
            "rank_gap":-3
        },
        {
            "index":394,
            "아파트명":"울산호계2차한양수자인",
            "투자타입":"일반",
            "전용면적(m2)":"90.97",
            "전용면적(평)":"27평",
            "법정동주소":"울산시 북구 호계동 호수지구토지구획정리지구1블록1-3로트",
            "도로명주소":"울산시 북구 호수중앙로 15-22",
            "세대수":50,
            "입주년차":80,
            "용적률점수":"--",
            "건폐율점수":"--",
            "세대당주차수":30,
            "난방방식":30,
            "공급면적":"--",
            "전용률":"--",
            "욕실수":100,
            "현관타입":100,
            "주거총점":61.0,
            "지역구공급총점":0.0,
            "역세권":"NA",
            "30분내 이동가능 거점":"NA",
            "1시간내 이동가능 거점":"NA",
            "교통총점":"NA",
            "백화점":0,
            "아울렛몰":0,
            "대형마트":0,
            "은행":0,
            "병원":0,
            "종합병원":100,
            "공원":100,
            "혐오시설":0,
            "인프라총점":23.0,
            "초등학군":89.96,
            "중학군":60.52,
            "학군총점":66.408,
            "인구수":24.72,
            "인구증감":-3.15,
            "인구총점":16.359,
            "일자리":15.0,
            "소득수준":93.27,
            "일자리총점":38.481,
            "가치 총점":47.152,
            "매매실거래년":20220118.0,
            "매매실거래가":38000.0,
            "전세실거래년":20210415.0,
            "전세실거래가":26500.0,
            "전세가율":88.33,
            "장기전세가율평균":70.07,
            "전세가율거품지수":-18.26,
            "검색코드":112193,
            "세대수":520.0,
            "준공년월":"2017-11-01",
            "준공년차":6.0,
            "가까운역이름":"NA",
            "가까운역거리":"NA",
            "역세권여부":"NA",
            "30분이내주요거점역":"NA",
            "30분거점역이름":"NA",
            "1시간이내주요거점역":"NA",
            "1시간거점역이름":"NA",
            "3km이내백화점수":0,
            "5km이내아울렛몰수":0,
            "1km이내대형먀트수":0,
            "500m이내은행수":0,
            "500m이내병원수":0,
            "5km이내대형병원수":2,
            "500m이내공원수":4,
            "3km이내혐오시설수":0,
            "초등학교학업성취도":89.96,
            "중학교학업성취도":97.6,
            "용적률":0,
            "건폐율":0,
            "Y":35.623231,
            "X":129.3592,
            "rank":22.0,
            "area_info":"27평(90.97), 29평(97.12), 33평(111.87)",
            "last_sales":"2022-01-18,38000.0,33평(111.87)",
            "rank_history":[
                [
                    "202203",
                    22
                ],
                [
                    "202202",
                    23
                ],
                [
                    "202201",
                    10
                ]
            ],
            "rank_gap":1
        },
        {
            "index":249,
            "아파트명":"벽산늘푸른",
            "투자타입":"일반",
            "전용면적(m2)":"77.82",
            "전용면적(평)":"23평",
            "법정동주소":"울산시 북구 연암동 415",
            "도로명주소":"울산시 북구 상방로 160",
            "세대수":80,
            "입주년차":0,
            "용적률점수":"--",
            "건폐율점수":"--",
            "세대당주차수":0,
            "난방방식":30,
            "공급면적":"--",
            "전용률":"--",
            "욕실수":50,
            "현관타입":100,
            "주거총점":46.0,
            "지역구공급총점":0.0,
            "역세권":"NA",
            "30분내 이동가능 거점":"NA",
            "1시간내 이동가능 거점":"NA",
            "교통총점":"NA",
            "백화점":0,
            "아울렛몰":0,
            "대형마트":100,
            "은행":0,
            "병원":0,
            "종합병원":100,
            "공원":100,
            "혐오시설":0,
            "인프라총점":38.0,
            "초등학군":90.01,
            "중학군":56.12,
            "학군총점":62.898,
            "인구수":24.72,
            "인구증감":-3.15,
            "인구총점":16.359,
            "일자리":15.0,
            "소득수준":93.27,
            "일자리총점":38.481,
            "가치 총점":47.0245,
            "매매실거래년":20220219.0,
            "매매실거래가":29000.0,
            "전세실거래년":20220108.0,
            "전세실거래가":18300.0,
            "전세가율":83.18,
            "장기전세가율평균":70.07,
            "전세가율거품지수":-13.11,
            "검색코드":14686,
            "세대수":828.0,
            "준공년월":"1994-08-23",
            "준공년차":29.0,
            "가까운역이름":"NA",
            "가까운역거리":"NA",
            "역세권여부":"NA",
            "30분이내주요거점역":"NA",
            "30분거점역이름":"NA",
            "1시간이내주요거점역":"NA",
            "1시간거점역이름":"NA",
            "3km이내백화점수":0,
            "5km이내아울렛몰수":0,
            "1km이내대형먀트수":2,
            "500m이내은행수":1,
            "500m이내병원수":0,
            "5km이내대형병원수":2,
            "500m이내공원수":8,
            "3km이내혐오시설수":0,
            "초등학교학업성취도":90.01,
            "중학교학업성취도":91.8,
            "용적률":109,
            "건폐율":17,
            "Y":35.58389,
            "X":129.36443,
            "rank":23.0,
            "area_info":"23평(77.82), 27평(91.2), 32평(106.91)",
            "last_sales":"2022-02-19,29000.0,32평(106.91)",
            "rank_history":[
                [
                    "202203",
                    23
                ],
                [
                    "202202",
                    24
                ],
                [
                    "202201",
                    47
                ]
            ],
            "rank_gap":1
        },
        {
            "index":28,
            "아파트명":"드림인시티에일린의뜰1차",
            "투자타입":"일반",
            "전용면적(m2)":"96.25",
            "전용면적(평)":"29평",
            "법정동주소":"울산시 북구 매곡동 897",
            "도로명주소":"울산시 북구 호계매곡1로 31",
            "세대수":90,
            "입주년차":80,
            "용적률점수":"--",
            "건폐율점수":"--",
            "세대당주차수":30,
            "난방방식":30,
            "공급면적":"--",
            "전용률":"--",
            "욕실수":100,
            "현관타입":100,
            "주거총점":75.0,
            "지역구공급총점":0.0,
            "역세권":"NA",
            "30분내 이동가능 거점":"NA",
            "1시간내 이동가능 거점":"NA",
            "교통총점":"NA",
            "백화점":0,
            "아울렛몰":0,
            "대형마트":0,
            "은행":0,
            "병원":0,
            "종합병원":80,
            "공원":100,
            "혐오시설":0,
            "인프라총점":19.0,
            "초등학군":90.0,
            "중학군":43.34,
            "학군총점":52.672,
            "인구수":24.72,
            "인구증감":-3.15,
            "인구총점":16.359,
            "일자리":15.0,
            "소득수준":93.27,
            "일자리총점":38.481,
            "가치 총점":47.018,
            "매매실거래년":20220125.0,
            "매매실거래가":47000.0,
            "전세실거래년":20210524.0,
            "전세실거래가":30000.0,
            "전세가율":89.55,
            "장기전세가율평균":70.07,
            "전세가율거품지수":-19.48,
            "검색코드":109229,
            "세대수":1275.0,
            "준공년월":"2017-09-18",
            "준공년차":6.0,
            "가까운역이름":"NA",
            "가까운역거리":"NA",
            "역세권여부":"NA",
            "30분이내주요거점역":"NA",
            "30분거점역이름":"NA",
            "1시간이내주요거점역":"NA",
            "1시간거점역이름":"NA",
            "3km이내백화점수":0,
            "5km이내아울렛몰수":0,
            "1km이내대형먀트수":0,
            "500m이내은행수":0,
            "500m이내병원수":0,
            "5km이내대형병원수":1,
            "500m이내공원수":7,
            "3km이내혐오시설수":0,
            "초등학교학업성취도":90.0,
            "중학교학업성취도":71.9,
            "용적률":248,
            "건폐율":14,
            "Y":35.637032,
            "X":129.365242,
            "rank":24.0,
            "area_info":"29평(96.25), 34평(112.6), 34평(112.6), 34평(112.97), 34평(113.68), 40평(134.1), 40평(134.18)",
            "last_sales":"2022-01-25,47000.0,34평(112.6)",
            "rank_history":[
                [
                    "202203",
                    24
                ],
                [
                    "202202",
                    21
                ],
                [
                    "202201",
                    27
                ]
            ],
            "rank_gap":-3
        },
        {
            "index":54,
            "아파트명":"울산드림인시티에일린의뜰2차",
            "투자타입":"일반",
            "전용면적(m2)":"96.19",
            "전용면적(평)":"29평",
            "법정동주소":"울산시 북구 매곡동 895",
            "도로명주소":"울산시 북구 호계매곡1로 32",
            "세대수":90,
            "입주년차":80,
            "용적률점수":"--",
            "건폐율점수":"--",
            "세대당주차수":30,
            "난방방식":30,
            "공급면적":"--",
            "전용률":"--",
            "욕실수":100,
            "현관타입":100,
            "주거총점":75.0,
            "지역구공급총점":0.0,
            "역세권":"NA",
            "30분내 이동가능 거점":"NA",
            "1시간내 이동가능 거점":"NA",
            "교통총점":"NA",
            "백화점":0,
            "아울렛몰":0,
            "대형마트":0,
            "은행":0,
            "병원":0,
            "종합병원":80,
            "공원":100,
            "혐오시설":0,
            "인프라총점":19.0,
            "초등학군":90.0,
            "중학군":43.34,
            "학군총점":52.672,
            "인구수":24.72,
            "인구증감":-3.15,
            "인구총점":16.359,
            "일자리":15.0,
            "소득수준":93.27,
            "일자리총점":38.481,
            "가치 총점":47.018,
            "매매실거래년":20220219.0,
            "매매실거래가":47000.0,
            "전세실거래년":20220123.0,
            "전세실거래가":14700.0,
            "전세가율":32.45,
            "장기전세가율평균":70.07,
            "전세가율거품지수":37.62,
            "검색코드":109907,
            "세대수":1187.0,
            "준공년월":"2017-12-01",
            "준공년차":6.0,
            "가까운역이름":"NA",
            "가까운역거리":"NA",
            "역세권여부":"NA",
            "30분이내주요거점역":"NA",
            "30분거점역이름":"NA",
            "1시간이내주요거점역":"NA",
            "1시간거점역이름":"NA",
            "3km이내백화점수":0,
            "5km이내아울렛몰수":0,
            "1km이내대형먀트수":0,
            "500m이내은행수":0,
            "500m이내병원수":0,
            "5km이내대형병원수":1,
            "500m이내공원수":5,
            "3km이내혐오시설수":0,
            "초등학교학업성취도":90.0,
            "중학교학업성취도":71.9,
            "용적률":0,
            "건폐율":0,
            "Y":35.637261,
            "X":129.362651,
            "rank":24.0,
            "area_info":"29평(96.19), 34평(112.52), 34평(112.52), 34평(112.9), 34평(112.9), 34평(113.6), 41평(137.95)",
            "last_sales":"2022-02-19,47000.0,34평(113.6)",
            "rank_history":[
                [
                    "202203",
                    24
                ],
                [
                    "202202",
                    21
                ],
                [
                    "202201",
                    27
                ]
            ],
            "rank_gap":-3
        },
        {
            "index":273,
            "아파트명":"U-스타시티일동미라주더스타3단지",
            "투자타입":"일반",
            "전용면적(m2)":"79.2",
            "전용면적(평)":"23평",
            "법정동주소":"울산시 북구 중산동 매곡중산지구10블록1로트외 1필지",
            "도로명주소":"울산시 북구 중산로 45",
            "세대수":50,
            "입주년차":100,
            "용적률점수":"--",
            "건폐율점수":"--",
            "세대당주차수":30,
            "난방방식":30,
            "공급면적":"--",
            "전용률":"--",
            "욕실수":100,
            "현관타입":100,
            "주거총점":65.0,
            "지역구공급총점":0.0,
            "역세권":"NA",
            "30분내 이동가능 거점":"NA",
            "1시간내 이동가능 거점":"NA",
            "교통총점":"NA",
            "백화점":0,
            "아울렛몰":0,
            "대형마트":0,
            "은행":0,
            "병원":0,
            "종합병원":80,
            "공원":100,
            "혐오시설":0,
            "인프라총점":19.0,
            "초등학군":90.0,
            "중학군":59.02,
            "학군총점":65.216,
            "인구수":24.72,
            "인구증감":-3.15,
            "인구총점":16.359,
            "일자리":15.0,
            "소득수준":93.27,
            "일자리총점":38.481,
            "가치 총점":46.654,
            "매매실거래년":20220104.0,
            "매매실거래가":29000.0,
            "전세실거래년":null,
            "전세실거래가":null,
            "전세가율":null,
            "장기전세가율평균":70.07,
            "전세가율거품지수":null,
            "검색코드":115902,
            "세대수":411.0,
            "준공년월":"2019-07-03",
            "준공년차":4.0,
            "가까운역이름":"NA",
            "가까운역거리":"NA",
            "역세권여부":"NA",
            "30분이내주요거점역":"NA",
            "30분거점역이름":"NA",
            "1시간이내주요거점역":"NA",
            "1시간거점역이름":"NA",
            "3km이내백화점수":0,
            "5km이내아울렛몰수":0,
            "1km이내대형먀트수":0,
            "500m이내은행수":0,
            "500m이내병원수":0,
            "5km이내대형병원수":1,
            "500m이내공원수":8,
            "3km이내혐오시설수":0,
            "초등학교학업성취도":90.0,
            "중학교학업성취도":95.1,
            "용적률":249,
            "건폐율":20,
            "Y":35.652985,
            "X":129.353946,
            "rank":25.0,
            "area_info":"23평(79.2), 30평(101.37), 33평(109.71), 33평(110.42), 40평(134.34)",
            "last_sales":"2022-01-04,29000.0,23평(79.2)",
            "rank_history":[
                [
                    "202203",
                    25
                ],
                [
                    "202202",
                    25
                ],
                [
                    "202201",
                    29
                ]
            ],
            "rank_gap":0
        },
        {
            "index":42,
            "아파트명":"매곡푸르지오1단지",
            "투자타입":"일반",
            "전용면적(m2)":"94.23",
            "전용면적(평)":"28평",
            "법정동주소":"울산시 북구 매곡동 842",
            "도로명주소":"울산시 북구 신천로 92",
            "세대수":80,
            "입주년차":40,
            "용적률점수":"--",
            "건폐율점수":"--",
            "세대당주차수":30,
            "난방방식":30,
            "공급면적":"--",
            "전용률":"--",
            "욕실수":100,
            "현관타입":100,
            "주거총점":63.5,
            "지역구공급총점":0.0,
            "역세권":"NA",
            "30분내 이동가능 거점":"NA",
            "1시간내 이동가능 거점":"NA",
            "교통총점":"NA",
            "백화점":0,
            "아울렛몰":0,
            "대형마트":0,
            "은행":0,
            "병원":0,
            "종합병원":80,
            "공원":100,
            "혐오시설":0,
            "인프라총점":19.0,
            "초등학군":89.98,
            "중학군":59.02,
            "학군총점":65.212,
            "인구수":24.72,
            "인구증감":-3.15,
            "인구총점":16.359,
            "일자리":15.0,
            "소득수준":93.27,
            "일자리총점":38.481,
            "가치 총점":46.128,
            "매매실거래년":20220204.0,
            "매매실거래가":33000.0,
            "전세실거래년":20210714.0,
            "전세실거래가":15000.0,
            "전세가율":51.72,
            "장기전세가율평균":70.07,
            "전세가율거품지수":18.35,
            "검색코드":24793,
            "세대수":819.0,
            "준공년월":"2008-01-10",
            "준공년차":15.0,
            "가까운역이름":"NA",
            "가까운역거리":"NA",
            "역세권여부":"NA",
            "30분이내주요거점역":"NA",
            "30분거점역이름":"NA",
            "1시간이내주요거점역":"NA",
            "1시간거점역이름":"NA",
            "3km이내백화점수":0,
            "5km이내아울렛몰수":0,
            "1km이내대형먀트수":0,
            "500m이내은행수":0,
            "500m이내병원수":0,
            "5km이내대형병원수":1,
            "500m이내공원수":7,
            "3km이내혐오시설수":0,
            "초등학교학업성취도":89.98,
            "중학교학업성취도":95.1,
            "용적률":249,
            "건폐율":21,
            "Y":35.644189,
            "X":129.353284,
            "rank":26.0,
            "area_info":"28평(94.23), 33평(109.71), 33평(110.86), 40평(133.0)",
            "last_sales":"2022-02-04,33000.0,33평(110.86)",
            "rank_history":[
                [
                    "202203",
                    26
                ],
                [
                    "202202",
                    27
                ],
                [
                    "202201",
                    23
                ]
            ],
            "rank_gap":1
        },
        {
            "index":410,
            "아파트명":"지웰푸르지오",
            "투자타입":"일반",
            "전용면적(m2)":"110.16",
            "전용면적(평)":"33평",
            "법정동주소":"울산시 북구 화봉동 1491-3",
            "도로명주소":"울산시 북구 박상진4로 72",
            "세대수":50,
            "입주년차":100,
            "용적률점수":"--",
            "건폐율점수":"--",
            "세대당주차수":30,
            "난방방식":30,
            "공급면적":"--",
            "전용률":"--",
            "욕실수":100,
            "현관타입":100,
            "주거총점":65.0,
            "지역구공급총점":0.0,
            "역세권":"NA",
            "30분내 이동가능 거점":"NA",
            "1시간내 이동가능 거점":"NA",
            "교통총점":"NA",
            "백화점":0,
            "아울렛몰":0,
            "대형마트":0,
            "은행":0,
            "병원":0,
            "종합병원":100,
            "공원":100,
            "혐오시설":0,
            "인프라총점":23.0,
            "초등학군":90.02,
            "중학군":47.28,
            "학군총점":55.828,
            "인구수":24.72,
            "인구증감":-3.15,
            "인구총점":16.359,
            "일자리":15.0,
            "소득수준":93.27,
            "일자리총점":38.481,
            "가치 총점":45.907,
            "매매실거래년":20211227.0,
            "매매실거래가":63500.0,
            "전세실거래년":20220118.0,
            "전세실거래가":40000.0,
            "전세가율":63.59,
            "장기전세가율평균":70.07,
            "전세가율거품지수":6.48,
            "검색코드":117629,
            "세대수":420.0,
            "준공년월":"2019-09-01",
            "준공년차":4.0,
            "가까운역이름":"NA",
            "가까운역거리":"NA",
            "역세권여부":"NA",
            "30분이내주요거점역":"NA",
            "30분거점역이름":"NA",
            "1시간이내주요거점역":"NA",
            "1시간거점역이름":"NA",
            "3km이내백화점수":0,
            "5km이내아울렛몰수":0,
            "1km이내대형먀트수":0,
            "500m이내은행수":0,
            "500m이내병원수":0,
            "5km이내대형병원수":3,
            "500m이내공원수":4,
            "3km이내혐오시설수":0,
            "초등학교학업성취도":90.02,
            "중학교학업성취도":78.0,
            "용적률":170,
            "건폐율":0,
            "Y":35.59997,
            "X":129.369911,
            "rank":27.0,
            "area_info":"33평(110.16), 33평(110.04)",
            "last_sales":"2021-12-27,63500.0,33평(110.04)",
            "rank_history":[
                [
                    "202203",
                    27
                ],
                [
                    "202202",
                    31
                ],
                [
                    "202201",
                    30
                ]
            ],
            "rank_gap":4
        },
        {
            "index":404,
            "아파트명":"울산송정금강펜테리움그린테라스1차",
            "투자타입":"일반",
            "전용면적(m2)":"109.88",
            "전용면적(평)":"33평",
            "법정동주소":"울산시 북구 화봉동 1485-2",
            "도로명주소":"울산시 북구 화산로 75",
            "세대수":50,
            "입주년차":100,
            "용적률점수":"--",
            "건폐율점수":"--",
            "세대당주차수":30,
            "난방방식":30,
            "공급면적":"--",
            "전용률":"--",
            "욕실수":100,
            "현관타입":100,
            "주거총점":65.0,
            "지역구공급총점":0.0,
            "역세권":"NA",
            "30분내 이동가능 거점":"NA",
            "1시간내 이동가능 거점":"NA",
            "교통총점":"NA",
            "백화점":0,
            "아울렛몰":0,
            "대형마트":0,
            "은행":0,
            "병원":0,
            "종합병원":100,
            "공원":100,
            "혐오시설":0,
            "인프라총점":23.0,
            "초등학군":90.01,
            "중학군":47.28,
            "학군총점":55.826,
            "인구수":24.72,
            "인구증감":-3.15,
            "인구총점":16.359,
            "일자리":15.0,
            "소득수준":93.27,
            "일자리총점":38.481,
            "가치 총점":45.9065,
            "매매실거래년":20220203.0,
            "매매실거래가":59950.0,
            "전세실거래년":20211210.0,
            "전세실거래가":42900.0,
            "전세가율":71.62,
            "장기전세가율평균":70.07,
            "전세가율거품지수":-1.55,
            "검색코드":116005,
            "세대수":544.0,
            "준공년월":"2019-05-31",
            "준공년차":4.0,
            "가까운역이름":"NA",
            "가까운역거리":"NA",
            "역세권여부":"NA",
            "30분이내주요거점역":"NA",
            "30분거점역이름":"NA",
            "1시간이내주요거점역":"NA",
            "1시간거점역이름":"NA",
            "3km이내백화점수":0,
            "5km이내아울렛몰수":0,
            "1km이내대형먀트수":0,
            "500m이내은행수":1,
            "500m이내병원수":0,
            "5km이내대형병원수":3,
            "500m이내공원수":9,
            "3km이내혐오시설수":0,
            "초등학교학업성취도":90.01,
            "중학교학업성취도":78.0,
            "용적률":177,
            "건폐율":17,
            "Y":35.598151,
            "X":129.365306,
            "rank":28.0,
            "area_info":"33평(109.88), 33평(110.81), 33평(110.58)",
            "last_sales":"2022-02-03,59950.0,33평(110.58)",
            "rank_history":[
                [
                    "202203",
                    28
                ],
                [
                    "202202",
                    26
                ],
                [
                    "202201",
                    9
                ]
            ],
            "rank_gap":-2
        },
        {
            "index":407,
            "아파트명":"울산송정한라비발디캠퍼스",
            "투자타입":"일반",
            "전용면적(m2)":"109.3",
            "전용면적(평)":"33평",
            "법정동주소":"울산시 북구 화봉동 1492-2",
            "도로명주소":"울산시 북구 박상진2로 121",
            "세대수":50,
            "입주년차":100,
            "용적률점수":"--",
            "건폐율점수":"--",
            "세대당주차수":30,
            "난방방식":30,
            "공급면적":"--",
            "전용률":"--",
            "욕실수":100,
            "현관타입":100,
            "주거총점":65.0,
            "지역구공급총점":0.0,
            "역세권":"NA",
            "30분내 이동가능 거점":"NA",
            "1시간내 이동가능 거점":"NA",
            "교통총점":"NA",
            "백화점":0,
            "아울렛몰":0,
            "대형마트":0,
            "은행":0,
            "병원":0,
            "종합병원":100,
            "공원":100,
            "혐오시설":0,
            "인프라총점":23.0,
            "초등학군":90.01,
            "중학군":47.28,
            "학군총점":55.826,
            "인구수":24.72,
            "인구증감":-3.15,
            "인구총점":16.359,
            "일자리":15.0,
            "소득수준":93.27,
            "일자리총점":38.481,
            "가치 총점":45.9065,
            "매매실거래년":20211110.0,
            "매매실거래가":67700.0,
            "전세실거래년":20211214.0,
            "전세실거래가":45000.0,
            "전세가율":66.47,
            "장기전세가율평균":70.07,
            "전세가율거품지수":3.6,
            "검색코드":115847,
            "세대수":676.0,
            "준공년월":"2019-02-01",
            "준공년차":4.0,
            "가까운역이름":"NA",
            "가까운역거리":"NA",
            "역세권여부":"NA",
            "30분이내주요거점역":"NA",
            "30분거점역이름":"NA",
            "1시간이내주요거점역":"NA",
            "1시간거점역이름":"NA",
            "3km이내백화점수":0,
            "5km이내아울렛몰수":0,
            "1km이내대형먀트수":0,
            "500m이내은행수":1,
            "500m이내병원수":0,
            "5km이내대형병원수":3,
            "500m이내공원수":8,
            "3km이내혐오시설수":0,
            "초등학교학업성취도":90.01,
            "중학교학업성취도":78.0,
            "용적률":170,
            "건폐율":0,
            "Y":35.598312,
            "X":129.36872,
            "rank":28.0,
            "area_info":"33평(109.3), 33평(109.67), 33평(109.75)",
            "last_sales":"2021-11-10,67700.0,33평(109.3)",
            "rank_history":[
                [
                    "202203",
                    28
                ],
                [
                    "202202",
                    26
                ],
                [
                    "202201",
                    9
                ]
            ],
            "rank_gap":-2
        },
        {
            "index":159,
            "아파트명":"울산송정한양수자인",
            "투자타입":"일반",
            "전용면적(m2)":"110.01",
            "전용면적(평)":"33평",
            "법정동주소":"울산시 북구 송정동 1207-3",
            "도로명주소":"울산시 북구 박상진3로 25",
            "세대수":50,
            "입주년차":100,
            "용적률점수":"--",
            "건폐율점수":"--",
            "세대당주차수":30,
            "난방방식":30,
            "공급면적":"--",
            "전용률":"--",
            "욕실수":100,
            "현관타입":100,
            "주거총점":65.0,
            "지역구공급총점":0.0,
            "역세권":"NA",
            "30분내 이동가능 거점":"NA",
            "1시간내 이동가능 거점":"NA",
            "교통총점":"NA",
            "백화점":0,
            "아울렛몰":0,
            "대형마트":0,
            "은행":0,
            "병원":0,
            "종합병원":100,
            "공원":80,
            "혐오시설":0,
            "인프라총점":22.4,
            "초등학군":90.02,
            "중학군":47.28,
            "학군총점":55.828,
            "인구수":24.72,
            "인구증감":-3.15,
            "인구총점":16.359,
            "일자리":15.0,
            "소득수준":93.27,
            "일자리총점":38.481,
            "가치 총점":45.667,
            "매매실거래년":20211226.0,
            "매매실거래가":63000.0,
            "전세실거래년":20220224.0,
            "전세실거래가":37000.0,
            "전세가율":58.73,
            "장기전세가율평균":70.07,
            "전세가율거품지수":11.34,
            "검색코드":115700,
            "세대수":468.0,
            "준공년월":"2019-01-25",
            "준공년차":4.0,
            "가까운역이름":"NA",
            "가까운역거리":"NA",
            "역세권여부":"NA",
            "30분이내주요거점역":"NA",
            "30분거점역이름":"NA",
            "1시간이내주요거점역":"NA",
            "1시간거점역이름":"NA",
            "3km이내백화점수":0,
            "5km이내아울렛몰수":0,
            "1km이내대형먀트수":0,
            "500m이내은행수":0,
            "500m이내병원수":0,
            "5km이내대형병원수":3,
            "500m이내공원수":1,
            "3km이내혐오시설수":0,
            "초등학교학업성취도":90.02,
            "중학교학업성취도":78.0,
            "용적률":179,
            "건폐율":13,
            "Y":35.604116,
            "X":129.364276,
            "rank":29.0,
            "area_info":"33평(110.01), 33평(110.63)",
            "last_sales":"2021-12-26,63000.0,33평(110.01)",
            "rank_history":[
                [
                    "202203",
                    29
                ],
                [
                    "202202",
                    31
                ],
                [
                    "202201",
                    30
                ]
            ],
            "rank_gap":2
        },
        {
            "index":425,
            "아파트명":"효성,삼환",
            "투자타입":"일반",
            "전용면적(m2)":"76.77",
            "전용면적(평)":"23평",
            "법정동주소":"울산시 북구 화봉동 639-1",
            "도로명주소":"울산시 북구 통샘10길 9",
            "세대수":80,
            "입주년차":0,
            "용적률점수":"--",
            "건폐율점수":"--",
            "세대당주차수":30,
            "난방방식":30,
            "공급면적":"--",
            "전용률":"--",
            "욕실수":50,
            "현관타입":100,
            "주거총점":50.5,
            "지역구공급총점":0.0,
            "역세권":"NA",
            "30분내 이동가능 거점":"NA",
            "1시간내 이동가능 거점":"NA",
            "교통총점":"NA",
            "백화점":0,
            "아울렛몰":0,
            "대형마트":80,
            "은행":0,
            "병원":0,
            "종합병원":100,
            "공원":100,
            "혐오시설":0,
            "인프라총점":35.0,
            "초등학군":89.99,
            "중학군":47.28,
            "학군총점":55.822,
            "인구수":24.72,
            "인구증감":-3.15,
            "인구총점":16.359,
            "일자리":15.0,
            "소득수준":93.27,
            "일자리총점":38.481,
            "가치 총점":45.6305,
            "매매실거래년":20220216.0,
            "매매실거래가":18400.0,
            "전세실거래년":20211228.0,
            "전세실거래가":16500.0,
            "전세가율":89.67,
            "장기전세가율평균":70.07,
            "전세가율거품지수":-19.6,
            "검색코드":11572,
            "세대수":776.0,
            "준공년월":"1996-08-10",
            "준공년차":27.0,
            "가까운역이름":"NA",
            "가까운역거리":"NA",
            "역세권여부":"NA",
            "30분이내주요거점역":"NA",
            "30분거점역이름":"NA",
            "1시간이내주요거점역":"NA",
            "1시간거점역이름":"NA",
            "3km이내백화점수":0,
            "5km이내아울렛몰수":0,
            "1km이내대형먀트수":1,
            "500m이내은행수":0,
            "500m이내병원수":0,
            "5km이내대형병원수":3,
            "500m이내공원수":10,
            "3km이내혐오시설수":0,
            "초등학교학업성취도":89.99,
            "중학교학업성취도":78.0,
            "용적률":194,
            "건폐율":21,
            "Y":35.592309,
            "X":129.359108,
            "rank":30.0,
            "area_info":"23평(76.77), 27평(90.55), 31평(104.68)",
            "last_sales":"2022-02-16,18400.0,23평(76.77)",
            "rank_history":[
                [
                    "202203",
                    30
                ],
                [
                    "202202",
                    28
                ],
                [
                    "202201",
                    33
                ]
            ],
            "rank_gap":-2
        },
        {
            "index":302,
            "아파트명":"유-스타시티일동미라주더스타1단지",
            "투자타입":"일반",
            "전용면적(m2)":"84.63",
            "전용면적(평)":"25평",
            "법정동주소":"울산시 북구 중산동 1318",
            "도로명주소":"울산시 북구 중산로 48",
            "세대수":50,
            "입주년차":80,
            "용적률점수":"--",
            "건폐율점수":"--",
            "세대당주차수":30,
            "난방방식":30,
            "공급면적":"--",
            "전용률":"--",
            "욕실수":100,
            "현관타입":100,
            "주거총점":61.0,
            "지역구공급총점":0.0,
            "역세권":"NA",
            "30분내 이동가능 거점":"NA",
            "1시간내 이동가능 거점":"NA",
            "교통총점":"NA",
            "백화점":0,
            "아울렛몰":0,
            "대형마트":0,
            "은행":0,
            "병원":0,
            "종합병원":80,
            "공원":100,
            "혐오시설":0,
            "인프라총점":19.0,
            "초등학군":90.0,
            "중학군":59.02,
            "학군총점":65.216,
            "인구수":24.72,
            "인구증감":-3.15,
            "인구총점":16.359,
            "일자리":15.0,
            "소득수준":93.27,
            "일자리총점":38.481,
            "가치 총점":45.254,
            "매매실거래년":20220112.0,
            "매매실거래가":41000.0,
            "전세실거래년":20210424.0,
            "전세실거래가":23000.0,
            "전세가율":73.72,
            "장기전세가율평균":70.07,
            "전세가율거품지수":-3.65,
            "검색코드":112495,
            "세대수":605.0,
            "준공년월":"2018-12-01",
            "준공년차":5.0,
            "가까운역이름":"NA",
            "가까운역거리":"NA",
            "역세권여부":"NA",
            "30분이내주요거점역":"NA",
            "30분거점역이름":"NA",
            "1시간이내주요거점역":"NA",
            "1시간거점역이름":"NA",
            "3km이내백화점수":0,
            "5km이내아울렛몰수":0,
            "1km이내대형먀트수":0,
            "500m이내은행수":0,
            "500m이내병원수":0,
            "5km이내대형병원수":1,
            "500m이내공원수":8,
            "3km이내혐오시설수":0,
            "초등학교학업성취도":90.0,
            "중학교학업성취도":95.1,
            "용적률":0,
            "건폐율":0,
            "Y":35.651945,
            "X":129.352895,
            "rank":31.0,
            "area_info":"25평(84.63), 29평(99.08), 34평(112.72)",
            "last_sales":"2022-01-12,41000.0,34평(112.72)",
            "rank_history":[
                [
                    "202203",
                    31
                ],
                [
                    "202202",
                    29
                ],
                [
                    "202201",
                    35
                ]
            ],
            "rank_gap":-2
        },
        {
            "index":364,
            "아파트명":"쌍용아진그린타운4차",
            "투자타입":"일반",
            "전용면적(m2)":"79.48",
            "전용면적(평)":"24평",
            "법정동주소":"울산시 북구 천곡동 410-1",
            "도로명주소":"울산시 북구 천곡남로 38",
            "세대수":90,
            "입주년차":0,
            "용적률점수":"--",
            "건폐율점수":"--",
            "세대당주차수":30,
            "난방방식":30,
            "공급면적":"--",
            "전용률":"--",
            "욕실수":50,
            "현관타입":100,
            "주거총점":54.0,
            "지역구공급총점":0.0,
            "역세권":"NA",
            "30분내 이동가능 거점":"NA",
            "1시간내 이동가능 거점":"NA",
            "교통총점":"NA",
            "백화점":0,
            "아울렛몰":0,
            "대형마트":80,
            "은행":0,
            "병원":0,
            "종합병원":80,
            "공원":0,
            "혐오시설":0,
            "인프라총점":28.0,
            "초등학군":89.99,
            "중학군":51.7,
            "학군총점":59.358,
            "인구수":24.72,
            "인구증감":-3.15,
            "인구총점":16.359,
            "일자리":15.0,
            "소득수준":93.27,
            "일자리총점":38.481,
            "가치 총점":44.9395,
            "매매실거래년":20220224.0,
            "매매실거래가":20800.0,
            "전세실거래년":20220214.0,
            "전세실거래가":14500.0,
            "전세가율":79.45,
            "장기전세가율평균":70.07,
            "전세가율거품지수":-9.38,
            "검색코드":6578,
            "세대수":1114.0,
            "준공년월":"1998-11-05",
            "준공년차":25.0,
            "가까운역이름":"NA",
            "가까운역거리":"NA",
            "역세권여부":"NA",
            "30분이내주요거점역":"NA",
            "30분거점역이름":"NA",
            "1시간이내주요거점역":"NA",
            "1시간거점역이름":"NA",
            "3km이내백화점수":0,
            "5km이내아울렛몰수":0,
            "1km이내대형먀트수":1,
            "500m이내은행수":0,
            "500m이내병원수":0,
            "5km이내대형병원수":1,
            "500m이내공원수":0,
            "3km이내혐오시설수":0,
            "초등학교학업성취도":89.99,
            "중학교학업성취도":83.9,
            "용적률":219,
            "건폐율":21,
            "Y":35.632165,
            "X":129.337239,
            "rank":32.0,
            "area_info":"24평(79.48), 24평(79.45), 28평(94.85), 32평(106.93), 39평(129.65), 48평(161.51), 81평(268.1)",
            "last_sales":"2022-02-24,20800.0,32평(106.93)",
            "rank_history":[
                [
                    "202203",
                    32
                ],
                [
                    "202202",
                    30
                ],
                [
                    "202201",
                    31
                ]
            ],
            "rank_gap":-2
        },
        {
            "index":259,
            "아파트명":"염포성원상떼빌",
            "투자타입":"일반",
            "전용면적(m2)":"66.51",
            "전용면적(평)":"20평",
            "법정동주소":"울산시 북구 염포동 326",
            "도로명주소":"울산시 북구 염포로 685",
            "세대수":100,
            "입주년차":40,
            "용적률점수":"--",
            "건폐율점수":"--",
            "세대당주차수":30,
            "난방방식":30,
            "공급면적":"--",
            "전용률":"--",
            "욕실수":50,
            "현관타입":100,
            "주거총점":65.5,
            "지역구공급총점":0.0,
            "역세권":"NA",
            "30분내 이동가능 거점":"NA",
            "1시간내 이동가능 거점":"NA",
            "교통총점":"NA",
            "백화점":0,
            "아울렛몰":0,
            "대형마트":0,
            "은행":0,
            "병원":0,
            "종합병원":80,
            "공원":0,
            "혐오시설":0,
            "인프라총점":16.0,
            "초등학군":89.98,
            "중학군":54.7,
            "학군총점":61.756,
            "인구수":24.72,
            "인구증감":-3.15,
            "인구총점":16.359,
            "일자리":15.0,
            "소득수준":93.27,
            "일자리총점":38.481,
            "가치 총점":44.764,
            "매매실거래년":20220208.0,
            "매매실거래가":24300.0,
            "전세실거래년":20190728.0,
            "전세실거래가":12000.0,
            "전세가율":80.0,
            "장기전세가율평균":70.07,
            "전세가율거품지수":-9.93,
            "검색코드":19440,
            "세대수":1799.0,
            "준공년월":"2004-10-30",
            "준공년차":19.0,
            "가까운역이름":"NA",
            "가까운역거리":"NA",
            "역세권여부":"NA",
            "30분이내주요거점역":"NA",
            "30분거점역이름":"NA",
            "1시간이내주요거점역":"NA",
            "1시간거점역이름":"NA",
            "3km이내백화점수":0,
            "5km이내아울렛몰수":0,
            "1km이내대형먀트수":0,
            "500m이내은행수":0,
            "500m이내병원수":0,
            "5km이내대형병원수":1,
            "500m이내공원수":0,
            "3km이내혐오시설수":0,
            "초등학교학업성취도":89.98,
            "중학교학업성취도":89.1,
            "용적률":351,
            "건폐율":19,
            "Y":35.531631,
            "X":129.394061,
            "rank":33.0,
            "area_info":"20평(66.51), 23평(77.02), 28평(95.14), 31평(104.07), 41평(137.76)",
            "last_sales":"2022-02-08,24300.0,31평(104.07)",
            "rank_history":[
                [
                    "202203",
                    33
                ],
                [
                    "202202",
                    32
                ],
                [
                    "202201",
                    37
                ]
            ],
            "rank_gap":-1
        },
        {
            "index":397,
            "아파트명":"호계한양수자인",
            "투자타입":"일반",
            "전용면적(m2)":"96.64",
            "전용면적(평)":"29평",
            "법정동주소":"울산시 북구 호계동 호수지구토지구획정리지구2블럭1롯트외 4필지",
            "도로명주소":"울산시 북구 호수중앙로 46",
            "세대수":30,
            "입주년차":80,
            "용적률점수":"--",
            "건폐율점수":"--",
            "세대당주차수":30,
            "난방방식":30,
            "공급면적":"--",
            "전용률":"--",
            "욕실수":100,
            "현관타입":100,
            "주거총점":54.0,
            "지역구공급총점":0.0,
            "역세권":"NA",
            "30분내 이동가능 거점":"NA",
            "1시간내 이동가능 거점":"NA",
            "교통총점":"NA",
            "백화점":0,
            "아울렛몰":0,
            "대형마트":0,
            "은행":0,
            "병원":0,
            "종합병원":100,
            "공원":100,
            "혐오시설":0,
            "인프라총점":23.0,
            "초등학군":89.96,
            "중학군":60.52,
            "학군총점":66.408,
            "인구수":24.72,
            "인구증감":-3.15,
            "인구총점":16.359,
            "일자리":15.0,
            "소득수준":93.27,
            "일자리총점":38.481,
            "가치 총점":44.702,
            "매매실거래년":20220114.0,
            "매매실거래가":36700.0,
            "전세실거래년":20210802.0,
            "전세실거래가":28000.0,
            "전세가율":87.5,
            "장기전세가율평균":70.07,
            "전세가율거품지수":-17.43,
            "검색코드":109459,
            "세대수":336.0,
            "준공년월":"2016-09-01",
            "준공년차":7.0,
            "가까운역이름":"NA",
            "가까운역거리":"NA",
            "역세권여부":"NA",
            "30분이내주요거점역":"NA",
            "30분거점역이름":"NA",
            "1시간이내주요거점역":"NA",
            "1시간거점역이름":"NA",
            "3km이내백화점수":0,
            "5km이내아울렛몰수":0,
            "1km이내대형먀트수":0,
            "500m이내은행수":0,
            "500m이내병원수":0,
            "5km이내대형병원수":2,
            "500m이내공원수":4,
            "3km이내혐오시설수":0,
            "초등학교학업성취도":89.96,
            "중학교학업성취도":97.6,
            "용적률":0,
            "건폐율":0,
            "Y":35.622751,
            "X":129.361014,
            "rank":34.0,
            "area_info":"29평(96.64), 34평(112.58)",
            "last_sales":"2022-01-14,36700.0,34평(112.58)",
            "rank_history":[
                [
                    "202203",
                    34
                ],
                [
                    "202202",
                    33
                ],
                [
                    "202201",
                    17
                ]
            ],
            "rank_gap":-1
        },
        {
            "index":161,
            "아파트명":"울산송정호반베르디움",
            "투자타입":"일반",
            "전용면적(m2)":"101.61",
            "전용면적(평)":"30평",
            "법정동주소":"울산시 북구 송정동 1207-2",
            "도로명주소":"울산시 북구 박상진3로 5",
            "세대수":50,
            "입주년차":80,
            "용적률점수":"--",
            "건폐율점수":"--",
            "세대당주차수":30,
            "난방방식":30,
            "공급면적":"--",
            "전용률":"--",
            "욕실수":100,
            "현관타입":100,
            "주거총점":61.0,
            "지역구공급총점":0.0,
            "역세권":"NA",
            "30분내 이동가능 거점":"NA",
            "1시간내 이동가능 거점":"NA",
            "교통총점":"NA",
            "백화점":0,
            "아울렛몰":0,
            "대형마트":0,
            "은행":0,
            "병원":0,
            "종합병원":100,
            "공원":80,
            "혐오시설":0,
            "인프라총점":22.4,
            "초등학군":90.02,
            "중학군":47.28,
            "학군총점":55.828,
            "인구수":24.72,
            "인구증감":-3.15,
            "인구총점":16.359,
            "일자리":15.0,
            "소득수준":93.27,
            "일자리총점":38.481,
            "가치 총점":44.267,
            "매매실거래년":20210506.0,
            "매매실거래가":62000.0,
            "전세실거래년":20211127.0,
            "전세실거래가":37500.0,
            "전세가율":75.3,
            "장기전세가율평균":70.07,
            "전세가율거품지수":-5.23,
            "검색코드":115674,
            "세대수":498.0,
            "준공년월":"2018-12-01",
            "준공년차":5.0,
            "가까운역이름":"NA",
            "가까운역거리":"NA",
            "역세권여부":"NA",
            "30분이내주요거점역":"NA",
            "30분거점역이름":"NA",
            "1시간이내주요거점역":"NA",
            "1시간거점역이름":"NA",
            "3km이내백화점수":0,
            "5km이내아울렛몰수":0,
            "1km이내대형먀트수":0,
            "500m이내은행수":0,
            "500m이내병원수":0,
            "5km이내대형병원수":3,
            "500m이내공원수":1,
            "3km이내혐오시설수":0,
            "초등학교학업성취도":90.02,
            "중학교학업성취도":78.0,
            "용적률":170,
            "건폐율":0,
            "Y":35.603125,
            "X":129.361972,
            "rank":35.0,
            "area_info":"30평(101.61), 34평(113.36), 34평(113.77), 34평(113.66)",
            "last_sales":"2021-05-06,62000.0,34평(113.66)",
            "rank_history":[
                [
                    "202203",
                    35
                ],
                [
                    "202202",
                    35
                ],
                [
                    "202201",
                    36
                ]
            ],
            "rank_gap":0
        },
        {
            "index":380,
            "아파트명":"천곡벽산블루밍",
            "투자타입":"일반",
            "전용면적(m2)":"116.14",
            "전용면적(평)":"35평",
            "법정동주소":"울산시 북구 천곡동 1136",
            "도로명주소":"울산시 북구 천곡길 137",
            "세대수":50,
            "입주년차":60,
            "용적률점수":"--",
            "건폐율점수":"--",
            "세대당주차수":60,
            "난방방식":30,
            "공급면적":"--",
            "전용률":"--",
            "욕실수":100,
            "현관타입":100,
            "주거총점":61.5,
            "지역구공급총점":0.0,
            "역세권":"NA",
            "30분내 이동가능 거점":"NA",
            "1시간내 이동가능 거점":"NA",
            "교통총점":"NA",
            "백화점":0,
            "아울렛몰":0,
            "대형마트":0,
            "은행":0,
            "병원":0,
            "종합병원":80,
            "공원":100,
            "혐오시설":0,
            "인프라총점":19.0,
            "초등학군":90.0,
            "중학군":52.32,
            "학군총점":59.856,
            "인구수":24.72,
            "인구증감":-3.15,
            "인구총점":16.359,
            "일자리":15.0,
            "소득수준":93.27,
            "일자리총점":38.481,
            "가치 총점":44.089,
            "매매실거래년":20211223.0,
            "매매실거래가":34000.0,
            "전세실거래년":20211225.0,
            "전세실거래가":29000.0,
            "전세가율":85.29,
            "장기전세가율평균":70.07,
            "전세가율거품지수":-15.22,
            "검색코드":101659,
            "세대수":574.0,
            "준공년월":"2010-03-30",
            "준공년차":13.0,
            "가까운역이름":"NA",
            "가까운역거리":"NA",
            "역세권여부":"NA",
            "30분이내주요거점역":"NA",
            "30분거점역이름":"NA",
            "1시간이내주요거점역":"NA",
            "1시간거점역이름":"NA",
            "3km이내백화점수":0,
            "5km이내아울렛몰수":0,
            "1km이내대형먀트수":0,
            "500m이내은행수":0,
            "500m이내병원수":0,
            "5km이내대형병원수":1,
            "500m이내공원수":2,
            "3km이내혐오시설수":0,
            "초등학교학업성취도":90.0,
            "중학교학업성취도":85.2,
            "용적률":244,
            "건폐율":14,
            "Y":35.638179,
            "X":129.329732,
            "rank":36.0,
            "area_info":"35평(116.14), 35평(117.22), 47평(156.15), 47평(157.06), 50평(167.57)",
            "last_sales":"2021-12-23,34000.0,35평(116.14)",
            "rank_history":[
                [
                    "202203",
                    36
                ],
                [
                    "202202",
                    34
                ],
                [
                    "202201",
                    39
                ]
            ],
            "rank_gap":-2
        },
        {
            "index":141,
            "아파트명":"쌍용아진그린타운2차",
            "투자타입":"일반",
            "전용면적(m2)":"78.43",
            "전용면적(평)":"23평",
            "법정동주소":"울산시 북구 상안동 381-1",
            "도로명주소":"울산시 북구 아진로 75",
            "세대수":90,
            "입주년차":0,
            "용적률점수":"--",
            "건폐율점수":"--",
            "세대당주차수":0,
            "난방방식":30,
            "공급면적":"--",
            "전용률":"--",
            "욕실수":50,
            "현관타입":100,
            "주거총점":49.5,
            "지역구공급총점":0.0,
            "역세권":"NA",
            "30분내 이동가능 거점":"NA",
            "1시간내 이동가능 거점":"NA",
            "교통총점":"NA",
            "백화점":0,
            "아울렛몰":0,
            "대형마트":80,
            "은행":0,
            "병원":0,
            "종합병원":80,
            "공원":0,
            "혐오시설":0,
            "인프라총점":28.0,
            "초등학군":89.99,
            "중학군":51.7,
            "학군총점":59.358,
            "인구수":24.72,
            "인구증감":-3.15,
            "인구총점":16.359,
            "일자리":15.0,
            "소득수준":93.27,
            "일자리총점":38.481,
            "가치 총점":43.3645,
            "매매실거래년":20220103.0,
            "매매실거래가":22500.0,
            "전세실거래년":20220214.0,
            "전세실거래가":15000.0,
            "전세가율":90.91,
            "장기전세가율평균":70.07,
            "전세가율거품지수":-20.84,
            "검색코드":6565,
            "세대수":912.0,
            "준공년월":"1996-08-08",
            "준공년차":27.0,
            "가까운역이름":"NA",
            "가까운역거리":"NA",
            "역세권여부":"NA",
            "30분이내주요거점역":"NA",
            "30분거점역이름":"NA",
            "1시간이내주요거점역":"NA",
            "1시간거점역이름":"NA",
            "3km이내백화점수":0,
            "5km이내아울렛몰수":0,
            "1km이내대형먀트수":1,
            "500m이내은행수":1,
            "500m이내병원수":0,
            "5km이내대형병원수":1,
            "500m이내공원수":0,
            "3km이내혐오시설수":0,
            "초등학교학업성취도":89.99,
            "중학교학업성취도":83.9,
            "용적률":180,
            "건폐율":21,
            "Y":35.630461,
            "X":129.338877,
            "rank":37.0,
            "area_info":"23평(78.43), 23평(78.43), 28평(94.52), 32평(107.19), 48평(158.7), 65평(218.1)",
            "last_sales":"2022-01-03,22500.0,32평(107.19)",
            "rank_history":[
                [
                    "202203",
                    37
                ],
                [
                    "202202",
                    36
                ],
                [
                    "202201",
                    34
                ]
            ],
            "rank_gap":-1
        },
        {
            "index":130,
            "아파트명":"울산블루마시티푸르지오2차",
            "투자타입":"일반",
            "전용면적(m2)":"83.08",
            "전용면적(평)":"25평",
            "법정동주소":"울산시 북구 산하동 1033-1",
            "도로명주소":"울산시 북구 강동산하2로 43",
            "세대수":90,
            "입주년차":80,
            "용적률점수":"--",
            "건폐율점수":"--",
            "세대당주차수":30,
            "난방방식":30,
            "공급면적":"--",
            "전용률":"--",
            "욕실수":100,
            "현관타입":100,
            "주거총점":75.0,
            "지역구공급총점":0.0,
            "역세권":"NA",
            "30분내 이동가능 거점":"NA",
            "1시간내 이동가능 거점":"NA",
            "교통총점":"NA",
            "백화점":0,
            "아울렛몰":0,
            "대형마트":0,
            "은행":0,
            "병원":0,
            "종합병원":0,
            "공원":100,
            "혐오시설":0,
            "인프라총점":3.0,
            "초등학군":90.02,
            "중학군":54.16,
            "학군총점":61.332,
            "인구수":24.72,
            "인구증감":-3.15,
            "인구총점":16.359,
            "일자리":15.0,
            "소득수준":93.27,
            "일자리총점":38.481,
            "가치 총점":42.783,
            "매매실거래년":20220209.0,
            "매매실거래가":25800.0,
            "전세실거래년":20211222.0,
            "전세실거래가":20000.0,
            "전세가율":77.52,
            "장기전세가율평균":70.07,
            "전세가율거품지수":-7.45,
            "검색코드":106115,
            "세대수":1270.0,
            "준공년월":"2015-04-24",
            "준공년차":8.0,
            "가까운역이름":"NA",
            "가까운역거리":"NA",
            "역세권여부":"NA",
            "30분이내주요거점역":"NA",
            "30분거점역이름":"NA",
            "1시간이내주요거점역":"NA",
            "1시간거점역이름":"NA",
            "3km이내백화점수":0,
            "5km이내아울렛몰수":0,
            "1km이내대형먀트수":0,
            "500m이내은행수":0,
            "500m이내병원수":0,
            "5km이내대형병원수":0,
            "500m이내공원수":3,
            "3km이내혐오시설수":0,
            "초등학교학업성취도":90.02,
            "중학교학업성취도":85.8,
            "용적률":215,
            "건폐율":13,
            "Y":35.624436,
            "X":129.437077,
            "rank":38.0,
            "area_info":"25평(83.08), 33평(112.15), 34평(112.52), 34평(113.93), 34평(114.0)",
            "last_sales":"2022-02-09,25800.0,25평(83.08)",
            "rank_history":[
                [
                    "202203",
                    38
                ],
                [
                    "202202",
                    43
                ],
                [
                    "202201",
                    52
                ]
            ],
            "rank_gap":5
        },
        {
            "index":177,
            "아파트명":"문화청솔",
            "투자타입":"일반",
            "전용면적(m2)":"68.95",
            "전용면적(평)":"20평",
            "법정동주소":"울산시 북구 신천동 317-5",
            "도로명주소":"울산시 북구 호계로 327-8",
            "세대수":50,
            "입주년차":0,
            "용적률점수":"--",
            "건폐율점수":"--",
            "세대당주차수":0,
            "난방방식":30,
            "공급면적":"--",
            "전용률":"--",
            "욕실수":50,
            "현관타입":100,
            "주거총점":35.5,
            "지역구공급총점":0.0,
            "역세권":"NA",
            "30분내 이동가능 거점":"NA",
            "1시간내 이동가능 거점":"NA",
            "교통총점":"NA",
            "백화점":0,
            "아울렛몰":0,
            "대형마트":80,
            "은행":70,
            "병원":0,
            "종합병원":80,
            "공원":100,
            "혐오시설":0,
            "인프라총점":38.0,
            "초등학군":90.0,
            "중학군":51.7,
            "학군총점":59.36,
            "인구수":24.72,
            "인구증감":-3.15,
            "인구총점":16.359,
            "일자리":15.0,
            "소득수준":93.27,
            "일자리총점":38.481,
            "가치 총점":42.465,
            "매매실거래년":20220208.0,
            "매매실거래가":10300.0,
            "전세실거래년":20211009.0,
            "전세실거래가":5000.0,
            "전세가율":48.54,
            "장기전세가율평균":70.07,
            "전세가율거품지수":21.53,
            "검색코드":11978,
            "세대수":426.0,
            "준공년월":"1994-12-08",
            "준공년차":29.0,
            "가까운역이름":"NA",
            "가까운역거리":"NA",
            "역세권여부":"NA",
            "30분이내주요거점역":"NA",
            "30분거점역이름":"NA",
            "1시간이내주요거점역":"NA",
            "1시간거점역이름":"NA",
            "3km이내백화점수":0,
            "5km이내아울렛몰수":0,
            "1km이내대형먀트수":1,
            "500m이내은행수":4,
            "500m이내병원수":0,
            "5km이내대형병원수":1,
            "500m이내공원수":4,
            "3km이내혐오시설수":0,
            "초등학교학업성취도":90.0,
            "중학교학업성취도":83.9,
            "용적률":289,
            "건폐율":28,
            "Y":35.632172,
            "X":129.348775,
            "rank":39.0,
            "area_info":"20평(68.95), 22평(74.66), 25평(84.88), 27평(90.03), 28평(95.29)",
            "last_sales":"2022-02-08,10300.0,20평(68.95)",
            "rank_history":[
                [
                    "202203",
                    39
                ],
                [
                    "202202",
                    37
                ],
                [
                    "202201",
                    32
                ]
            ],
            "rank_gap":-2
        },
        {
            "index":137,
            "아파트명":"쌍용아진그린타운1차",
            "투자타입":"일반",
            "전용면적(m2)":"78.21",
            "전용면적(평)":"23평",
            "법정동주소":"울산시 북구 상안동 358-1",
            "도로명주소":"울산시 북구 아진로 42",
            "세대수":50,
            "입주년차":0,
            "용적률점수":"--",
            "건폐율점수":"--",
            "세대당주차수":0,
            "난방방식":30,
            "공급면적":"--",
            "전용률":"--",
            "욕실수":50,
            "현관타입":100,
            "주거총점":35.5,
            "지역구공급총점":0.0,
            "역세권":"NA",
            "30분내 이동가능 거점":"NA",
            "1시간내 이동가능 거점":"NA",
            "교통총점":"NA",
            "백화점":0,
            "아울렛몰":0,
            "대형마트":80,
            "은행":70,
            "병원":0,
            "종합병원":80,
            "공원":100,
            "혐오시설":0,
            "인프라총점":38.0,
            "초등학군":89.99,
            "중학군":51.7,
            "학군총점":59.358,
            "인구수":24.72,
            "인구증감":-3.15,
            "인구총점":16.359,
            "일자리":15.0,
            "소득수준":93.27,
            "일자리총점":38.481,
            "가치 총점":42.4645,
            "매매실거래년":20220219.0,
            "매매실거래가":15000.0,
            "전세실거래년":20220107.0,
            "전세실거래가":14300.0,
            "전세가율":95.33,
            "장기전세가율평균":70.07,
            "전세가율거품지수":-25.26,
            "검색코드":6561,
            "세대수":674.0,
            "준공년월":"1996-04-26",
            "준공년차":27.0,
            "가까운역이름":"NA",
            "가까운역거리":"NA",
            "역세권여부":"NA",
            "30분이내주요거점역":"NA",
            "30분거점역이름":"NA",
            "1시간이내주요거점역":"NA",
            "1시간거점역이름":"NA",
            "3km이내백화점수":0,
            "5km이내아울렛몰수":0,
            "1km이내대형먀트수":1,
            "500m이내은행수":3,
            "500m이내병원수":0,
            "5km이내대형병원수":1,
            "500m이내공원수":2,
            "3km이내혐오시설수":0,
            "초등학교학업성취도":89.99,
            "중학교학업성취도":83.9,
            "용적률":189,
            "건폐율":18,
            "Y":35.630127,
            "X":129.342195,
            "rank":40.0,
            "area_info":"23평(78.21), 23평(78.12), 32평(107.05), 47평(158.57)",
            "last_sales":"2022-02-19,15000.0,23평(78.21)",
            "rank_history":[
                [
                    "202203",
                    40
                ],
                [
                    "202202",
                    38
                ],
                [
                    "202201",
                    38
                ]
            ],
            "rank_gap":-2
        },
        {
            "index":246,
            "아파트명":"LG진로",
            "투자타입":"일반",
            "전용면적(m2)":"71.4",
            "전용면적(평)":"21평",
            "법정동주소":"울산시 북구 연암동 370",
            "도로명주소":"울산시 북구 두부곡4길 17",
            "세대수":50,
            "입주년차":0,
            "용적률점수":"--",
            "건폐율점수":"--",
            "세대당주차수":0,
            "난방방식":30,
            "공급면적":"--",
            "전용률":"--",
            "욕실수":50,
            "현관타입":100,
            "주거총점":35.5,
            "지역구공급총점":0.0,
            "역세권":"NA",
            "30분내 이동가능 거점":"NA",
            "1시간내 이동가능 거점":"NA",
            "교통총점":"NA",
            "백화점":0,
            "아울렛몰":0,
            "대형마트":80,
            "은행":0,
            "병원":0,
            "종합병원":100,
            "공원":100,
            "혐오시설":0,
            "인프라총점":35.0,
            "초등학군":90.01,
            "중학군":56.12,
            "학군총점":62.898,
            "인구수":24.72,
            "인구증감":-3.15,
            "인구총점":16.359,
            "일자리":15.0,
            "소득수준":93.27,
            "일자리총점":38.481,
            "가치 총점":42.1495,
            "매매실거래년":20220104.0,
            "매매실거래가":23800.0,
            "전세실거래년":20220113.0,
            "전세실거래가":16000.0,
            "전세가율":67.23,
            "장기전세가율평균":70.07,
            "전세가율거품지수":2.84,
            "검색코드":11571,
            "세대수":628.0,
            "준공년월":"1995-06-26",
            "준공년차":28.0,
            "가까운역이름":"NA",
            "가까운역거리":"NA",
            "역세권여부":"NA",
            "30분이내주요거점역":"NA",
            "30분거점역이름":"NA",
            "1시간이내주요거점역":"NA",
            "1시간거점역이름":"NA",
            "3km이내백화점수":0,
            "5km이내아울렛몰수":0,
            "1km이내대형먀트수":1,
            "500m이내은행수":1,
            "500m이내병원수":0,
            "5km이내대형병원수":3,
            "500m이내공원수":12,
            "3km이내혐오시설수":0,
            "초등학교학업성취도":90.01,
            "중학교학업성취도":91.8,
            "용적률":108,
            "건폐율":25,
            "Y":35.58688,
            "X":129.367291,
            "rank":41.0,
            "area_info":"21평(71.4), 27평(90.77), 31평(103.84)",
            "last_sales":"2022-01-04,23800.0,21평(71.4)",
            "rank_history":[
                [
                    "202203",
                    41
                ],
                [
                    "202202",
                    42
                ],
                [
                    "202201",
                    43
                ]
            ],
            "rank_gap":1
        },
        {
            "index":358,
            "아파트명":"쌍용아진그린타운3차",
            "투자타입":"일반",
            "전용면적(m2)":"78.28",
            "전용면적(평)":"23평",
            "법정동주소":"울산시 북구 천곡동 411",
            "도로명주소":"울산시 북구 아진로 115",
            "세대수":80,
            "입주년차":0,
            "용적률점수":"--",
            "건폐율점수":"--",
            "세대당주차수":0,
            "난방방식":30,
            "공급면적":"--",
            "전용률":"--",
            "욕실수":50,
            "현관타입":100,
            "주거총점":46.0,
            "지역구공급총점":0.0,
            "역세권":"NA",
            "30분내 이동가능 거점":"NA",
            "1시간내 이동가능 거점":"NA",
            "교통총점":"NA",
            "백화점":0,
            "아울렛몰":0,
            "대형마트":80,
            "은행":0,
            "병원":0,
            "종합병원":80,
            "공원":0,
            "혐오시설":0,
            "인프라총점":28.0,
            "초등학군":89.99,
            "중학군":51.7,
            "학군총점":59.358,
            "인구수":24.72,
            "인구증감":-3.15,
            "인구총점":16.359,
            "일자리":15.0,
            "소득수준":93.27,
            "일자리총점":38.481,
            "가치 총점":42.1395,
            "매매실거래년":20220217.0,
            "매매실거래가":23500.0,
            "전세실거래년":20220214.0,
            "전세실거래가":12500.0,
            "전세가율":76.69,
            "장기전세가율평균":70.07,
            "전세가율거품지수":-6.62,
            "검색코드":6573,
            "세대수":744.0,
            "준공년월":"1996-10-28",
            "준공년차":27.0,
            "가까운역이름":"NA",
            "가까운역거리":"NA",
            "역세권여부":"NA",
            "30분이내주요거점역":"NA",
            "30분거점역이름":"NA",
            "1시간이내주요거점역":"NA",
            "1시간거점역이름":"NA",
            "3km이내백화점수":0,
            "5km이내아울렛몰수":0,
            "1km이내대형먀트수":1,
            "500m이내은행수":0,
            "500m이내병원수":0,
            "5km이내대형병원수":1,
            "500m이내공원수":0,
            "3km이내혐오시설수":0,
            "초등학교학업성취도":89.99,
            "중학교학업성취도":83.9,
            "용적률":0,
            "건폐율":0,
            "Y":35.630147,
            "X":129.336311,
            "rank":42.0,
            "area_info":"23평(78.28), 23평(78.29), 28평(94.17), 32평(107.04), 39평(131.98), 47평(158.42)",
            "last_sales":"2022-02-17,23500.0,39평(131.98)",
            "rank_history":[
                [
                    "202203",
                    42
                ],
                [
                    "202202",
                    40
                ],
                [
                    "202201",
                    42
                ]
            ],
            "rank_gap":-2
        },
        {
            "index":414,
            "아파트명":"한우리",
            "투자타입":"일반",
            "전용면적(m2)":"119.63",
            "전용면적(평)":"36평",
            "법정동주소":"울산시 북구 화봉동 667-1",
            "도로명주소":"울산시 북구 상방로 12",
            "세대수":50,
            "입주년차":0,
            "용적률점수":"--",
            "건폐율점수":"--",
            "세대당주차수":0,
            "난방방식":30,
            "공급면적":"--",
            "전용률":"--",
            "욕실수":100,
            "현관타입":100,
            "주거총점":40.5,
            "지역구공급총점":0.0,
            "역세권":"NA",
            "30분내 이동가능 거점":"NA",
            "1시간내 이동가능 거점":"NA",
            "교통총점":"NA",
            "백화점":0,
            "아울렛몰":0,
            "대형마트":80,
            "은행":0,
            "병원":0,
            "종합병원":100,
            "공원":100,
            "혐오시설":0,
            "인프라총점":35.0,
            "초등학군":89.99,
            "중학군":47.28,
            "학군총점":55.822,
            "인구수":24.72,
            "인구증감":-3.15,
            "인구총점":16.359,
            "일자리":15.0,
            "소득수준":93.27,
            "일자리총점":38.481,
            "가치 총점":42.1305,
            "매매실거래년":20211203.0,
            "매매실거래가":33000.0,
            "전세실거래년":20210809.0,
            "전세실거래가":23000.0,
            "전세가율":85.82,
            "장기전세가율평균":70.07,
            "전세가율거품지수":-15.75,
            "검색코드":11584,
            "세대수":468.0,
            "준공년월":"1994-05-25",
            "준공년차":29.0,
            "가까운역이름":"NA",
            "가까운역거리":"NA",
            "역세권여부":"NA",
            "30분이내주요거점역":"NA",
            "30분거점역이름":"NA",
            "1시간이내주요거점역":"NA",
            "1시간거점역이름":"NA",
            "3km이내백화점수":0,
            "5km이내아울렛몰수":0,
            "1km이내대형먀트수":1,
            "500m이내은행수":0,
            "500m이내병원수":0,
            "5km이내대형병원수":3,
            "500m이내공원수":7,
            "3km이내혐오시설수":0,
            "초등학교학업성취도":89.99,
            "중학교학업성취도":78.0,
            "용적률":199,
            "건폐율":18,
            "Y":35.590429,
            "X":129.358767,
            "rank":43.0,
            "area_info":"36평(119.63), 46평(152.2)",
            "last_sales":"2021-12-03,33000.0,46평(152.2)",
            "rank_history":[
                [
                    "202203",
                    43
                ],
                [
                    "202202",
                    39
                ],
                [
                    "202201",
                    46
                ]
            ],
            "rank_gap":-4
        },
        {
            "index":402,
            "아파트명":"동아.청구",
            "투자타입":"일반",
            "전용면적(m2)":"74.4",
            "전용면적(평)":"22평",
            "법정동주소":"울산시 북구 화봉동 452",
            "도로명주소":"울산시 북구 상방로 81",
            "세대수":50,
            "입주년차":0,
            "용적률점수":"--",
            "건폐율점수":"--",
            "세대당주차수":30,
            "난방방식":30,
            "공급면적":"--",
            "전용률":"--",
            "욕실수":50,
            "현관타입":100,
            "주거총점":40.0,
            "지역구공급총점":0.0,
            "역세권":"NA",
            "30분내 이동가능 거점":"NA",
            "1시간내 이동가능 거점":"NA",
            "교통총점":"NA",
            "백화점":0,
            "아울렛몰":0,
            "대형마트":80,
            "은행":0,
            "병원":0,
            "종합병원":100,
            "공원":100,
            "혐오시설":0,
            "인프라총점":35.0,
            "초등학군":89.99,
            "중학군":47.28,
            "학군총점":55.822,
            "인구수":24.72,
            "인구증감":-3.15,
            "인구총점":16.359,
            "일자리":15.0,
            "소득수준":93.27,
            "일자리총점":38.481,
            "가치 총점":41.9555,
            "매매실거래년":20220214.0,
            "매매실거래가":24500.0,
            "전세실거래년":20220218.0,
            "전세실거래가":16700.0,
            "전세가율":68.16,
            "장기전세가율평균":70.07,
            "전세가율거품지수":1.91,
            "검색코드":13101,
            "세대수":608.0,
            "준공년월":"1994-12-06",
            "준공년차":29.0,
            "가까운역이름":"NA",
            "가까운역거리":"NA",
            "역세권여부":"NA",
            "30분이내주요거점역":"NA",
            "30분거점역이름":"NA",
            "1시간이내주요거점역":"NA",
            "1시간거점역이름":"NA",
            "3km이내백화점수":0,
            "5km이내아울렛몰수":0,
            "1km이내대형먀트수":1,
            "500m이내은행수":1,
            "500m이내병원수":0,
            "5km이내대형병원수":3,
            "500m이내공원수":14,
            "3km이내혐오시설수":0,
            "초등학교학업성취도":89.99,
            "중학교학업성취도":78.0,
            "용적률":118,
            "건폐율":26,
            "Y":35.590054,
            "X":129.366407,
            "rank":44.0,
            "area_info":"22평(74.4), 30평(101.85)",
            "last_sales":"2022-02-14,24500.0,22평(74.4)",
            "rank_history":[
                [
                    "202203",
                    44
                ],
                [
                    "202202",
                    41
                ],
                [
                    "202201",
                    40
                ]
            ],
            "rank_gap":-3
        },
        {
            "index":124,
            "아파트명":"울산블루마시티푸르지오",
            "투자타입":"일반",
            "전용면적(m2)":"82.55",
            "전용면적(평)":"24평",
            "법정동주소":"울산시 북구 산하동 968-1",
            "도로명주소":"울산시 북구 강동산하5로 66",
            "세대수":80,
            "입주년차":80,
            "용적률점수":"--",
            "건폐율점수":"--",
            "세대당주차수":30,
            "난방방식":30,
            "공급면적":"--",
            "전용률":"--",
            "욕실수":100,
            "현관타입":100,
            "주거총점":71.5,
            "지역구공급총점":0.0,
            "역세권":"NA",
            "30분내 이동가능 거점":"NA",
            "1시간내 이동가능 거점":"NA",
            "교통총점":"NA",
            "백화점":0,
            "아울렛몰":0,
            "대형마트":0,
            "은행":0,
            "병원":0,
            "종합병원":0,
            "공원":100,
            "혐오시설":0,
            "인프라총점":3.0,
            "초등학군":90.0,
            "중학군":54.16,
            "학군총점":61.328,
            "인구수":24.72,
            "인구증감":-3.15,
            "인구총점":16.359,
            "일자리":15.0,
            "소득수준":93.27,
            "일자리총점":38.481,
            "가치 총점":41.557,
            "매매실거래년":20220126.0,
            "매매실거래가":30000.0,
            "전세실거래년":20220225.0,
            "전세실거래가":20500.0,
            "전세가율":89.13,
            "장기전세가율평균":70.07,
            "전세가율거품지수":-19.06,
            "검색코드":103969,
            "세대수":738.0,
            "준공년월":"2014-05-28",
            "준공년차":9.0,
            "가까운역이름":"NA",
            "가까운역거리":"NA",
            "역세권여부":"NA",
            "30분이내주요거점역":"NA",
            "30분거점역이름":"NA",
            "1시간이내주요거점역":"NA",
            "1시간거점역이름":"NA",
            "3km이내백화점수":0,
            "5km이내아울렛몰수":0,
            "1km이내대형먀트수":0,
            "500m이내은행수":0,
            "500m이내병원수":0,
            "5km이내대형병원수":0,
            "500m이내공원수":2,
            "3km이내혐오시설수":0,
            "초등학교학업성취도":90.0,
            "중학교학업성취도":85.8,
            "용적률":246,
            "건폐율":14,
            "Y":35.638141,
            "X":129.435125,
            "rank":45.0,
            "area_info":"24평(82.55), 25평(85.09), 25평(85.55), 33평(111.77), 33평(111.26), 33평(112.38)",
            "last_sales":"2022-01-26,30000.0,33평(112.38)",
            "rank_history":[
                [
                    "202203",
                    45
                ],
                [
                    "202202",
                    46
                ],
                [
                    "202201",
                    49
                ]
            ],
            "rank_gap":1
        },
        {
            "index":114,
            "아파트명":"울산블루마시티서희스타힐스블루원",
            "투자타입":"일반",
            "전용면적(m2)":"92.0",
            "전용면적(평)":"27평",
            "법정동주소":"울산시 북구 산하동 969-1",
            "도로명주소":"울산시 북구 산하중앙3로 142",
            "세대수":80,
            "입주년차":80,
            "용적률점수":"--",
            "건폐율점수":"--",
            "세대당주차수":30,
            "난방방식":30,
            "공급면적":"--",
            "전용률":"--",
            "욕실수":100,
            "현관타입":100,
            "주거총점":71.5,
            "지역구공급총점":0.0,
            "역세권":"NA",
            "30분내 이동가능 거점":"NA",
            "1시간내 이동가능 거점":"NA",
            "교통총점":"NA",
            "백화점":0,
            "아울렛몰":0,
            "대형마트":0,
            "은행":0,
            "병원":0,
            "종합병원":0,
            "공원":100,
            "혐오시설":0,
            "인프라총점":3.0,
            "초등학군":90.0,
            "중학군":54.16,
            "학군총점":61.328,
            "인구수":24.72,
            "인구증감":-3.15,
            "인구총점":16.359,
            "일자리":15.0,
            "소득수준":93.27,
            "일자리총점":38.481,
            "가치 총점":41.557,
            "매매실거래년":20200713.0,
            "매매실거래가":49000.0,
            "전세실거래년":null,
            "전세실거래가":null,
            "전세가율":null,
            "장기전세가율평균":70.07,
            "전세가율거품지수":null,
            "검색코드":107734,
            "세대수":890.0,
            "준공년월":"2016-04-01",
            "준공년차":7.0,
            "가까운역이름":"NA",
            "가까운역거리":"NA",
            "역세권여부":"NA",
            "30분이내주요거점역":"NA",
            "30분거점역이름":"NA",
            "1시간이내주요거점역":"NA",
            "1시간거점역이름":"NA",
            "3km이내백화점수":0,
            "5km이내아울렛몰수":0,
            "1km이내대형먀트수":0,
            "500m이내은행수":0,
            "500m이내병원수":0,
            "5km이내대형병원수":0,
            "500m이내공원수":2,
            "3km이내혐오시설수":0,
            "초등학교학업성취도":90.0,
            "중학교학업성취도":85.8,
            "용적률":0,
            "건폐율":0,
            "Y":35.637736,
            "X":129.438861,
            "rank":45.0,
            "area_info":"27평(92.0), 27평(92.0), 33평(110.97), 33평(111.01), 33평(111.71), 47평(156.16), 47평(156.16), 51평(170.1), 51평(170.01), 52평(172.18)",
            "last_sales":"2020-07-13,49000.0,52평(172.18)",
            "rank_history":[
                [
                    "202203",
                    45
                ],
                [
                    "202202",
                    46
                ],
                [
                    "202201",
                    49
                ]
            ],
            "rank_gap":1
        },
        {
            "index":19,
            "아파트명":"달천아이파크2단지",
            "투자타입":"일반",
            "전용면적(m2)":"120.9",
            "전용면적(평)":"36평",
            "법정동주소":"울산시 북구 달천동 886",
            "도로명주소":"울산시 북구 달천로 103-19",
            "세대수":50,
            "입주년차":40,
            "용적률점수":"--",
            "건폐율점수":"--",
            "세대당주차수":60,
            "난방방식":30,
            "공급면적":"--",
            "전용률":"--",
            "욕실수":100,
            "현관타입":100,
            "주거총점":57.5,
            "지역구공급총점":0.0,
            "역세권":"NA",
            "30분내 이동가능 거점":"NA",
            "1시간내 이동가능 거점":"NA",
            "교통총점":"NA",
            "백화점":0,
            "아울렛몰":0,
            "대형마트":0,
            "은행":0,
            "병원":0,
            "종합병원":80,
            "공원":0,
            "혐오시설":0,
            "인프라총점":16.0,
            "초등학군":90.0,
            "중학군":52.32,
            "학군총점":59.856,
            "인구수":24.72,
            "인구증감":-3.15,
            "인구총점":16.359,
            "일자리":15.0,
            "소득수준":93.27,
            "일자리총점":38.481,
            "가치 총점":41.489,
            "매매실거래년":20211201.0,
            "매매실거래가":39000.0,
            "전세실거래년":20220115.0,
            "전세실거래가":30000.0,
            "전세가율":75.95,
            "장기전세가율평균":70.07,
            "전세가율거품지수":-5.88,
            "검색코드":25125,
            "세대수":464.0,
            "준공년월":"2008-04-14",
            "준공년차":15.0,
            "가까운역이름":"NA",
            "가까운역거리":"NA",
            "역세권여부":"NA",
            "30분이내주요거점역":"NA",
            "30분거점역이름":"NA",
            "1시간이내주요거점역":"NA",
            "1시간거점역이름":"NA",
            "3km이내백화점수":0,
            "5km이내아울렛몰수":0,
            "1km이내대형먀트수":0,
            "500m이내은행수":0,
            "500m이내병원수":0,
            "5km이내대형병원수":1,
            "500m이내공원수":0,
            "3km이내혐오시설수":0,
            "초등학교학업성취도":90.0,
            "중학교학업성취도":85.2,
            "용적률":231,
            "건폐율":14,
            "Y":35.633381,
            "X":129.327522,
            "rank":46.0,
            "area_info":"36평(120.9), 42평(140.11)",
            "last_sales":"2021-12-01,39000.0,42평(140.11)",
            "rank_history":[
                [
                    "202203",
                    46
                ],
                [
                    "202202",
                    44
                ],
                [
                    "202201",
                    48
                ]
            ],
            "rank_gap":-2
        },
        {
            "index":232,
            "아파트명":"양정힐스테이트2차",
            "투자타입":"일반",
            "전용면적(m2)":"109.94",
            "전용면적(평)":"33평",
            "법정동주소":"울산시 북구 양정동 802",
            "도로명주소":"울산시 북구 양정4길 15",
            "세대수":30,
            "입주년차":60,
            "용적률점수":"--",
            "건폐율점수":"--",
            "세대당주차수":30,
            "난방방식":30,
            "공급면적":"--",
            "전용률":"--",
            "욕실수":100,
            "현관타입":100,
            "주거총점":50.0,
            "지역구공급총점":0.0,
            "역세권":"NA",
            "30분내 이동가능 거점":"NA",
            "1시간내 이동가능 거점":"NA",
            "교통총점":"NA",
            "백화점":0,
            "아울렛몰":0,
            "대형마트":0,
            "은행":20,
            "병원":0,
            "종합병원":100,
            "공원":0,
            "혐오시설":0,
            "인프라총점":22.0,
            "초등학군":90.01,
            "중학군":52.66,
            "학군총점":60.13,
            "인구수":24.72,
            "인구증감":-3.15,
            "인구총점":16.359,
            "일자리":15.0,
            "소득수준":93.27,
            "일자리총점":38.481,
            "가치 총점":41.3325,
            "매매실거래년":20211022.0,
            "매매실거래가":39800.0,
            "전세실거래년":20191206.0,
            "전세실거래가":20000.0,
            "전세가율":66.67,
            "장기전세가율평균":70.07,
            "전세가율거품지수":3.4,
            "검색코드":108502,
            "세대수":317.0,
            "준공년월":"2009-12-30",
            "준공년차":14.0,
            "가까운역이름":"NA",
            "가까운역거리":"NA",
            "역세권여부":"NA",
            "30분이내주요거점역":"NA",
            "30분거점역이름":"NA",
            "1시간이내주요거점역":"NA",
            "1시간거점역이름":"NA",
            "3km이내백화점수":0,
            "5km이내아울렛몰수":0,
            "1km이내대형먀트수":0,
            "500m이내은행수":2,
            "500m이내병원수":0,
            "5km이내대형병원수":3,
            "500m이내공원수":0,
            "3km이내혐오시설수":0,
            "초등학교학업성취도":90.01,
            "중학교학업성취도":85.5,
            "용적률":192,
            "건폐율":19,
            "Y":35.544564,
            "X":129.387051,
            "rank":47.0,
            "area_info":"33평(109.94), 34평(112.89), 33평(112.07), 45평(149.35), 47평(155.78)",
            "last_sales":"2021-10-22,39800.0,47평(155.78)",
            "rank_history":[
                [
                    "202203",
                    47
                ],
                [
                    "202202",
                    45
                ],
                [
                    "202201",
                    50
                ]
            ],
            "rank_gap":-2
        },
        {
            "index":185,
            "아파트명":"성우현대",
            "투자타입":"일반",
            "전용면적(m2)":"85.41",
            "전용면적(평)":"25평",
            "법정동주소":"울산시 북구 신천동 346-5",
            "도로명주소":"울산시 북구 호계로 313",
            "세대수":50,
            "입주년차":0,
            "용적률점수":"--",
            "건폐율점수":"--",
            "세대당주차수":0,
            "난방방식":30,
            "공급면적":"--",
            "전용률":"--",
            "욕실수":50,
            "현관타입":10,
            "주거총점":26.5,
            "지역구공급총점":0.0,
            "역세권":"NA",
            "30분내 이동가능 거점":"NA",
            "1시간내 이동가능 거점":"NA",
            "교통총점":"NA",
            "백화점":0,
            "아울렛몰":0,
            "대형마트":80,
            "은행":70,
            "병원":0,
            "종합병원":80,
            "공원":100,
            "혐오시설":0,
            "인프라총점":38.0,
            "초등학군":90.0,
            "중학군":60.52,
            "학군총점":66.416,
            "인구수":24.72,
            "인구증감":-3.15,
            "인구총점":16.359,
            "일자리":15.0,
            "소득수준":93.27,
            "일자리총점":38.481,
            "가치 총점":41.079,
            "매매실거래년":20220122.0,
            "매매실거래가":15250.0,
            "전세실거래년":20210726.0,
            "전세실거래가":9000.0,
            "전세가율":87.38,
            "장기전세가율평균":70.07,
            "전세가율거품지수":-17.31,
            "검색코드":11582,
            "세대수":499.0,
            "준공년월":"1993-09-03",
            "준공년차":30.0,
            "가까운역이름":"NA",
            "가까운역거리":"NA",
            "역세권여부":"NA",
            "30분이내주요거점역":"NA",
            "30분거점역이름":"NA",
            "1시간이내주요거점역":"NA",
            "1시간거점역이름":"NA",
            "3km이내백화점수":0,
            "5km이내아울렛몰수":0,
            "1km이내대형먀트수":1,
            "500m이내은행수":4,
            "500m이내병원수":0,
            "5km이내대형병원수":1,
            "500m이내공원수":6,
            "3km이내혐오시설수":0,
            "초등학교학업성취도":90.0,
            "중학교학업성취도":97.6,
            "용적률":328,
            "건폐율":35,
            "Y":35.631087,
            "X":129.349894,
            "rank":48.0,
            "area_info":"25평(85.41), 27평(91.26), 31평(102.55), 32평(107.77), 32평(109.04)",
            "last_sales":"2022-01-22,15250.0,32평(109.04)",
            "rank_history":[
                [
                    "202203",
                    48
                ],
                [
                    "202202",
                    47
                ],
                [
                    "202201",
                    41
                ]
            ],
            "rank_gap":-1
        },
        {
            "index":314,
            "아파트명":"중산디아채",
            "투자타입":"일반",
            "전용면적(m2)":"114.59",
            "전용면적(평)":"34평",
            "법정동주소":"울산시 북구 중산동 200",
            "도로명주소":"울산시 북구 중산동로 37",
            "세대수":50,
            "입주년차":40,
            "용적률점수":"--",
            "건폐율점수":"--",
            "세대당주차수":30,
            "난방방식":30,
            "공급면적":"--",
            "전용률":"--",
            "욕실수":100,
            "현관타입":100,
            "주거총점":53.0,
            "지역구공급총점":0.0,
            "역세권":"NA",
            "30분내 이동가능 거점":"NA",
            "1시간내 이동가능 거점":"NA",
            "교통총점":"NA",
            "백화점":0,
            "아울렛몰":0,
            "대형마트":0,
            "은행":0,
            "병원":0,
            "종합병원":80,
            "공원":100,
            "혐오시설":0,
            "인프라총점":19.0,
            "초등학군":90.0,
            "중학군":50.28,
            "학군총점":58.224,
            "인구수":24.72,
            "인구증감":-3.15,
            "인구총점":16.359,
            "일자리":15.0,
            "소득수준":93.27,
            "일자리총점":38.481,
            "가치 총점":40.706,
            "매매실거래년":20211202.0,
            "매매실거래가":33700.0,
            "전세실거래년":20210207.0,
            "전세실거래가":17000.0,
            "전세가율":71.88,
            "장기전세가율평균":70.07,
            "전세가율거품지수":-1.81,
            "검색코드":24875,
            "세대수":633.0,
            "준공년월":"2007-12-04",
            "준공년차":16.0,
            "가까운역이름":"NA",
            "가까운역거리":"NA",
            "역세권여부":"NA",
            "30분이내주요거점역":"NA",
            "30분거점역이름":"NA",
            "1시간이내주요거점역":"NA",
            "1시간거점역이름":"NA",
            "3km이내백화점수":0,
            "5km이내아울렛몰수":0,
            "1km이내대형먀트수":0,
            "500m이내은행수":0,
            "500m이내병원수":0,
            "5km이내대형병원수":1,
            "500m이내공원수":7,
            "3km이내혐오시설수":0,
            "초등학교학업성취도":90.0,
            "중학교학업성취도":83.8,
            "용적률":225,
            "건폐율":20,
            "Y":35.655255,
            "X":129.350956,
            "rank":49.0,
            "area_info":"34평(114.59), 35평(117.04), 47평(155.38)",
            "last_sales":"2021-12-02,33700.0,47평(155.38)",
            "rank_history":[
                [
                    "202203",
                    49
                ],
                [
                    "202202",
                    48
                ],
                [
                    "202201",
                    51
                ]
            ],
            "rank_gap":-1
        },
        {
            "index":147,
            "아파트명":"프리드(도시형)",
            "투자타입":"일반",
            "전용면적(m2)":"64.94",
            "전용면적(평)":"19평",
            "법정동주소":"울산시 북구 상안동 367",
            "도로명주소":"울산시 북구 아진로 78-1",
            "세대수":0,
            "입주년차":80,
            "용적률점수":"--",
            "건폐율점수":"--",
            "세대당주차수":30,
            "난방방식":30,
            "공급면적":"--",
            "전용률":"--",
            "욕실수":50,
            "현관타입":10,
            "주거총점":29.5,
            "지역구공급총점":0.0,
            "역세권":"NA",
            "30분내 이동가능 거점":"NA",
            "1시간내 이동가능 거점":"NA",
            "교통총점":"NA",
            "백화점":0,
            "아울렛몰":0,
            "대형마트":80,
            "은행":70,
            "병원":0,
            "종합병원":80,
            "공원":100,
            "혐오시설":0,
            "인프라총점":38.0,
            "초등학군":89.99,
            "중학군":51.7,
            "학군총점":59.358,
            "인구수":24.72,
            "인구증감":-3.15,
            "인구총점":16.359,
            "일자리":15.0,
            "소득수준":93.27,
            "일자리총점":38.481,
            "가치 총점":40.3645,
            "매매실거래년":20201230.0,
            "매매실거래가":13500.0,
            "전세실거래년":20220208.0,
            "전세실거래가":6825.0,
            "전세가율":null,
            "장기전세가율평균":70.07,
            "전세가율거품지수":null,
            "검색코드":123536,
            "세대수":157.0,
            "준공년월":"2015-02-27",
            "준공년차":8.0,
            "가까운역이름":"NA",
            "가까운역거리":"NA",
            "역세권여부":"NA",
            "30분이내주요거점역":"NA",
            "30분거점역이름":"NA",
            "1시간이내주요거점역":"NA",
            "1시간거점역이름":"NA",
            "3km이내백화점수":0,
            "5km이내아울렛몰수":0,
            "1km이내대형먀트수":1,
            "500m이내은행수":3,
            "500m이내병원수":0,
            "5km이내대형병원수":1,
            "500m이내공원수":2,
            "3km이내혐오시설수":0,
            "초등학교학업성취도":89.99,
            "중학교학업성취도":83.9,
            "용적률":211,
            "건폐율":26,
            "Y":35.630822,
            "X":129.340758,
            "rank":50.0,
            "area_info":"19평(64.94), 19평(64.84), 19평(64.93), 21평(71.63), 21평(71.8), 21평(71.63)",
            "last_sales":"2020-12-30,13500.0,21평(71.8)",
            "rank_history":[
                [
                    "202203",
                    50
                ],
                [
                    "202202",
                    49
                ],
                [
                    "202201",
                    44
                ]
            ],
            "rank_gap":-1
        },
        {
            "index":48,
            "아파트명":"매곡현대",
            "투자타입":"일반",
            "전용면적(m2)":"68.06",
            "전용면적(평)":"20평",
            "법정동주소":"울산시 북구 매곡동 532",
            "도로명주소":"울산시 북구 매곡1로 13",
            "세대수":80,
            "입주년차":0,
            "용적률점수":"--",
            "건폐율점수":"--",
            "세대당주차수":0,
            "난방방식":30,
            "공급면적":"--",
            "전용률":"--",
            "욕실수":50,
            "현관타입":100,
            "주거총점":46.0,
            "지역구공급총점":0.0,
            "역세권":"NA",
            "30분내 이동가능 거점":"NA",
            "1시간내 이동가능 거점":"NA",
            "교통총점":"NA",
            "백화점":0,
            "아울렛몰":0,
            "대형마트":0,
            "은행":0,
            "병원":0,
            "종합병원":80,
            "공원":100,
            "혐오시설":0,
            "인프라총점":19.0,
            "초등학군":89.98,
            "중학군":59.02,
            "학군총점":65.212,
            "인구수":24.72,
            "인구증감":-3.15,
            "인구총점":16.359,
            "일자리":15.0,
            "소득수준":93.27,
            "일자리총점":38.481,
            "가치 총점":40.003,
            "매매실거래년":20220224.0,
            "매매실거래가":8500.0,
            "전세실거래년":20220217.0,
            "전세실거래가":8500.0,
            "전세가율":100.0,
            "장기전세가율평균":70.07,
            "전세가율거품지수":-29.93,
            "검색코드":101093,
            "세대수":826.0,
            "준공년월":"1994-10-06",
            "준공년차":29.0,
            "가까운역이름":"NA",
            "가까운역거리":"NA",
            "역세권여부":"NA",
            "30분이내주요거점역":"NA",
            "30분거점역이름":"NA",
            "1시간이내주요거점역":"NA",
            "1시간거점역이름":"NA",
            "3km이내백화점수":0,
            "5km이내아울렛몰수":0,
            "1km이내대형먀트수":0,
            "500m이내은행수":0,
            "500m이내병원수":0,
            "5km이내대형병원수":1,
            "500m이내공원수":10,
            "3km이내혐오시설수":0,
            "초등학교학업성취도":89.98,
            "중학교학업성취도":95.1,
            "용적률":256,
            "건폐율":22,
            "Y":35.642588,
            "X":129.353809,
            "rank":51.0,
            "area_info":"20평(68.06)",
            "last_sales":"2022-02-24,8500.0,20평(68.06)",
            "rank_history":[
                [
                    "202203",
                    51
                ],
                [
                    "202202",
                    50
                ],
                [
                    "202201",
                    45
                ]
            ],
            "rank_gap":-1
        },
        {
            "index":46,
            "아파트명":"매곡푸르지오2단지",
            "투자타입":"일반",
            "전용면적(m2)":"94.21",
            "전용면적(평)":"28평",
            "법정동주소":"울산시 북구 매곡동 855",
            "도로명주소":"울산시 북구 매곡1로 17",
            "세대수":30,
            "입주년차":40,
            "용적률점수":"--",
            "건폐율점수":"--",
            "세대당주차수":30,
            "난방방식":30,
            "공급면적":"--",
            "전용률":"--",
            "욕실수":100,
            "현관타입":100,
            "주거총점":46.0,
            "지역구공급총점":0.0,
            "역세권":"NA",
            "30분내 이동가능 거점":"NA",
            "1시간내 이동가능 거점":"NA",
            "교통총점":"NA",
            "백화점":0,
            "아울렛몰":0,
            "대형마트":0,
            "은행":0,
            "병원":0,
            "종합병원":80,
            "공원":100,
            "혐오시설":0,
            "인프라총점":19.0,
            "초등학군":89.98,
            "중학군":59.02,
            "학군총점":65.212,
            "인구수":24.72,
            "인구증감":-3.15,
            "인구총점":16.359,
            "일자리":15.0,
            "소득수준":93.27,
            "일자리총점":38.481,
            "가치 총점":40.003,
            "매매실거래년":20220219.0,
            "매매실거래가":30000.0,
            "전세실거래년":20220212.0,
            "전세실거래가":25000.0,
            "전세가율":88.65,
            "장기전세가율평균":70.07,
            "전세가율거품지수":-18.58,
            "검색코드":104368,
            "세대수":318.0,
            "준공년월":"2008-01-10",
            "준공년차":15.0,
            "가까운역이름":"NA",
            "가까운역거리":"NA",
            "역세권여부":"NA",
            "30분이내주요거점역":"NA",
            "30분거점역이름":"NA",
            "1시간이내주요거점역":"NA",
            "1시간거점역이름":"NA",
            "3km이내백화점수":0,
            "5km이내아울렛몰수":0,
            "1km이내대형먀트수":0,
            "500m이내은행수":0,
            "500m이내병원수":0,
            "5km이내대형병원수":1,
            "500m이내공원수":11,
            "3km이내혐오시설수":0,
            "초등학교학업성취도":89.98,
            "중학교학업성취도":95.1,
            "용적률":249,
            "건폐율":22,
            "Y":35.643014,
            "X":129.352844,
            "rank":51.0,
            "area_info":"28평(94.21), 33평(110.94)",
            "last_sales":"2022-02-19,30000.0,33평(110.94)",
            "rank_history":[
                [
                    "202203",
                    51
                ],
                [
                    "202202",
                    50
                ],
                [
                    "202201",
                    45
                ]
            ],
            "rank_gap":-1
        },
        {
            "index":21,
            "아파트명":"달천아이파크3단지",
            "투자타입":"일반",
            "전용면적(m2)":"120.81",
            "전용면적(평)":"36평",
            "법정동주소":"울산시 북구 달천동 887",
            "도로명주소":"울산시 북구 달천로 103-20",
            "세대수":50,
            "입주년차":40,
            "용적률점수":"--",
            "건폐율점수":"--",
            "세대당주차수":30,
            "난방방식":30,
            "공급면적":"--",
            "전용률":"--",
            "욕실수":100,
            "현관타입":100,
            "주거총점":53.0,
            "지역구공급총점":0.0,
            "역세권":"NA",
            "30분내 이동가능 거점":"NA",
            "1시간내 이동가능 거점":"NA",
            "교통총점":"NA",
            "백화점":0,
            "아울렛몰":0,
            "대형마트":0,
            "은행":0,
            "병원":0,
            "종합병원":80,
            "공원":0,
            "혐오시설":0,
            "인프라총점":16.0,
            "초등학군":90.0,
            "중학군":52.32,
            "학군총점":59.856,
            "인구수":24.72,
            "인구증감":-3.15,
            "인구총점":16.359,
            "일자리":15.0,
            "소득수준":93.27,
            "일자리총점":38.481,
            "가치 총점":39.914,
            "매매실거래년":20220208.0,
            "매매실거래가":33800.0,
            "전세실거래년":20220115.0,
            "전세실거래가":29000.0,
            "전세가율":85.8,
            "장기전세가율평균":70.07,
            "전세가율거품지수":-15.73,
            "검색코드":25122,
            "세대수":474.0,
            "준공년월":"2008-04-14",
            "준공년차":15.0,
            "가까운역이름":"NA",
            "가까운역거리":"NA",
            "역세권여부":"NA",
            "30분이내주요거점역":"NA",
            "30분거점역이름":"NA",
            "1시간이내주요거점역":"NA",
            "1시간거점역이름":"NA",
            "3km이내백화점수":0,
            "5km이내아울렛몰수":0,
            "1km이내대형먀트수":0,
            "500m이내은행수":0,
            "500m이내병원수":0,
            "5km이내대형병원수":1,
            "500m이내공원수":0,
            "3km이내혐오시설수":0,
            "초등학교학업성취도":90.0,
            "중학교학업성취도":85.2,
            "용적률":246,
            "건폐율":16,
            "Y":35.632113,
            "X":129.327313,
            "rank":52.0,
            "area_info":"36평(120.81), 42평(139.97)",
            "last_sales":"2022-02-08,33800.0,36평(120.81)",
            "rank_history":[
                [
                    "202203",
                    52
                ],
                [
                    "202202",
                    51
                ],
                [
                    "202201",
                    54
                ]
            ],
            "rank_gap":-1
        },
        {
            "index":372,
            "아파트명":"원동현대",
            "투자타입":"일반",
            "전용면적(m2)":"78.33",
            "전용면적(평)":"23평",
            "법정동주소":"울산시 북구 천곡동 402",
            "도로명주소":"울산시 북구 고래로 2",
            "세대수":50,
            "입주년차":0,
            "용적률점수":"--",
            "건폐율점수":"--",
            "세대당주차수":0,
            "난방방식":30,
            "공급면적":"--",
            "전용률":"--",
            "욕실수":50,
            "현관타입":10,
            "주거총점":26.5,
            "지역구공급총점":0.0,
            "역세권":"NA",
            "30분내 이동가능 거점":"NA",
            "1시간내 이동가능 거점":"NA",
            "교통총점":"NA",
            "백화점":0,
            "아울렛몰":0,
            "대형마트":80,
            "은행":70,
            "병원":0,
            "종합병원":80,
            "공원":100,
            "혐오시설":0,
            "인프라총점":38.0,
            "초등학군":89.99,
            "중학군":51.7,
            "학군총점":59.358,
            "인구수":24.72,
            "인구증감":-3.15,
            "인구총점":16.359,
            "일자리":15.0,
            "소득수준":93.27,
            "일자리총점":38.481,
            "가치 총점":39.3145,
            "매매실거래년":20220209.0,
            "매매실거래가":10300.0,
            "전세실거래년":20220211.0,
            "전세실거래가":7500.0,
            "전세가율":72.82,
            "장기전세가율평균":70.07,
            "전세가율거품지수":-2.75,
            "검색코드":11578,
            "세대수":432.0,
            "준공년월":"1994-07-15",
            "준공년차":29.0,
            "가까운역이름":"NA",
            "가까운역거리":"NA",
            "역세권여부":"NA",
            "30분이내주요거점역":"NA",
            "30분거점역이름":"NA",
            "1시간이내주요거점역":"NA",
            "1시간거점역이름":"NA",
            "3km이내백화점수":0,
            "5km이내아울렛몰수":0,
            "1km이내대형먀트수":1,
            "500m이내은행수":3,
            "500m이내병원수":0,
            "5km이내대형병원수":1,
            "500m이내공원수":2,
            "3km이내혐오시설수":0,
            "초등학교학업성취도":89.99,
            "중학교학업성취도":83.9,
            "용적률":373,
            "건폐율":25,
            "Y":35.631609,
            "X":129.343434,
            "rank":53.0,
            "area_info":"23평(78.33), 25평(85.69), 28평(94.25), 28평(94.99), 28평(95.03), 37평(123.84)",
            "last_sales":"2022-02-09,10300.0,23평(78.33)",
            "rank_history":[
                [
                    "202203",
                    53
                ],
                [
                    "202202",
                    52
                ],
                [
                    "202201",
                    53
                ]
            ],
            "rank_gap":-1
        },
        {
            "index":103,
            "아파트명":"블루마시티KCC스위첸",
            "투자타입":"일반",
            "전용면적(m2)":"113.92",
            "전용면적(평)":"34평",
            "법정동주소":"울산시 북구 산하동 강동산하도시개발사업지구44블록1로트외 2필지",
            "도로명주소":"울산시 북구 산하중앙1로 6",
            "세대수":50,
            "입주년차":100,
            "용적률점수":"--",
            "건폐율점수":"--",
            "세대당주차수":30,
            "난방방식":30,
            "공급면적":"--",
            "전용률":"--",
            "욕실수":100,
            "현관타입":100,
            "주거총점":65.0,
            "지역구공급총점":0.0,
            "역세권":"NA",
            "30분내 이동가능 거점":"NA",
            "1시간내 이동가능 거점":"NA",
            "교통총점":"NA",
            "백화점":0,
            "아울렛몰":0,
            "대형마트":0,
            "은행":0,
            "병원":0,
            "종합병원":0,
            "공원":80,
            "혐오시설":0,
            "인프라총점":2.4,
            "초등학군":90.0,
            "중학군":54.16,
            "학군총점":61.328,
            "인구수":24.72,
            "인구증감":-3.15,
            "인구총점":16.359,
            "일자리":15.0,
            "소득수준":93.27,
            "일자리총점":38.481,
            "가치 총점":39.042,
            "매매실거래년":20220212.0,
            "매매실거래가":42500.0,
            "전세실거래년":20210912.0,
            "전세실거래가":15000.0,
            "전세가율":32.12,
            "장기전세가율평균":70.07,
            "전세가율거품지수":37.95,
            "검색코드":112260,
            "세대수":582.0,
            "준공년월":"2019-04-01",
            "준공년차":4.0,
            "가까운역이름":"NA",
            "가까운역거리":"NA",
            "역세권여부":"NA",
            "30분이내주요거점역":"NA",
            "30분거점역이름":"NA",
            "1시간이내주요거점역":"NA",
            "1시간거점역이름":"NA",
            "3km이내백화점수":0,
            "5km이내아울렛몰수":0,
            "1km이내대형먀트수":0,
            "500m이내은행수":0,
            "500m이내병원수":0,
            "5km이내대형병원수":0,
            "500m이내공원수":1,
            "3km이내혐오시설수":0,
            "초등학교학업성취도":90.0,
            "중학교학업성취도":85.8,
            "용적률":596,
            "건폐율":31,
            "Y":35.625653,
            "X":129.441665,
            "rank":54.0,
            "area_info":"34평(113.92), 34평(114.75), 34평(114.42), 34평(115.11), 41평(135.8)",
            "last_sales":"2022-02-12,42500.0,34평(115.11)",
            "rank_history":[
                [
                    "202203",
                    54
                ],
                [
                    "202202",
                    54
                ],
                [
                    "202201",
                    60
                ]
            ],
            "rank_gap":0
        },
        {
            "index":182,
            "아파트명":"상림",
            "투자타입":"일반",
            "전용면적(m2)":"75.91",
            "전용면적(평)":"22평",
            "법정동주소":"울산시 북구 신천동 374-5",
            "도로명주소":"울산시 북구 호계로 337-21",
            "세대수":0,
            "입주년차":20,
            "용적률점수":"--",
            "건폐율점수":"--",
            "세대당주차수":0,
            "난방방식":30,
            "공급면적":"--",
            "전용률":"--",
            "욕실수":50,
            "현관타입":100,
            "주거총점":22.0,
            "지역구공급총점":0.0,
            "역세권":"NA",
            "30분내 이동가능 거점":"NA",
            "1시간내 이동가능 거점":"NA",
            "교통총점":"NA",
            "백화점":0,
            "아울렛몰":0,
            "대형마트":80,
            "은행":100,
            "병원":0,
            "종합병원":80,
            "공원":100,
            "혐오시설":0,
            "인프라총점":41.0,
            "초등학군":90.0,
            "중학군":51.7,
            "학군총점":59.36,
            "인구수":24.72,
            "인구증감":-3.15,
            "인구총점":16.359,
            "일자리":15.0,
            "소득수준":93.27,
            "일자리총점":38.481,
            "가치 총점":38.94,
            "매매실거래년":20200816.0,
            "매매실거래가":12550.0,
            "전세실거래년":20141107.0,
            "전세실거래가":10000.0,
            "전세가율":79.68,
            "장기전세가율평균":70.07,
            "전세가율거품지수":-9.61,
            "검색코드":22854,
            "세대수":54.0,
            "준공년월":"2003-09-08",
            "준공년차":20.0,
            "가까운역이름":"NA",
            "가까운역거리":"NA",
            "역세권여부":"NA",
            "30분이내주요거점역":"NA",
            "30분거점역이름":"NA",
            "1시간이내주요거점역":"NA",
            "1시간거점역이름":"NA",
            "3km이내백화점수":0,
            "5km이내아울렛몰수":0,
            "1km이내대형먀트수":1,
            "500m이내은행수":6,
            "500m이내병원수":0,
            "5km이내대형병원수":1,
            "500m이내공원수":2,
            "3km이내혐오시설수":0,
            "초등학교학업성취도":90.0,
            "중학교학업성취도":83.9,
            "용적률":199,
            "건폐율":24,
            "Y":35.63178,
            "X":129.34711,
            "rank":55.0,
            "area_info":"22평(75.91), 28평(93.21), 32평(106.01)",
            "last_sales":"2020-08-16,12550.0,22평(75.91)",
            "rank_history":[
                [
                    "202203",
                    55
                ],
                [
                    "202202",
                    9999
                ]
            ],
            "rank_gap":9999
        },
        {
            "index":335,
            "아파트명":"농소대동한마음타운",
            "투자타입":"일반",
            "전용면적(m2)":"76.86",
            "전용면적(평)":"23평",
            "법정동주소":"울산시 북구 천곡동 940-6",
            "도로명주소":"울산시 북구 천곡길 165",
            "세대수":90,
            "입주년차":0,
            "용적률점수":"--",
            "건폐율점수":"--",
            "세대당주차수":0,
            "난방방식":30,
            "공급면적":"--",
            "전용률":"--",
            "욕실수":50,
            "현관타입":100,
            "주거총점":49.5,
            "지역구공급총점":0.0,
            "역세권":"NA",
            "30분내 이동가능 거점":"NA",
            "1시간내 이동가능 거점":"NA",
            "교통총점":"NA",
            "백화점":0,
            "아울렛몰":0,
            "대형마트":0,
            "은행":0,
            "병원":0,
            "종합병원":80,
            "공원":0,
            "혐오시설":0,
            "인프라총점":16.0,
            "초등학군":90.0,
            "중학군":52.32,
            "학군총점":59.856,
            "인구수":24.72,
            "인구증감":-3.15,
            "인구총점":16.359,
            "일자리":15.0,
            "소득수준":93.27,
            "일자리총점":38.481,
            "가치 총점":38.689,
            "매매실거래년":20220110.0,
            "매매실거래가":10500.0,
            "전세실거래년":20220219.0,
            "전세실거래가":10500.0,
            "전세가율":100.0,
            "장기전세가율평균":70.07,
            "전세가율거품지수":-29.93,
            "검색코드":11604,
            "세대수":936.0,
            "준공년월":"1998-03-01",
            "준공년차":25.0,
            "가까운역이름":"NA",
            "가까운역거리":"NA",
            "역세권여부":"NA",
            "30분이내주요거점역":"NA",
            "30분거점역이름":"NA",
            "1시간이내주요거점역":"NA",
            "1시간거점역이름":"NA",
            "3km이내백화점수":0,
            "5km이내아울렛몰수":0,
            "1km이내대형먀트수":0,
            "500m이내은행수":0,
            "500m이내병원수":0,
            "5km이내대형병원수":1,
            "500m이내공원수":0,
            "3km이내혐오시설수":0,
            "초등학교학업성취도":90.0,
            "중학교학업성취도":85.2,
            "용적률":239,
            "건폐율":21,
            "Y":35.63844,
            "X":129.327252,
            "rank":56.0,
            "area_info":"23평(76.86)",
            "last_sales":"2022-01-10,10500.0,23평(76.86)",
            "rank_history":[
                [
                    "202203",
                    56
                ],
                [
                    "202202",
                    53
                ],
                [
                    "202201",
                    56
                ]
            ],
            "rank_gap":-3
        },
        {
            "index":135,
            "아파트명":"힐스테이트강동",
            "투자타입":"일반",
            "전용면적(m2)":"113.01",
            "전용면적(평)":"34평",
            "법정동주소":"울산시 북구 산하동 968-2",
            "도로명주소":"울산시 북구 강동산하5로 52",
            "세대수":50,
            "입주년차":80,
            "용적률점수":"--",
            "건폐율점수":"--",
            "세대당주차수":30,
            "난방방식":30,
            "공급면적":"--",
            "전용률":"--",
            "욕실수":100,
            "현관타입":100,
            "주거총점":61.0,
            "지역구공급총점":0.0,
            "역세권":"NA",
            "30분내 이동가능 거점":"NA",
            "1시간내 이동가능 거점":"NA",
            "교통총점":"NA",
            "백화점":0,
            "아울렛몰":0,
            "대형마트":0,
            "은행":0,
            "병원":0,
            "종합병원":0,
            "공원":100,
            "혐오시설":0,
            "인프라총점":3.0,
            "초등학군":90.0,
            "중학군":54.16,
            "학군총점":61.328,
            "인구수":24.72,
            "인구증감":-3.15,
            "인구총점":16.359,
            "일자리":15.0,
            "소득수준":93.27,
            "일자리총점":38.481,
            "가치 총점":37.882,
            "매매실거래년":20220119.0,
            "매매실거래가":33000.0,
            "전세실거래년":20220213.0,
            "전세실거래가":28000.0,
            "전세가율":84.85,
            "장기전세가율평균":70.07,
            "전세가율거품지수":-14.78,
            "검색코드":109228,
            "세대수":696.0,
            "준공년월":"2017-03-28",
            "준공년차":6.0,
            "가까운역이름":"NA",
            "가까운역거리":"NA",
            "역세권여부":"NA",
            "30분이내주요거점역":"NA",
            "30분거점역이름":"NA",
            "1시간이내주요거점역":"NA",
            "1시간거점역이름":"NA",
            "3km이내백화점수":0,
            "5km이내아울렛몰수":0,
            "1km이내대형먀트수":0,
            "500m이내은행수":0,
            "500m이내병원수":0,
            "5km이내대형병원수":0,
            "500m이내공원수":2,
            "3km이내혐오시설수":0,
            "초등학교학업성취도":90.0,
            "중학교학업성취도":85.8,
            "용적률":249,
            "건폐율":13,
            "Y":35.638438,
            "X":129.436996,
            "rank":57.0,
            "area_info":"34평(113.01), 34평(113.75)",
            "last_sales":"2022-01-19,33000.0,34평(113.01)",
            "rank_history":[
                [
                    "202203",
                    57
                ],
                [
                    "202202",
                    55
                ],
                [
                    "202201",
                    61
                ]
            ],
            "rank_gap":-2
        },
        {
            "index":252,
            "아파트명":"성원",
            "투자타입":"일반",
            "전용면적(m2)":"65.23",
            "전용면적(평)":"19평",
            "법정동주소":"울산시 북구 연암동 402-1",
            "도로명주소":"울산시 북구 화봉로 54",
            "세대수":50,
            "입주년차":0,
            "용적률점수":"--",
            "건폐율점수":"--",
            "세대당주차수":0,
            "난방방식":30,
            "공급면적":"--",
            "전용률":"--",
            "욕실수":50,
            "현관타입":10,
            "주거총점":26.5,
            "지역구공급총점":0.0,
            "역세권":"NA",
            "30분내 이동가능 거점":"NA",
            "1시간내 이동가능 거점":"NA",
            "교통총점":"NA",
            "백화점":0,
            "아울렛몰":0,
            "대형마트":80,
            "은행":0,
            "병원":0,
            "종합병원":100,
            "공원":100,
            "혐오시설":0,
            "인프라총점":35.0,
            "초등학군":89.99,
            "중학군":47.28,
            "학군총점":55.822,
            "인구수":24.72,
            "인구증감":-3.15,
            "인구총점":16.359,
            "일자리":15.0,
            "소득수준":93.27,
            "일자리총점":38.481,
            "가치 총점":37.2305,
            "매매실거래년":20220212.0,
            "매매실거래가":15800.0,
            "전세실거래년":20220208.0,
            "전세실거래가":8400.0,
            "전세가율":53.16,
            "장기전세가율평균":70.07,
            "전세가율거품지수":16.91,
            "검색코드":11587,
            "세대수":464.0,
            "준공년월":"1996-07-04",
            "준공년차":27.0,
            "가까운역이름":"NA",
            "가까운역거리":"NA",
            "역세권여부":"NA",
            "30분이내주요거점역":"NA",
            "30분거점역이름":"NA",
            "1시간이내주요거점역":"NA",
            "1시간거점역이름":"NA",
            "3km이내백화점수":0,
            "5km이내아울렛몰수":0,
            "1km이내대형먀트수":1,
            "500m이내은행수":1,
            "500m이내병원수":0,
            "5km이내대형병원수":3,
            "500m이내공원수":6,
            "3km이내혐오시설수":0,
            "초등학교학업성취도":89.99,
            "중학교학업성취도":78.0,
            "용적률":109,
            "건폐율":15,
            "Y":35.587829,
            "X":129.364703,
            "rank":58.0,
            "area_info":"19평(65.23)",
            "last_sales":"2022-02-12,15800.0,19평(65.23)",
            "rank_history":[
                [
                    "202203",
                    58
                ],
                [
                    "202202",
                    56
                ],
                [
                    "202201",
                    55
                ]
            ],
            "rank_gap":-2
        },
        {
            "index":412,
            "아파트명":"청우그린파크맨션",
            "투자타입":"일반",
            "전용면적(m2)":"106.17",
            "전용면적(평)":"32평",
            "법정동주소":"울산시 북구 화봉동 894-1",
            "도로명주소":"울산시 북구 사청1길 37",
            "세대수":0,
            "입주년차":0,
            "용적률점수":"--",
            "건폐율점수":"--",
            "세대당주차수":0,
            "난방방식":30,
            "공급면적":"--",
            "전용률":"--",
            "욕실수":100,
            "현관타입":100,
            "주거총점":23.0,
            "지역구공급총점":0.0,
            "역세권":"NA",
            "30분내 이동가능 거점":"NA",
            "1시간내 이동가능 거점":"NA",
            "교통총점":"NA",
            "백화점":0,
            "아울렛몰":0,
            "대형마트":100,
            "은행":0,
            "병원":0,
            "종합병원":100,
            "공원":100,
            "혐오시설":0,
            "인프라총점":38.0,
            "초등학군":89.99,
            "중학군":47.28,
            "학군총점":55.822,
            "인구수":24.72,
            "인구증감":-3.15,
            "인구총점":16.359,
            "일자리":15.0,
            "소득수준":93.27,
            "일자리총점":38.481,
            "가치 총점":37.2055,
            "매매실거래년":20211007.0,
            "매매실거래가":22000.0,
            "전세실거래년":20210705.0,
            "전세실거래가":10500.0,
            "전세가율":47.73,
            "장기전세가율평균":70.07,
            "전세가율거품지수":22.34,
            "검색코드":11583,
            "세대수":211.0,
            "준공년월":"1995-07-29",
            "준공년차":28.0,
            "가까운역이름":"NA",
            "가까운역거리":"NA",
            "역세권여부":"NA",
            "30분이내주요거점역":"NA",
            "30분거점역이름":"NA",
            "1시간이내주요거점역":"NA",
            "1시간거점역이름":"NA",
            "3km이내백화점수":0,
            "5km이내아울렛몰수":0,
            "1km이내대형먀트수":2,
            "500m이내은행수":1,
            "500m이내병원수":0,
            "5km이내대형병원수":3,
            "500m이내공원수":6,
            "3km이내혐오시설수":0,
            "초등학교학업성취도":89.99,
            "중학교학업성취도":78.0,
            "용적률":199,
            "건폐율":26,
            "Y":35.58753,
            "X":129.362469,
            "rank":59.0,
            "area_info":"32평(106.17), 32평(106.13)",
            "last_sales":"2021-10-07,22000.0,32평(106.17)",
            "rank_history":[
                [
                    "202203",
                    59
                ],
                [
                    "202202",
                    57
                ],
                [
                    "202201",
                    59
                ]
            ],
            "rank_gap":-2
        },
        {
            "index":344,
            "아파트명":"새천곡한신휴플러스1단지",
            "투자타입":"일반",
            "전용면적(m2)":"109.84",
            "전용면적(평)":"33평",
            "법정동주소":"울산시 북구 천곡동 1152",
            "도로명주소":"울산시 북구 천곡남로 97",
            "세대수":0,
            "입주년차":60,
            "용적률점수":"--",
            "건폐율점수":"--",
            "세대당주차수":30,
            "난방방식":30,
            "공급면적":"--",
            "전용률":"--",
            "욕실수":100,
            "현관타입":100,
            "주거총점":39.5,
            "지역구공급총점":0.0,
            "역세권":"NA",
            "30분내 이동가능 거점":"NA",
            "1시간내 이동가능 거점":"NA",
            "교통총점":"NA",
            "백화점":0,
            "아울렛몰":0,
            "대형마트":0,
            "은행":0,
            "병원":0,
            "종합병원":80,
            "공원":100,
            "혐오시설":0,
            "인프라총점":19.0,
            "초등학군":90.0,
            "중학군":52.32,
            "학군총점":59.856,
            "인구수":24.72,
            "인구증감":-3.15,
            "인구총점":16.359,
            "일자리":15.0,
            "소득수준":93.27,
            "일자리총점":38.481,
            "가치 총점":36.389,
            "매매실거래년":20201117.0,
            "매매실거래가":41100.0,
            "전세실거래년":null,
            "전세실거래가":null,
            "전세가율":null,
            "장기전세가율평균":70.07,
            "전세가율거품지수":null,
            "검색코드":103598,
            "세대수":246.0,
            "준공년월":"2013-11-25",
            "준공년차":10.0,
            "가까운역이름":"NA",
            "가까운역거리":"NA",
            "역세권여부":"NA",
            "30분이내주요거점역":"NA",
            "30분거점역이름":"NA",
            "1시간이내주요거점역":"NA",
            "1시간거점역이름":"NA",
            "3km이내백화점수":0,
            "5km이내아울렛몰수":0,
            "1km이내대형먀트수":0,
            "500m이내은행수":0,
            "500m이내병원수":0,
            "5km이내대형병원수":1,
            "500m이내공원수":2,
            "3km이내혐오시설수":0,
            "초등학교학업성취도":90.0,
            "중학교학업성취도":85.2,
            "용적률":249,
            "건폐율":20,
            "Y":35.637014,
            "X":129.331523,
            "rank":60.0,
            "area_info":"33평(109.84), 33평(110.21), 48평(159.81), 49평(164.36)",
            "last_sales":"2020-11-17,41100.0,49평(164.36)",
            "rank_history":[
                [
                    "202203",
                    60
                ],
                [
                    "202202",
                    59
                ],
                [
                    "202201",
                    62
                ]
            ],
            "rank_gap":-1
        },
        {
            "index":348,
            "아파트명":"새천곡한신휴플러스2단지",
            "투자타입":"일반",
            "전용면적(m2)":"92.84",
            "전용면적(평)":"28평",
            "법정동주소":"울산시 북구 천곡동 1153",
            "도로명주소":"울산시 북구 천곡남로 95",
            "세대수":0,
            "입주년차":60,
            "용적률점수":"--",
            "건폐율점수":"--",
            "세대당주차수":30,
            "난방방식":30,
            "공급면적":"--",
            "전용률":"--",
            "욕실수":100,
            "현관타입":100,
            "주거총점":39.5,
            "지역구공급총점":0.0,
            "역세권":"NA",
            "30분내 이동가능 거점":"NA",
            "1시간내 이동가능 거점":"NA",
            "교통총점":"NA",
            "백화점":0,
            "아울렛몰":0,
            "대형마트":0,
            "은행":0,
            "병원":0,
            "종합병원":80,
            "공원":100,
            "혐오시설":0,
            "인프라총점":19.0,
            "초등학군":89.99,
            "중학군":52.32,
            "학군총점":59.854,
            "인구수":24.72,
            "인구증감":-3.15,
            "인구총점":16.359,
            "일자리":15.0,
            "소득수준":93.27,
            "일자리총점":38.481,
            "가치 총점":36.3885,
            "매매실거래년":20220223.0,
            "매매실거래가":30500.0,
            "전세실거래년":20211024.0,
            "전세실거래가":24500.0,
            "전세가율":96.08,
            "장기전세가율평균":70.07,
            "전세가율거품지수":-26.01,
            "검색코드":103599,
            "세대수":281.0,
            "준공년월":"2013-11-25",
            "준공년차":10.0,
            "가까운역이름":"NA",
            "가까운역거리":"NA",
            "역세권여부":"NA",
            "30분이내주요거점역":"NA",
            "30분거점역이름":"NA",
            "1시간이내주요거점역":"NA",
            "1시간거점역이름":"NA",
            "3km이내백화점수":0,
            "5km이내아울렛몰수":0,
            "1km이내대형먀트수":0,
            "500m이내은행수":0,
            "500m이내병원수":0,
            "5km이내대형병원수":1,
            "500m이내공원수":2,
            "3km이내혐오시설수":0,
            "초등학교학업성취도":89.99,
            "중학교학업성취도":85.2,
            "용적률":189,
            "건폐율":17,
            "Y":35.636407,
            "X":129.331833,
            "rank":61.0,
            "area_info":"28평(92.84), 28평(93.94), 33평(109.92), 33평(109.55), 34평(113.9), 44평(145.72), 45평(150.2), 48평(159.39), 49평(163.93), 49평(164.02)",
            "last_sales":"2022-02-23,30500.0,34평(113.9)",
            "rank_history":[
                [
                    "202203",
                    61
                ],
                [
                    "202202",
                    60
                ],
                [
                    "202201",
                    62
                ]
            ],
            "rank_gap":-1
        },
        {
            "index":172,
            "아파트명":"무지개타운",
            "투자타입":"일반",
            "전용면적(m2)":"75.35",
            "전용면적(평)":"22평",
            "법정동주소":"울산시 북구 신천동 244",
            "도로명주소":"울산시 북구 제내5길 26",
            "세대수":30,
            "입주년차":0,
            "용적률점수":"--",
            "건폐율점수":"--",
            "세대당주차수":0,
            "난방방식":30,
            "공급면적":"--",
            "전용률":"--",
            "욕실수":50,
            "현관타입":100,
            "주거총점":28.5,
            "지역구공급총점":0.0,
            "역세권":"NA",
            "30분내 이동가능 거점":"NA",
            "1시간내 이동가능 거점":"NA",
            "교통총점":"NA",
            "백화점":0,
            "아울렛몰":0,
            "대형마트":80,
            "은행":20,
            "병원":0,
            "종합병원":80,
            "공원":100,
            "혐오시설":0,
            "인프라총점":33.0,
            "초등학군":90.0,
            "중학군":43.34,
            "학군총점":52.672,
            "인구수":24.72,
            "인구증감":-3.15,
            "인구총점":16.359,
            "일자리":15.0,
            "소득수준":93.27,
            "일자리총점":38.481,
            "가치 총점":36.343,
            "매매실거래년":20220219.0,
            "매매실거래가":9900.0,
            "전세실거래년":20211103.0,
            "전세실거래가":8500.0,
            "전세가율":85.86,
            "장기전세가율평균":70.07,
            "전세가율거품지수":-15.79,
            "검색코드":6583,
            "세대수":378.0,
            "준공년월":"1993-10-29",
            "준공년차":30.0,
            "가까운역이름":"NA",
            "가까운역거리":"NA",
            "역세권여부":"NA",
            "30분이내주요거점역":"NA",
            "30분거점역이름":"NA",
            "1시간이내주요거점역":"NA",
            "1시간거점역이름":"NA",
            "3km이내백화점수":0,
            "5km이내아울렛몰수":0,
            "1km이내대형먀트수":1,
            "500m이내은행수":2,
            "500m이내병원수":0,
            "5km이내대형병원수":1,
            "500m이내공원수":2,
            "3km이내혐오시설수":0,
            "초등학교학업성취도":90.0,
            "중학교학업성취도":71.9,
            "용적률":0,
            "건폐율":0,
            "Y":35.634781,
            "X":129.351579,
            "rank":62.0,
            "area_info":"22평(75.35), 27평(91.58), 29평(98.91), 30평(101.8), 31평(103.13)",
            "last_sales":"2022-02-19,9900.0,22평(75.35)",
            "rank_history":[
                [
                    "202203",
                    62
                ],
                [
                    "202202",
                    58
                ],
                [
                    "202201",
                    57
                ]
            ],
            "rank_gap":-4
        },
        {
            "index":83,
            "아파트명":"현대파크맨션",
            "투자타입":"일반",
            "전용면적(m2)":"73.4",
            "전용면적(평)":"22평",
            "법정동주소":"울산시 북구 매곡동 422-2",
            "도로명주소":"울산시 북구 신기3길 19-6",
            "세대수":50,
            "입주년차":0,
            "용적률점수":"--",
            "건폐율점수":"--",
            "세대당주차수":0,
            "난방방식":30,
            "공급면적":"--",
            "전용률":"--",
            "욕실수":50,
            "현관타입":100,
            "주거총점":35.5,
            "지역구공급총점":0.0,
            "역세권":"NA",
            "30분내 이동가능 거점":"NA",
            "1시간내 이동가능 거점":"NA",
            "교통총점":"NA",
            "백화점":0,
            "아울렛몰":0,
            "대형마트":0,
            "은행":0,
            "병원":0,
            "종합병원":80,
            "공원":100,
            "혐오시설":0,
            "인프라총점":19.0,
            "초등학군":90.0,
            "중학군":59.02,
            "학군총점":65.216,
            "인구수":24.72,
            "인구증감":-3.15,
            "인구총점":16.359,
            "일자리":15.0,
            "소득수준":93.27,
            "일자리총점":38.481,
            "가치 총점":36.329,
            "매매실거래년":20211227.0,
            "매매실거래가":16500.0,
            "전세실거래년":20220121.0,
            "전세실거래가":13000.0,
            "전세가율":93.53,
            "장기전세가율평균":70.07,
            "전세가율거품지수":-23.46,
            "검색코드":6558,
            "세대수":443.0,
            "준공년월":"1996-06-26",
            "준공년차":27.0,
            "가까운역이름":"NA",
            "가까운역거리":"NA",
            "역세권여부":"NA",
            "30분이내주요거점역":"NA",
            "30분거점역이름":"NA",
            "1시간이내주요거점역":"NA",
            "1시간거점역이름":"NA",
            "3km이내백화점수":0,
            "5km이내아울렛몰수":0,
            "1km이내대형먀트수":0,
            "500m이내은행수":0,
            "500m이내병원수":0,
            "5km이내대형병원수":1,
            "500m이내공원수":6,
            "3km이내혐오시설수":0,
            "초등학교학업성취도":90.0,
            "중학교학업성취도":95.1,
            "용적률":241,
            "건폐율":30,
            "Y":35.645163,
            "X":129.35404,
            "rank":63.0,
            "area_info":"22평(73.4), 26평(87.59), 31평(104.62)",
            "last_sales":"2021-12-27,16500.0,31평(104.62)",
            "rank_history":[
                [
                    "202203",
                    63
                ],
                [
                    "202202",
                    61
                ],
                [
                    "202201",
                    58
                ]
            ],
            "rank_gap":-2
        },
        {
            "index":399,
            "아파트명":"대우",
            "투자타입":"일반",
            "전용면적(m2)":"74.77",
            "전용면적(평)":"22평",
            "법정동주소":"울산시 북구 화봉동 426",
            "도로명주소":"울산시 북구 상방로 65",
            "세대수":0,
            "입주년차":0,
            "용적률점수":"--",
            "건폐율점수":"--",
            "세대당주차수":0,
            "난방방식":30,
            "공급면적":"--",
            "전용률":"--",
            "욕실수":50,
            "현관타입":100,
            "주거총점":18.0,
            "지역구공급총점":0.0,
            "역세권":"NA",
            "30분내 이동가능 거점":"NA",
            "1시간내 이동가능 거점":"NA",
            "교통총점":"NA",
            "백화점":0,
            "아울렛몰":0,
            "대형마트":80,
            "은행":20,
            "병원":0,
            "종합병원":100,
            "공원":100,
            "혐오시설":0,
            "인프라총점":37.0,
            "초등학군":89.99,
            "중학군":47.28,
            "학군총점":55.822,
            "인구수":24.72,
            "인구증감":-3.15,
            "인구총점":16.359,
            "일자리":15.0,
            "소득수준":93.27,
            "일자리총점":38.481,
            "가치 총점":35.0555,
            "매매실거래년":20220203.0,
            "매매실거래가":20500.0,
            "전세실거래년":20220105.0,
            "전세실거래가":12600.0,
            "전세가율":67.02,
            "장기전세가율평균":70.07,
            "전세가율거품지수":3.05,
            "검색코드":14701,
            "세대수":240.0,
            "준공년월":"1995-11-30",
            "준공년차":28.0,
            "가까운역이름":"NA",
            "가까운역거리":"NA",
            "역세권여부":"NA",
            "30분이내주요거점역":"NA",
            "30분거점역이름":"NA",
            "1시간이내주요거점역":"NA",
            "1시간거점역이름":"NA",
            "3km이내백화점수":0,
            "5km이내아울렛몰수":0,
            "1km이내대형먀트수":1,
            "500m이내은행수":2,
            "500m이내병원수":0,
            "5km이내대형병원수":3,
            "500m이내공원수":15,
            "3km이내혐오시설수":0,
            "초등학교학업성취도":89.99,
            "중학교학업성취도":78.0,
            "용적률":114,
            "건폐율":19,
            "Y":35.59231,
            "X":129.363797,
            "rank":64.0,
            "area_info":"22평(74.77), 26평(88.76), 31평(102.7)",
            "last_sales":"2022-02-03,20500.0,26평(88.76)",
            "rank_history":[
                [
                    "202203",
                    64
                ],
                [
                    "202202",
                    62
                ],
                [
                    "202201",
                    63
                ]
            ],
            "rank_gap":-2
        },
        {
            "index":216,
            "아파트명":"호계청구타운",
            "투자타입":"일반",
            "전용면적(m2)":"78.57",
            "전용면적(평)":"23평",
            "법정동주소":"울산시 북구 신천동 486-1",
            "도로명주소":"울산시 북구 호계로 402",
            "세대수":0,
            "입주년차":0,
            "용적률점수":"--",
            "건폐율점수":"--",
            "세대당주차수":0,
            "난방방식":30,
            "공급면적":"--",
            "전용률":"--",
            "욕실수":50,
            "현관타입":100,
            "주거총점":18.0,
            "지역구공급총점":0.0,
            "역세권":"NA",
            "30분내 이동가능 거점":"NA",
            "1시간내 이동가능 거점":"NA",
            "교통총점":"NA",
            "백화점":0,
            "아울렛몰":0,
            "대형마트":80,
            "은행":0,
            "병원":0,
            "종합병원":80,
            "공원":100,
            "혐오시설":0,
            "인프라총점":31.0,
            "초등학군":89.98,
            "중학군":59.02,
            "학군총점":65.212,
            "인구수":24.72,
            "인구증감":-3.15,
            "인구총점":16.359,
            "일자리":15.0,
            "소득수준":93.27,
            "일자리총점":38.481,
            "가치 총점":35.003,
            "매매실거래년":20211224.0,
            "매매실거래가":11500.0,
            "전세실거래년":20211217.0,
            "전세실거래가":9800.0,
            "전세가율":83.76,
            "장기전세가율평균":70.07,
            "전세가율거품지수":-13.69,
            "검색코드":11589,
            "세대수":214.0,
            "준공년월":"1998-08-05",
            "준공년차":25.0,
            "가까운역이름":"NA",
            "가까운역거리":"NA",
            "역세권여부":"NA",
            "30분이내주요거점역":"NA",
            "30분거점역이름":"NA",
            "1시간이내주요거점역":"NA",
            "1시간거점역이름":"NA",
            "3km이내백화점수":0,
            "5km이내아울렛몰수":0,
            "1km이내대형먀트수":1,
            "500m이내은행수":0,
            "500m이내병원수":0,
            "5km이내대형병원수":1,
            "500m이내공원수":7,
            "3km이내혐오시설수":0,
            "초등학교학업성취도":89.98,
            "중학교학업성취도":95.1,
            "용적률":417,
            "건폐율":29,
            "Y":35.638578,
            "X":129.347348,
            "rank":65.0,
            "area_info":"23평(78.57), 28평(95.71), 33평(110.46)",
            "last_sales":"2021-12-24,11500.0,33평(110.46)",
            "rank_history":[
                [
                    "202203",
                    65
                ],
                [
                    "202202",
                    64
                ],
                [
                    "202201",
                    65
                ]
            ],
            "rank_gap":-1
        },
        {
            "index":393,
            "아파트명":"코아루2차",
            "투자타입":"일반",
            "전용면적(m2)":"115.46",
            "전용면적(평)":"34평",
            "법정동주소":"울산시 북구 천곡동 500",
            "도로명주소":"울산시 북구 천곡남로 65",
            "세대수":0,
            "입주년차":40,
            "용적률점수":"--",
            "건폐율점수":"--",
            "세대당주차수":30,
            "난방방식":30,
            "공급면적":"--",
            "전용률":"--",
            "욕실수":100,
            "현관타입":100,
            "주거총점":35.5,
            "지역구공급총점":0.0,
            "역세권":"NA",
            "30분내 이동가능 거점":"NA",
            "1시간내 이동가능 거점":"NA",
            "교통총점":"NA",
            "백화점":0,
            "아울렛몰":0,
            "대형마트":0,
            "은행":0,
            "병원":0,
            "종합병원":80,
            "공원":100,
            "혐오시설":0,
            "인프라총점":19.0,
            "초등학군":89.99,
            "중학군":52.32,
            "학군총점":59.854,
            "인구수":24.72,
            "인구증감":-3.15,
            "인구총점":16.359,
            "일자리":15.0,
            "소득수준":93.27,
            "일자리총점":38.481,
            "가치 총점":34.9885,
            "매매실거래년":20211216.0,
            "매매실거래가":26500.0,
            "전세실거래년":20220213.0,
            "전세실거래가":25000.0,
            "전세가율":94.34,
            "장기전세가율평균":70.07,
            "전세가율거품지수":-24.27,
            "검색코드":101095,
            "세대수":270.0,
            "준공년월":"2008-03-21",
            "준공년차":15.0,
            "가까운역이름":"NA",
            "가까운역거리":"NA",
            "역세권여부":"NA",
            "30분이내주요거점역":"NA",
            "30분거점역이름":"NA",
            "1시간이내주요거점역":"NA",
            "1시간거점역이름":"NA",
            "3km이내백화점수":0,
            "5km이내아울렛몰수":0,
            "1km이내대형먀트수":0,
            "500m이내은행수":0,
            "500m이내병원수":0,
            "5km이내대형병원수":1,
            "500m이내공원수":2,
            "3km이내혐오시설수":0,
            "초등학교학업성취도":89.99,
            "중학교학업성취도":85.2,
            "용적률":245,
            "건폐율":16,
            "Y":35.634992,
            "X":129.334261,
            "rank":66.0,
            "area_info":"34평(115.46)",
            "last_sales":"2021-12-16,26500.0,34평(115.46)",
            "rank_history":[
                [
                    "202203",
                    66
                ],
                [
                    "202202",
                    63
                ],
                [
                    "202201",
                    64
                ]
            ],
            "rank_gap":-3
        },
        {
            "index":323,
            "아파트명":"현대글로리아",
            "투자타입":"일반",
            "전용면적(m2)":"73.24",
            "전용면적(평)":"22평",
            "법정동주소":"울산시 북구 중산동 621",
            "도로명주소":"울산시 북구 이화5길 23",
            "세대수":50,
            "입주년차":0,
            "용적률점수":"--",
            "건폐율점수":"--",
            "세대당주차수":0,
            "난방방식":30,
            "공급면적":"--",
            "전용률":"--",
            "욕실수":50,
            "현관타입":100,
            "주거총점":35.5,
            "지역구공급총점":0.0,
            "역세권":"NA",
            "30분내 이동가능 거점":"NA",
            "1시간내 이동가능 거점":"NA",
            "교통총점":"NA",
            "백화점":0,
            "아울렛몰":0,
            "대형마트":0,
            "은행":0,
            "병원":0,
            "종합병원":80,
            "공원":100,
            "혐오시설":0,
            "인프라총점":19.0,
            "초등학군":89.98,
            "중학군":50.28,
            "학군총점":58.22,
            "인구수":24.72,
            "인구증감":-3.15,
            "인구총점":16.359,
            "일자리":15.0,
            "소득수준":93.27,
            "일자리총점":38.481,
            "가치 총점":34.58,
            "매매실거래년":20220122.0,
            "매매실거래가":6500.0,
            "전세실거래년":20220203.0,
            "전세실거래가":6000.0,
            "전세가율":92.31,
            "장기전세가율평균":70.07,
            "전세가율거품지수":-22.24,
            "검색코드":11575,
            "세대수":613.0,
            "준공년월":"1996-10-17",
            "준공년차":27.0,
            "가까운역이름":"NA",
            "가까운역거리":"NA",
            "역세권여부":"NA",
            "30분이내주요거점역":"NA",
            "30분거점역이름":"NA",
            "1시간이내주요거점역":"NA",
            "1시간거점역이름":"NA",
            "3km이내백화점수":0,
            "5km이내아울렛몰수":0,
            "1km이내대형먀트수":0,
            "500m이내은행수":0,
            "500m이내병원수":0,
            "5km이내대형병원수":1,
            "500m이내공원수":2,
            "3km이내혐오시설수":0,
            "초등학교학업성취도":89.98,
            "중학교학업성취도":83.8,
            "용적률":332,
            "건폐율":24,
            "Y":35.662151,
            "X":129.337993,
            "rank":67.0,
            "area_info":"22평(73.24), 22평(73.65), 26평(88.76), 28평(93.89), 29평(96.82), 29평(97.04), 29평(97.4), 31평(104.89), 31평(105.02)",
            "last_sales":"2022-01-22,6500.0,22평(73.24)",
            "rank_history":[
                [
                    "202203",
                    67
                ],
                [
                    "202202",
                    65
                ],
                [
                    "202201",
                    69
                ]
            ],
            "rank_gap":-2
        },
        {
            "index":318,
            "아파트명":"현대",
            "투자타입":"일반",
            "전용면적(m2)":"74.25",
            "전용면적(평)":"22평",
            "법정동주소":"울산시 북구 중산동 622",
            "도로명주소":"울산시 북구 이화5길 20",
            "세대수":50,
            "입주년차":0,
            "용적률점수":"--",
            "건폐율점수":"--",
            "세대당주차수":0,
            "난방방식":30,
            "공급면적":"--",
            "전용률":"--",
            "욕실수":50,
            "현관타입":100,
            "주거총점":35.5,
            "지역구공급총점":0.0,
            "역세권":"NA",
            "30분내 이동가능 거점":"NA",
            "1시간내 이동가능 거점":"NA",
            "교통총점":"NA",
            "백화점":0,
            "아울렛몰":0,
            "대형마트":0,
            "은행":0,
            "병원":0,
            "종합병원":80,
            "공원":100,
            "혐오시설":0,
            "인프라총점":19.0,
            "초등학군":89.98,
            "중학군":50.28,
            "학군총점":58.22,
            "인구수":24.72,
            "인구증감":-3.15,
            "인구총점":16.359,
            "일자리":15.0,
            "소득수준":93.27,
            "일자리총점":38.481,
            "가치 총점":34.58,
            "매매실거래년":20220114.0,
            "매매실거래가":12800.0,
            "전세실거래년":20211111.0,
            "전세실거래가":5000.0,
            "전세가율":79.37,
            "장기전세가율평균":70.07,
            "전세가율거품지수":-9.3,
            "검색코드":11576,
            "세대수":465.0,
            "준공년월":"1995-07-31",
            "준공년차":28.0,
            "가까운역이름":"NA",
            "가까운역거리":"NA",
            "역세권여부":"NA",
            "30분이내주요거점역":"NA",
            "30분거점역이름":"NA",
            "1시간이내주요거점역":"NA",
            "1시간거점역이름":"NA",
            "3km이내백화점수":0,
            "5km이내아울렛몰수":0,
            "1km이내대형먀트수":0,
            "500m이내은행수":0,
            "500m이내병원수":0,
            "5km이내대형병원수":1,
            "500m이내공원수":2,
            "3km이내혐오시설수":0,
            "초등학교학업성취도":89.98,
            "중학교학업성취도":83.8,
            "용적률":304,
            "건폐율":22,
            "Y":35.663456,
            "X":129.338169,
            "rank":67.0,
            "area_info":"22평(74.25), 26평(87.87), 29평(97.78), 29평(98.74), 32평(105.88)",
            "last_sales":"2022-01-14,12800.0,29평(98.74)",
            "rank_history":[
                [
                    "202203",
                    67
                ],
                [
                    "202202",
                    65
                ],
                [
                    "202201",
                    69
                ]
            ],
            "rank_gap":-2
        },
        {
            "index":371,
            "아파트명":"우방",
            "투자타입":"일반",
            "전용면적(m2)":"63.66",
            "전용면적(평)":"19평",
            "법정동주소":"울산시 북구 천곡동 940-1",
            "도로명주소":"울산시 북구 천곡길 199",
            "세대수":80,
            "입주년차":0,
            "용적률점수":"--",
            "건폐율점수":"--",
            "세대당주차수":0,
            "난방방식":30,
            "공급면적":"--",
            "전용률":"--",
            "욕실수":50,
            "현관타입":10,
            "주거총점":37.0,
            "지역구공급총점":0.0,
            "역세권":"NA",
            "30분내 이동가능 거점":"NA",
            "1시간내 이동가능 거점":"NA",
            "교통총점":"NA",
            "백화점":0,
            "아울렛몰":0,
            "대형마트":0,
            "은행":0,
            "병원":0,
            "종합병원":80,
            "공원":0,
            "혐오시설":0,
            "인프라총점":16.0,
            "초등학군":90.0,
            "중학군":52.32,
            "학군총점":59.856,
            "인구수":24.72,
            "인구증감":-3.15,
            "인구총점":16.359,
            "일자리":15.0,
            "소득수준":93.27,
            "일자리총점":38.481,
            "가치 총점":34.314,
            "매매실거래년":20220207.0,
            "매매실거래가":7300.0,
            "전세실거래년":20220222.0,
            "전세실거래가":6400.0,
            "전세가율":87.67,
            "장기전세가율평균":70.07,
            "전세가율거품지수":-17.6,
            "검색코드":101777,
            "세대수":750.0,
            "준공년월":"1998-06-02",
            "준공년차":25.0,
            "가까운역이름":"NA",
            "가까운역거리":"NA",
            "역세권여부":"NA",
            "30분이내주요거점역":"NA",
            "30분거점역이름":"NA",
            "1시간이내주요거점역":"NA",
            "1시간거점역이름":"NA",
            "3km이내백화점수":0,
            "5km이내아울렛몰수":0,
            "1km이내대형먀트수":0,
            "500m이내은행수":0,
            "500m이내병원수":0,
            "5km이내대형병원수":1,
            "500m이내공원수":0,
            "3km이내혐오시설수":0,
            "초등학교학업성취도":90.0,
            "중학교학업성취도":85.2,
            "용적률":182,
            "건폐율":14,
            "Y":35.637968,
            "X":129.325113,
            "rank":68.0,
            "area_info":"19평(63.66)",
            "last_sales":"2022-02-07,7300.0,19평(63.66)",
            "rank_history":[
                [
                    "202203",
                    68
                ],
                [
                    "202202",
                    66
                ],
                [
                    "202201",
                    70
                ]
            ],
            "rank_gap":-2
        },
        {
            "index":0,
            "아파트명":"그린카운티1단지",
            "투자타입":"일반",
            "전용면적(m2)":"89.05",
            "전용면적(평)":"26평",
            "법정동주소":"울산시 북구 달천동 107",
            "도로명주소":"울산시 북구 달천로 119",
            "세대수":30,
            "입주년차":40,
            "용적률점수":"--",
            "건폐율점수":"--",
            "세대당주차수":0,
            "난방방식":30,
            "공급면적":"--",
            "전용률":"--",
            "욕실수":100,
            "현관타입":50,
            "주거총점":36.5,
            "지역구공급총점":0.0,
            "역세권":"NA",
            "30분내 이동가능 거점":"NA",
            "1시간내 이동가능 거점":"NA",
            "교통총점":"NA",
            "백화점":0,
            "아울렛몰":0,
            "대형마트":0,
            "은행":0,
            "병원":0,
            "종합병원":80,
            "공원":0,
            "혐오시설":0,
            "인프라총점":16.0,
            "초등학군":90.0,
            "중학군":52.32,
            "학군총점":59.856,
            "인구수":24.72,
            "인구증감":-3.15,
            "인구총점":16.359,
            "일자리":15.0,
            "소득수준":93.27,
            "일자리총점":38.481,
            "가치 총점":34.139,
            "매매실거래년":20220103.0,
            "매매실거래가":18700.0,
            "전세실거래년":20220202.0,
            "전세실거래가":9000.0,
            "전세가율":48.13,
            "장기전세가율평균":70.07,
            "전세가율거품지수":21.94,
            "검색코드":17343,
            "세대수":323.0,
            "준공년월":"2004-12-31",
            "준공년차":19.0,
            "가까운역이름":"NA",
            "가까운역거리":"NA",
            "역세권여부":"NA",
            "30분이내주요거점역":"NA",
            "30분거점역이름":"NA",
            "1시간이내주요거점역":"NA",
            "1시간거점역이름":"NA",
            "3km이내백화점수":0,
            "5km이내아울렛몰수":0,
            "1km이내대형먀트수":0,
            "500m이내은행수":0,
            "500m이내병원수":0,
            "5km이내대형병원수":1,
            "500m이내공원수":0,
            "3km이내혐오시설수":0,
            "초등학교학업성취도":90.0,
            "중학교학업성취도":85.2,
            "용적률":249,
            "건폐율":22,
            "Y":35.631542,
            "X":129.325912,
            "rank":69.0,
            "area_info":"26평(89.05), 32평(108.66), 34평(112.97)",
            "last_sales":"2022-01-03,18700.0,26평(89.05)",
            "rank_history":[
                [
                    "202203",
                    69
                ],
                [
                    "202202",
                    67
                ],
                [
                    "202201",
                    71
                ]
            ],
            "rank_gap":-2
        },
        {
            "index":190,
            "아파트명":"신동",
            "투자타입":"일반",
            "전용면적(m2)":"76.63",
            "전용면적(평)":"23평",
            "법정동주소":"울산시 북구 신천동 430-1",
            "도로명주소":"울산시 북구 호계로 371",
            "세대수":30,
            "입주년차":0,
            "용적률점수":"--",
            "건폐율점수":"--",
            "세대당주차수":0,
            "난방방식":30,
            "공급면적":"--",
            "전용률":"--",
            "욕실수":50,
            "현관타입":10,
            "주거총점":19.5,
            "지역구공급총점":0.0,
            "역세권":"NA",
            "30분내 이동가능 거점":"NA",
            "1시간내 이동가능 거점":"NA",
            "교통총점":"NA",
            "백화점":0,
            "아울렛몰":0,
            "대형마트":80,
            "은행":0,
            "병원":0,
            "종합병원":80,
            "공원":80,
            "혐오시설":0,
            "인프라총점":30.4,
            "초등학군":89.98,
            "중학군":51.7,
            "학군총점":59.356,
            "인구수":24.72,
            "인구증감":-3.15,
            "인구총점":16.359,
            "일자리":15.0,
            "소득수준":93.27,
            "일자리총점":38.481,
            "가치 총점":33.824,
            "매매실거래년":20220128.0,
            "매매실거래가":15000.0,
            "전세실거래년":20211209.0,
            "전세실거래가":10000.0,
            "전세가율":111.11,
            "장기전세가율평균":70.07,
            "전세가율거품지수":-41.04,
            "검색코드":11581,
            "세대수":330.0,
            "준공년월":"1993-05-07",
            "준공년차":30.0,
            "가까운역이름":"NA",
            "가까운역거리":"NA",
            "역세권여부":"NA",
            "30분이내주요거점역":"NA",
            "30분거점역이름":"NA",
            "1시간이내주요거점역":"NA",
            "1시간거점역이름":"NA",
            "3km이내백화점수":0,
            "5km이내아울렛몰수":0,
            "1km이내대형먀트수":1,
            "500m이내은행수":1,
            "500m이내병원수":0,
            "5km이내대형병원수":1,
            "500m이내공원수":1,
            "3km이내혐오시설수":0,
            "초등학교학업성취도":89.98,
            "중학교학업성취도":83.9,
            "용적률":0,
            "건폐율":0,
            "Y":35.635489,
            "X":129.347109,
            "rank":70.0,
            "area_info":"23평(76.63), 26평(87.81), 29평(96.3)",
            "last_sales":"2022-01-28,15000.0,29평(96.3)",
            "rank_history":[
                [
                    "202203",
                    70
                ],
                [
                    "202202",
                    70
                ],
                [
                    "202201",
                    66
                ]
            ],
            "rank_gap":0
        },
        {
            "index":292,
            "아파트명":"약수제일",
            "투자타입":"재건축",
            "전용면적(m2)":"74.95",
            "전용면적(평)":"22평",
            "법정동주소":"울산시 북구 중산동 1010-1",
            "도로명주소":"울산시 북구 약수9길 20",
            "세대수":30,
            "입주년차":"--",
            "용적률점수":0,
            "건폐율점수":80,
            "세대당주차수":"--",
            "난방방식":"--",
            "공급면적":50,
            "전용률":80,
            "욕실수":"--",
            "현관타입":"--",
            "주거총점":31.5,
            "지역구공급총점":0.0,
            "역세권":"NA",
            "30분내 이동가능 거점":"NA",
            "1시간내 이동가능 거점":"NA",
            "교통총점":"NA",
            "백화점":0,
            "아울렛몰":0,
            "대형마트":0,
            "은행":0,
            "병원":0,
            "종합병원":80,
            "공원":0,
            "혐오시설":0,
            "인프라총점":16.0,
            "초등학군":89.98,
            "중학군":59.02,
            "학군총점":65.212,
            "인구수":24.72,
            "인구증감":-3.15,
            "인구총점":16.359,
            "일자리":15.0,
            "소득수준":93.27,
            "일자리총점":38.481,
            "가치 총점":33.728,
            "매매실거래년":20211027.0,
            "매매실거래가":8300.0,
            "전세실거래년":20170804.0,
            "전세실거래가":1000.0,
            "전세가율":18.18,
            "장기전세가율평균":70.07,
            "전세가율거품지수":51.89,
            "검색코드":11579,
            "세대수":364.0,
            "준공년월":"1992-11-11",
            "준공년차":31.0,
            "가까운역이름":"NA",
            "가까운역거리":"NA",
            "역세권여부":"NA",
            "30분이내주요거점역":"NA",
            "30분거점역이름":"NA",
            "1시간이내주요거점역":"NA",
            "1시간거점역이름":"NA",
            "3km이내백화점수":0,
            "5km이내아울렛몰수":0,
            "1km이내대형먀트수":0,
            "500m이내은행수":0,
            "500m이내병원수":0,
            "5km이내대형병원수":1,
            "500m이내공원수":0,
            "3km이내혐오시설수":0,
            "초등학교학업성취도":89.98,
            "중학교학업성취도":95.1,
            "용적률":285,
            "건폐율":27,
            "Y":35.648254,
            "X":129.33955,
            "rank":71.0,
            "area_info":"22평(74.95), 29평(98.25), 30평(99.67), 31평(102.53), 32평(105.84), 31평(105.65)",
            "last_sales":"2021-10-27,8300.0,31평(105.65)",
            "rank_history":[
                [
                    "202203",
                    71
                ],
                [
                    "202202",
                    68
                ],
                [
                    "202201",
                    72
                ]
            ],
            "rank_gap":-3
        },
        {
            "index":385,
            "아파트명":"천곡웰빙",
            "투자타입":"일반",
            "전용면적(m2)":"74.32",
            "전용면적(평)":"22평",
            "법정동주소":"울산시 북구 천곡동 674",
            "도로명주소":"울산시 북구 덕곡길 18",
            "세대수":0,
            "입주년차":60,
            "용적률점수":"--",
            "건폐율점수":"--",
            "세대당주차수":30,
            "난방방식":30,
            "공급면적":"--",
            "전용률":"--",
            "욕실수":50,
            "현관타입":100,
            "주거총점":34.5,
            "지역구공급총점":0.0,
            "역세권":"NA",
            "30분내 이동가능 거점":"NA",
            "1시간내 이동가능 거점":"NA",
            "교통총점":"NA",
            "백화점":0,
            "아울렛몰":0,
            "대형마트":0,
            "은행":0,
            "병원":0,
            "종합병원":80,
            "공원":0,
            "혐오시설":0,
            "인프라총점":16.0,
            "초등학군":90.0,
            "중학군":52.32,
            "학군총점":59.856,
            "인구수":24.72,
            "인구증감":-3.15,
            "인구총점":16.359,
            "일자리":15.0,
            "소득수준":93.27,
            "일자리총점":38.481,
            "가치 총점":33.439,
            "매매실거래년":20210906.0,
            "매매실거래가":12500.0,
            "전세실거래년":20160520.0,
            "전세실거래가":8000.0,
            "전세가율":100.0,
            "장기전세가율평균":70.07,
            "전세가율거품지수":-29.93,
            "검색코드":104798,
            "세대수":109.0,
            "준공년월":"2009-11-13",
            "준공년차":14.0,
            "가까운역이름":"NA",
            "가까운역거리":"NA",
            "역세권여부":"NA",
            "30분이내주요거점역":"NA",
            "30분거점역이름":"NA",
            "1시간이내주요거점역":"NA",
            "1시간거점역이름":"NA",
            "3km이내백화점수":0,
            "5km이내아울렛몰수":0,
            "1km이내대형먀트수":0,
            "500m이내은행수":0,
            "500m이내병원수":0,
            "5km이내대형병원수":1,
            "500m이내공원수":0,
            "3km이내혐오시설수":0,
            "초등학교학업성취도":90.0,
            "중학교학업성취도":85.2,
            "용적률":197,
            "건폐율":23,
            "Y":35.644828,
            "X":129.329886,
            "rank":72.0,
            "area_info":"22평(74.32), 26평(88.0), 30평(100.05), 30평(100.1), 42평(140.17), 42평(140.22), 43평(144.56), 46평(154.48)",
            "last_sales":"2021-09-06,12500.0,30평(100.1)",
            "rank_history":[
                [
                    "202203",
                    72
                ],
                [
                    "202202",
                    69
                ],
                [
                    "202201",
                    73
                ]
            ],
            "rank_gap":-3
        },
        {
            "index":169,
            "아파트명":"무지개2차",
            "투자타입":"일반",
            "전용면적(m2)":"72.02",
            "전용면적(평)":"21평",
            "법정동주소":"울산시 북구 신천동 250-1",
            "도로명주소":"울산시 북구 제내5길 30",
            "세대수":0,
            "입주년차":0,
            "용적률점수":"--",
            "건폐율점수":"--",
            "세대당주차수":0,
            "난방방식":30,
            "공급면적":"--",
            "전용률":"--",
            "욕실수":50,
            "현관타입":100,
            "주거총점":18.0,
            "지역구공급총점":0.0,
            "역세권":"NA",
            "30분내 이동가능 거점":"NA",
            "1시간내 이동가능 거점":"NA",
            "교통총점":"NA",
            "백화점":0,
            "아울렛몰":0,
            "대형마트":80,
            "은행":20,
            "병원":0,
            "종합병원":80,
            "공원":100,
            "혐오시설":0,
            "인프라총점":33.0,
            "초등학군":89.98,
            "중학군":43.34,
            "학군총점":52.668,
            "인구수":24.72,
            "인구증감":-3.15,
            "인구총점":16.359,
            "일자리":15.0,
            "소득수준":93.27,
            "일자리총점":38.481,
            "가치 총점":32.667,
            "매매실거래년":20220120.0,
            "매매실거래가":11000.0,
            "전세실거래년":20211102.0,
            "전세실거래가":11500.0,
            "전세가율":88.46,
            "장기전세가율평균":70.07,
            "전세가율거품지수":-18.39,
            "검색코드":14683,
            "세대수":144.0,
            "준공년월":"1995-03-06",
            "준공년차":28.0,
            "가까운역이름":"NA",
            "가까운역거리":"NA",
            "역세권여부":"NA",
            "30분이내주요거점역":"NA",
            "30분거점역이름":"NA",
            "1시간이내주요거점역":"NA",
            "1시간거점역이름":"NA",
            "3km이내백화점수":0,
            "5km이내아울렛몰수":0,
            "1km이내대형먀트수":1,
            "500m이내은행수":2,
            "500m이내병원수":0,
            "5km이내대형병원수":1,
            "500m이내공원수":3,
            "3km이내혐오시설수":0,
            "초등학교학업성취도":89.98,
            "중학교학업성취도":71.9,
            "용적률":363,
            "건폐율":42,
            "Y":35.635562,
            "X":129.351857,
            "rank":73.0,
            "area_info":"21평(72.02), 26평(87.09), 27평(89.92)",
            "last_sales":"2022-01-20,11000.0,27평(89.92)",
            "rank_history":[
                [
                    "202203",
                    73
                ],
                [
                    "202202",
                    71
                ],
                [
                    "202201",
                    67
                ]
            ],
            "rank_gap":-2
        },
        {
            "index":219,
            "아파트명":"삼창에이스파크",
            "투자타입":"재건축",
            "전용면적(m2)":"87.75",
            "전용면적(평)":"26평",
            "법정동주소":"울산시 북구 양정동 533-1",
            "도로명주소":"울산시 북구 치전1길 12-7",
            "세대수":0,
            "입주년차":"--",
            "용적률점수":0,
            "건폐율점수":60,
            "세대당주차수":"--",
            "난방방식":"--",
            "공급면적":70,
            "전용률":60,
            "욕실수":"--",
            "현관타입":"--",
            "주거총점":18.5,
            "지역구공급총점":0.0,
            "역세권":"NA",
            "30분내 이동가능 거점":"NA",
            "1시간내 이동가능 거점":"NA",
            "교통총점":"NA",
            "백화점":0,
            "아울렛몰":0,
            "대형마트":0,
            "은행":70,
            "병원":0,
            "종합병원":100,
            "공원":0,
            "혐오시설":0,
            "인프라총점":27.0,
            "초등학군":90.01,
            "중학군":52.66,
            "학군총점":60.13,
            "인구수":24.72,
            "인구증감":-3.15,
            "인구총점":16.359,
            "일자리":15.0,
            "소득수준":93.27,
            "일자리총점":38.481,
            "가치 총점":32.3075,
            "매매실거래년":20211025.0,
            "매매실거래가":11700.0,
            "전세실거래년":20111125.0,
            "전세실거래가":7000.0,
            "전세가율":60.87,
            "장기전세가율평균":70.07,
            "전세가율거품지수":9.2,
            "검색코드":118647,
            "세대수":88.0,
            "준공년월":"1992-07-28",
            "준공년차":31.0,
            "가까운역이름":"NA",
            "가까운역거리":"NA",
            "역세권여부":"NA",
            "30분이내주요거점역":"NA",
            "30분거점역이름":"NA",
            "1시간이내주요거점역":"NA",
            "1시간거점역이름":"NA",
            "3km이내백화점수":0,
            "5km이내아울렛몰수":0,
            "1km이내대형먀트수":0,
            "500m이내은행수":3,
            "500m이내병원수":0,
            "5km이내대형병원수":2,
            "500m이내공원수":0,
            "3km이내혐오시설수":0,
            "초등학교학업성취도":90.01,
            "중학교학업성취도":85.5,
            "용적률":332,
            "건폐율":31,
            "Y":35.540328,
            "X":129.387912,
            "rank":74.0,
            "area_info":"26평(87.75), 27평(90.6), 28평(92.97), 29평(99.03), 31평(104.25), 36평(122.08)",
            "last_sales":"2021-10-25,11700.0,31평(104.25)",
            "rank_history":[
                [
                    "202203",
                    74
                ],
                [
                    "202202",
                    9999
                ]
            ],
            "rank_gap":9999
        },
        {
            "index":336,
            "아파트명":"대동황토방",
            "투자타입":"일반",
            "전용면적(m2)":"79.71",
            "전용면적(평)":"24평",
            "법정동주소":"울산시 북구 천곡동 940-10",
            "도로명주소":"울산시 북구 천곡길 183",
            "세대수":50,
            "입주년차":20,
            "용적률점수":"--",
            "건폐율점수":"--",
            "세대당주차수":0,
            "난방방식":30,
            "공급면적":"--",
            "전용률":"--",
            "욕실수":50,
            "현관타입":10,
            "주거총점":30.5,
            "지역구공급총점":0.0,
            "역세권":"NA",
            "30분내 이동가능 거점":"NA",
            "1시간내 이동가능 거점":"NA",
            "교통총점":"NA",
            "백화점":0,
            "아울렛몰":0,
            "대형마트":0,
            "은행":0,
            "병원":0,
            "종합병원":80,
            "공원":0,
            "혐오시설":0,
            "인프라총점":16.0,
            "초등학군":90.0,
            "중학군":52.32,
            "학군총점":59.856,
            "인구수":24.72,
            "인구증감":-3.15,
            "인구총점":16.359,
            "일자리":15.0,
            "소득수준":93.27,
            "일자리총점":38.481,
            "가치 총점":32.039,
            "매매실거래년":20220117.0,
            "매매실거래가":8900.0,
            "전세실거래년":20220122.0,
            "전세실거래가":7000.0,
            "전세가율":78.65,
            "장기전세가율평균":70.07,
            "전세가율거품지수":-8.58,
            "검색코드":11586,
            "세대수":484.0,
            "준공년월":"2000-06-30",
            "준공년차":23.0,
            "가까운역이름":"NA",
            "가까운역거리":"NA",
            "역세권여부":"NA",
            "30분이내주요거점역":"NA",
            "30분거점역이름":"NA",
            "1시간이내주요거점역":"NA",
            "1시간거점역이름":"NA",
            "3km이내백화점수":0,
            "5km이내아울렛몰수":0,
            "1km이내대형먀트수":0,
            "500m이내은행수":0,
            "500m이내병원수":0,
            "5km이내대형병원수":1,
            "500m이내공원수":0,
            "3km이내혐오시설수":0,
            "초등학교학업성취도":90.0,
            "중학교학업성취도":85.2,
            "용적률":193,
            "건폐율":16,
            "Y":35.638346,
            "X":129.325959,
            "rank":75.0,
            "area_info":"24평(79.71), 24평(79.71), 28평(93.2), 32평(105.83)",
            "last_sales":"2022-01-17,8900.0,24평(79.71)",
            "rank_history":[
                [
                    "202203",
                    75
                ],
                [
                    "202202",
                    72
                ],
                [
                    "202201",
                    76
                ]
            ],
            "rank_gap":-3
        },
        {
            "index":5,
            "아파트명":"그린카운티3단지",
            "투자타입":"일반",
            "전용면적(m2)":"89.07",
            "전용면적(평)":"26평",
            "법정동주소":"울산시 북구 달천동 107-7",
            "도로명주소":"울산시 북구 달천로 95",
            "세대수":0,
            "입주년차":40,
            "용적률점수":"--",
            "건폐율점수":"--",
            "세대당주차수":30,
            "난방방식":30,
            "공급면적":"--",
            "전용률":"--",
            "욕실수":100,
            "현관타입":50,
            "주거총점":30.5,
            "지역구공급총점":0.0,
            "역세권":"NA",
            "30분내 이동가능 거점":"NA",
            "1시간내 이동가능 거점":"NA",
            "교통총점":"NA",
            "백화점":0,
            "아울렛몰":0,
            "대형마트":0,
            "은행":0,
            "병원":0,
            "종합병원":80,
            "공원":0,
            "혐오시설":0,
            "인프라총점":16.0,
            "초등학군":90.0,
            "중학군":52.32,
            "학군총점":59.856,
            "인구수":24.72,
            "인구증감":-3.15,
            "인구총점":16.359,
            "일자리":15.0,
            "소득수준":93.27,
            "일자리총점":38.481,
            "가치 총점":32.039,
            "매매실거래년":20220215.0,
            "매매실거래가":30600.0,
            "전세실거래년":20200729.0,
            "전세실거래가":1000.0,
            "전세가율":5.42,
            "장기전세가율평균":70.07,
            "전세가율거품지수":64.65,
            "검색코드":17345,
            "세대수":233.0,
            "준공년월":"2005-01-21",
            "준공년차":18.0,
            "가까운역이름":"NA",
            "가까운역거리":"NA",
            "역세권여부":"NA",
            "30분이내주요거점역":"NA",
            "30분거점역이름":"NA",
            "1시간이내주요거점역":"NA",
            "1시간거점역이름":"NA",
            "3km이내백화점수":0,
            "5km이내아울렛몰수":0,
            "1km이내대형먀트수":0,
            "500m이내은행수":0,
            "500m이내병원수":0,
            "5km이내대형병원수":1,
            "500m이내공원수":0,
            "3km이내혐오시설수":0,
            "초등학교학업성취도":90.0,
            "중학교학업성취도":85.2,
            "용적률":205,
            "건폐율":18,
            "Y":35.633429,
            "X":129.326418,
            "rank":75.0,
            "area_info":"26평(89.07), 34평(112.85), 46평(152.25)",
            "last_sales":"2022-02-15,30600.0,46평(152.25)",
            "rank_history":[
                [
                    "202203",
                    75
                ],
                [
                    "202202",
                    72
                ],
                [
                    "202201",
                    75
                ]
            ],
            "rank_gap":-3
        },
        {
            "index":108,
            "아파트명":"블루마시티효성해링턴플레이스1단지",
            "투자타입":"일반",
            "전용면적(m2)":"82.76",
            "전용면적(평)":"25평",
            "법정동주소":"울산시 북구 산하동 977-14",
            "도로명주소":"울산시 북구 화암7길 5",
            "세대수":0,
            "입주년차":80,
            "용적률점수":"--",
            "건폐율점수":"--",
            "세대당주차수":30,
            "난방방식":30,
            "공급면적":"--",
            "전용률":"--",
            "욕실수":100,
            "현관타입":100,
            "주거총점":43.5,
            "지역구공급총점":0.0,
            "역세권":"NA",
            "30분내 이동가능 거점":"NA",
            "1시간내 이동가능 거점":"NA",
            "교통총점":"NA",
            "백화점":0,
            "아울렛몰":0,
            "대형마트":0,
            "은행":0,
            "병원":0,
            "종합병원":0,
            "공원":100,
            "혐오시설":0,
            "인프라총점":3.0,
            "초등학군":90.0,
            "중학군":54.16,
            "학군총점":61.328,
            "인구수":24.72,
            "인구증감":-3.15,
            "인구총점":16.359,
            "일자리":15.0,
            "소득수준":93.27,
            "일자리총점":38.481,
            "가치 총점":31.757,
            "매매실거래년":20220125.0,
            "매매실거래가":29600.0,
            "전세실거래년":20211115.0,
            "전세실거래가":20000.0,
            "전세가율":67.57,
            "장기전세가율평균":70.07,
            "전세가율거품지수":2.5,
            "검색코드":109255,
            "세대수":245.0,
            "준공년월":"2017-02-22",
            "준공년차":6.0,
            "가까운역이름":"NA",
            "가까운역거리":"NA",
            "역세권여부":"NA",
            "30분이내주요거점역":"NA",
            "30분거점역이름":"NA",
            "1시간이내주요거점역":"NA",
            "1시간거점역이름":"NA",
            "3km이내백화점수":0,
            "5km이내아울렛몰수":0,
            "1km이내대형먀트수":0,
            "500m이내은행수":0,
            "500m이내병원수":0,
            "5km이내대형병원수":0,
            "500m이내공원수":3,
            "3km이내혐오시설수":0,
            "초등학교학업성취도":90.0,
            "중학교학업성취도":85.8,
            "용적률":224,
            "건폐율":27,
            "Y":35.634041,
            "X":129.438339,
            "rank":76.0,
            "area_info":"25평(82.76), 29평(98.96), 33평(112.09)",
            "last_sales":"2022-01-25,29600.0,25평(82.76)",
            "rank_history":[
                [
                    "202203",
                    76
                ],
                [
                    "202202",
                    74
                ],
                [
                    "202201",
                    77
                ]
            ],
            "rank_gap":-2
        },
        {
            "index":111,
            "아파트명":"블루마시티효성해링턴플레이스2단지",
            "투자타입":"일반",
            "전용면적(m2)":"82.76",
            "전용면적(평)":"25평",
            "법정동주소":"울산시 북구 산하동 977-1",
            "도로명주소":"울산시 북구 강동산하5로 25",
            "세대수":0,
            "입주년차":80,
            "용적률점수":"--",
            "건폐율점수":"--",
            "세대당주차수":30,
            "난방방식":30,
            "공급면적":"--",
            "전용률":"--",
            "욕실수":100,
            "현관타입":100,
            "주거총점":43.5,
            "지역구공급총점":0.0,
            "역세권":"NA",
            "30분내 이동가능 거점":"NA",
            "1시간내 이동가능 거점":"NA",
            "교통총점":"NA",
            "백화점":0,
            "아울렛몰":0,
            "대형마트":0,
            "은행":0,
            "병원":0,
            "종합병원":0,
            "공원":100,
            "혐오시설":0,
            "인프라총점":3.0,
            "초등학군":90.0,
            "중학군":54.16,
            "학군총점":61.328,
            "인구수":24.72,
            "인구증감":-3.15,
            "인구총점":16.359,
            "일자리":15.0,
            "소득수준":93.27,
            "일자리총점":38.481,
            "가치 총점":31.757,
            "매매실거래년":20220219.0,
            "매매실거래가":28000.0,
            "전세실거래년":20220205.0,
            "전세실거래가":21000.0,
            "전세가율":75.0,
            "장기전세가율평균":70.07,
            "전세가율거품지수":-4.93,
            "검색코드":109259,
            "세대수":245.0,
            "준공년월":"2017-02-22",
            "준공년차":6.0,
            "가까운역이름":"NA",
            "가까운역거리":"NA",
            "역세권여부":"NA",
            "30분이내주요거점역":"NA",
            "30분거점역이름":"NA",
            "1시간이내주요거점역":"NA",
            "1시간거점역이름":"NA",
            "3km이내백화점수":0,
            "5km이내아울렛몰수":0,
            "1km이내대형먀트수":0,
            "500m이내은행수":0,
            "500m이내병원수":0,
            "5km이내대형병원수":0,
            "500m이내공원수":2,
            "3km이내혐오시설수":0,
            "초등학교학업성취도":90.0,
            "중학교학업성취도":85.8,
            "용적률":228,
            "건폐율":28,
            "Y":35.635185,
            "X":129.438947,
            "rank":76.0,
            "area_info":"25평(82.76), 29평(98.96), 33평(112.09)",
            "last_sales":"2022-02-19,28000.0,25평(82.76)",
            "rank_history":[
                [
                    "202203",
                    76
                ],
                [
                    "202202",
                    74
                ],
                [
                    "202201",
                    77
                ]
            ],
            "rank_gap":-2
        },
        {
            "index":165,
            "아파트명":"귀영하이야트",
            "투자타입":"일반",
            "전용면적(m2)":"59.9",
            "전용면적(평)":"18평",
            "법정동주소":"울산시 북구 신천동 337",
            "도로명주소":"울산시 북구 호계로 327-3",
            "세대수":0,
            "입주년차":0,
            "용적률점수":"--",
            "건폐율점수":"--",
            "세대당주차수":0,
            "난방방식":30,
            "공급면적":"--",
            "전용률":"--",
            "욕실수":50,
            "현관타입":10,
            "주거총점":9.0,
            "지역구공급총점":0.0,
            "역세권":"NA",
            "30분내 이동가능 거점":"NA",
            "1시간내 이동가능 거점":"NA",
            "교통총점":"NA",
            "백화점":0,
            "아울렛몰":0,
            "대형마트":80,
            "은행":70,
            "병원":0,
            "종합병원":80,
            "공원":100,
            "혐오시설":0,
            "인프라총점":38.0,
            "초등학군":90.0,
            "중학군":43.34,
            "학군총점":52.672,
            "인구수":24.72,
            "인구증감":-3.15,
            "인구총점":16.359,
            "일자리":15.0,
            "소득수준":93.27,
            "일자리총점":38.481,
            "가치 총점":31.518,
            "매매실거래년":20211222.0,
            "매매실거래가":8400.0,
            "전세실거래년":20210607.0,
            "전세실거래가":5000.0,
            "전세가율":59.52,
            "장기전세가율평균":70.07,
            "전세가율거품지수":10.55,
            "검색코드":11982,
            "세대수":160.0,
            "준공년월":"1994-02-28",
            "준공년차":29.0,
            "가까운역이름":"NA",
            "가까운역거리":"NA",
            "역세권여부":"NA",
            "30분이내주요거점역":"NA",
            "30분거점역이름":"NA",
            "1시간이내주요거점역":"NA",
            "1시간거점역이름":"NA",
            "3km이내백화점수":0,
            "5km이내아울렛몰수":0,
            "1km이내대형먀트수":1,
            "500m이내은행수":4,
            "500m이내병원수":0,
            "5km이내대형병원수":1,
            "500m이내공원수":4,
            "3km이내혐오시설수":0,
            "초등학교학업성취도":90.0,
            "중학교학업성취도":71.9,
            "용적률":387,
            "건폐율":34,
            "Y":35.63187,
            "X":129.35005,
            "rank":77.0,
            "area_info":"18평(59.9), 25평(84.28)",
            "last_sales":"2021-12-22,8400.0,18평(59.9)",
            "rank_history":[
                [
                    "202203",
                    77
                ],
                [
                    "202202",
                    73
                ],
                [
                    "202201",
                    68
                ]
            ],
            "rank_gap":-4
        },
        {
            "index":202,
            "아파트명":"한라신천지타운",
            "투자타입":"일반",
            "전용면적(m2)":"80.73",
            "전용면적(평)":"24평",
            "법정동주소":"울산시 북구 신천동 394-1",
            "도로명주소":"울산시 북구 갈밭길 1",
            "세대수":0,
            "입주년차":0,
            "용적률점수":"--",
            "건폐율점수":"--",
            "세대당주차수":0,
            "난방방식":30,
            "공급면적":"--",
            "전용률":"--",
            "욕실수":50,
            "현관타입":10,
            "주거총점":9.0,
            "지역구공급총점":0.0,
            "역세권":"NA",
            "30분내 이동가능 거점":"NA",
            "1시간내 이동가능 거점":"NA",
            "교통총점":"NA",
            "백화점":0,
            "아울렛몰":0,
            "대형마트":80,
            "은행":20,
            "병원":0,
            "종합병원":80,
            "공원":80,
            "혐오시설":0,
            "인프라총점":32.4,
            "초등학군":89.98,
            "중학군":51.7,
            "학군총점":59.356,
            "인구수":24.72,
            "인구증감":-3.15,
            "인구총점":16.359,
            "일자리":15.0,
            "소득수준":93.27,
            "일자리총점":38.481,
            "가치 총점":30.949,
            "매매실거래년":20220205.0,
            "매매실거래가":9300.0,
            "전세실거래년":20220209.0,
            "전세실거래가":8000.0,
            "전세가율":86.02,
            "장기전세가율평균":70.07,
            "전세가율거품지수":-15.95,
            "검색코드":11668,
            "세대수":239.0,
            "준공년월":"1993-08-07",
            "준공년차":30.0,
            "가까운역이름":"NA",
            "가까운역거리":"NA",
            "역세권여부":"NA",
            "30분이내주요거점역":"NA",
            "30분거점역이름":"NA",
            "1시간이내주요거점역":"NA",
            "1시간거점역이름":"NA",
            "3km이내백화점수":0,
            "5km이내아울렛몰수":0,
            "1km이내대형먀트수":1,
            "500m이내은행수":2,
            "500m이내병원수":0,
            "5km이내대형병원수":1,
            "500m이내공원수":1,
            "3km이내혐오시설수":0,
            "초등학교학업성취도":89.98,
            "중학교학업성취도":83.9,
            "용적률":361,
            "건폐율":29,
            "Y":35.63439,
            "X":129.3482,
            "rank":78.0,
            "area_info":"24평(80.73), 28평(95.83), 28평(95.06), 30평(100.3)",
            "last_sales":"2022-02-05,9300.0,24평(80.73)",
            "rank_history":[
                [
                    "202203",
                    78
                ],
                [
                    "202202",
                    77
                ],
                [
                    "202201",
                    74
                ]
            ],
            "rank_gap":-1
        },
        {
            "index":3,
            "아파트명":"그린카운티2단지",
            "투자타입":"일반",
            "전용면적(m2)":"88.84",
            "전용면적(평)":"26평",
            "법정동주소":"울산시 북구 달천동 107-1",
            "도로명주소":"울산시 북구 달천로 109",
            "세대수":0,
            "입주년차":40,
            "용적률점수":"--",
            "건폐율점수":"--",
            "세대당주차수":0,
            "난방방식":30,
            "공급면적":"--",
            "전용률":"--",
            "욕실수":100,
            "현관타입":50,
            "주거총점":26.0,
            "지역구공급총점":0.0,
            "역세권":"NA",
            "30분내 이동가능 거점":"NA",
            "1시간내 이동가능 거점":"NA",
            "교통총점":"NA",
            "백화점":0,
            "아울렛몰":0,
            "대형마트":0,
            "은행":0,
            "병원":0,
            "종합병원":80,
            "공원":0,
            "혐오시설":0,
            "인프라총점":16.0,
            "초등학군":90.0,
            "중학군":52.32,
            "학군총점":59.856,
            "인구수":24.72,
            "인구증감":-3.15,
            "인구총점":16.359,
            "일자리":15.0,
            "소득수준":93.27,
            "일자리총점":38.481,
            "가치 총점":30.464,
            "매매실거래년":20220126.0,
            "매매실거래가":22700.0,
            "전세실거래년":20210723.0,
            "전세실거래가":10000.0,
            "전세가율":53.48,
            "장기전세가율평균":70.07,
            "전세가율거품지수":16.59,
            "검색코드":17344,
            "세대수":298.0,
            "준공년월":"2004-12-31",
            "준공년차":19.0,
            "가까운역이름":"NA",
            "가까운역거리":"NA",
            "역세권여부":"NA",
            "30분이내주요거점역":"NA",
            "30분거점역이름":"NA",
            "1시간이내주요거점역":"NA",
            "1시간거점역이름":"NA",
            "3km이내백화점수":0,
            "5km이내아울렛몰수":0,
            "1km이내대형먀트수":0,
            "500m이내은행수":0,
            "500m이내병원수":0,
            "5km이내대형병원수":1,
            "500m이내공원수":0,
            "3km이내혐오시설수":0,
            "초등학교학업성취도":90.0,
            "중학교학업성취도":85.2,
            "용적률":205,
            "건폐율":18,
            "Y":35.632598,
            "X":129.325786,
            "rank":79.0,
            "area_info":"26평(88.84), 34평(113.04)",
            "last_sales":"2022-01-26,22700.0,34평(113.04)",
            "rank_history":[
                [
                    "202203",
                    79
                ],
                [
                    "202202",
                    75
                ],
                [
                    "202201",
                    79
                ]
            ],
            "rank_gap":-4
        },
        {
            "index":8,
            "아파트명":"그린카운티4단지",
            "투자타입":"일반",
            "전용면적(m2)":"88.7",
            "전용면적(평)":"26평",
            "법정동주소":"울산시 북구 달천동 107-6",
            "도로명주소":"울산시 북구 달천로 100",
            "세대수":0,
            "입주년차":40,
            "용적률점수":"--",
            "건폐율점수":"--",
            "세대당주차수":0,
            "난방방식":30,
            "공급면적":"--",
            "전용률":"--",
            "욕실수":100,
            "현관타입":50,
            "주거총점":26.0,
            "지역구공급총점":0.0,
            "역세권":"NA",
            "30분내 이동가능 거점":"NA",
            "1시간내 이동가능 거점":"NA",
            "교통총점":"NA",
            "백화점":0,
            "아울렛몰":0,
            "대형마트":0,
            "은행":0,
            "병원":0,
            "종합병원":80,
            "공원":0,
            "혐오시설":0,
            "인프라총점":16.0,
            "초등학군":90.0,
            "중학군":52.32,
            "학군총점":59.856,
            "인구수":24.72,
            "인구증감":-3.15,
            "인구총점":16.359,
            "일자리":15.0,
            "소득수준":93.27,
            "일자리총점":38.481,
            "가치 총점":30.464,
            "매매실거래년":20220119.0,
            "매매실거래가":16800.0,
            "전세실거래년":20220111.0,
            "전세실거래가":16500.0,
            "전세가율":98.21,
            "장기전세가율평균":70.07,
            "전세가율거품지수":-28.14,
            "검색코드":17346,
            "세대수":236.0,
            "준공년월":"2005-01-21",
            "준공년차":18.0,
            "가까운역이름":"NA",
            "가까운역거리":"NA",
            "역세권여부":"NA",
            "30분이내주요거점역":"NA",
            "30분거점역이름":"NA",
            "1시간이내주요거점역":"NA",
            "1시간거점역이름":"NA",
            "3km이내백화점수":0,
            "5km이내아울렛몰수":0,
            "1km이내대형먀트수":0,
            "500m이내은행수":0,
            "500m이내병원수":0,
            "5km이내대형병원수":1,
            "500m이내공원수":0,
            "3km이내혐오시설수":0,
            "초등학교학업성취도":90.0,
            "중학교학업성취도":85.2,
            "용적률":249,
            "건폐율":22,
            "Y":35.633465,
            "X":129.324807,
            "rank":79.0,
            "area_info":"26평(88.7), 34평(112.85)",
            "last_sales":"2022-01-19,16800.0,26평(88.7)",
            "rank_history":[
                [
                    "202203",
                    79
                ],
                [
                    "202202",
                    75
                ],
                [
                    "202201",
                    79
                ]
            ],
            "rank_gap":-4
        },
        {
            "index":237,
            "아파트명":"영진그린맨션",
            "투자타입":"일반",
            "전용면적(m2)":"50.78",
            "전용면적(평)":"15평",
            "법정동주소":"울산시 북구 양정동 736-1",
            "도로명주소":"울산시 북구 치전2길 5-6",
            "세대수":0,
            "입주년차":0,
            "용적률점수":"--",
            "건폐율점수":"--",
            "세대당주차수":0,
            "난방방식":30,
            "공급면적":"--",
            "전용률":"--",
            "욕실수":50,
            "현관타입":50,
            "주거총점":13.0,
            "지역구공급총점":0.0,
            "역세권":"NA",
            "30분내 이동가능 거점":"NA",
            "1시간내 이동가능 거점":"NA",
            "교통총점":"NA",
            "백화점":0,
            "아울렛몰":0,
            "대형마트":0,
            "은행":70,
            "병원":0,
            "종합병원":100,
            "공원":0,
            "혐오시설":0,
            "인프라총점":27.0,
            "초등학군":90.01,
            "중학군":52.66,
            "학군총점":60.13,
            "인구수":24.72,
            "인구증감":-3.15,
            "인구총점":16.359,
            "일자리":15.0,
            "소득수준":93.27,
            "일자리총점":38.481,
            "가치 총점":30.3825,
            "매매실거래년":20170515.0,
            "매매실거래가":17700.0,
            "전세실거래년":null,
            "전세실거래가":null,
            "전세가율":null,
            "장기전세가율평균":70.07,
            "전세가율거품지수":null,
            "검색코드":107182,
            "세대수":65.0,
            "준공년월":"1994-09-14",
            "준공년차":29.0,
            "가까운역이름":"NA",
            "가까운역거리":"NA",
            "역세권여부":"NA",
            "30분이내주요거점역":"NA",
            "30분거점역이름":"NA",
            "1시간이내주요거점역":"NA",
            "1시간거점역이름":"NA",
            "3km이내백화점수":0,
            "5km이내아울렛몰수":0,
            "1km이내대형먀트수":0,
            "500m이내은행수":3,
            "500m이내병원수":0,
            "5km이내대형병원수":2,
            "500m이내공원수":0,
            "3km이내혐오시설수":0,
            "초등학교학업성취도":90.01,
            "중학교학업성취도":85.5,
            "용적률":309,
            "건폐율":46,
            "Y":35.540151,
            "X":129.387548,
            "rank":80.0,
            "area_info":"15평(50.78), 20평(68.37), 20평(68.27), 20평(68.29), 28평(93.73), 28평(94.11), 28평(95.58), 29평(96.76), 32평(107.54)",
            "last_sales":"2017-05-15,17700.0,32평(107.54)",
            "rank_history":[
                [
                    "202203",
                    80
                ],
                [
                    "202202",
                    9999
                ]
            ],
            "rank_gap":9999
        },
        {
            "index":23,
            "아파트명":"대하그린파크",
            "투자타입":"일반",
            "전용면적(m2)":"64.24",
            "전용면적(평)":"19평",
            "법정동주소":"울산시 북구 매곡동 682",
            "도로명주소":"울산시 북구 매곡본길 28",
            "세대수":50,
            "입주년차":0,
            "용적률점수":"--",
            "건폐율점수":"--",
            "세대당주차수":0,
            "난방방식":30,
            "공급면적":"--",
            "전용률":"--",
            "욕실수":50,
            "현관타입":10,
            "주거총점":26.5,
            "지역구공급총점":0.0,
            "역세권":"NA",
            "30분내 이동가능 거점":"NA",
            "1시간내 이동가능 거점":"NA",
            "교통총점":"NA",
            "백화점":0,
            "아울렛몰":0,
            "대형마트":0,
            "은행":0,
            "병원":0,
            "종합병원":80,
            "공원":100,
            "혐오시설":0,
            "인프라총점":19.0,
            "초등학군":90.0,
            "중학군":43.34,
            "학군총점":52.672,
            "인구수":24.72,
            "인구증감":-3.15,
            "인구총점":16.359,
            "일자리":15.0,
            "소득수준":93.27,
            "일자리총점":38.481,
            "가치 총점":30.043,
            "매매실거래년":20220127.0,
            "매매실거래가":11000.0,
            "전세실거래년":20210224.0,
            "전세실거래가":3000.0,
            "전세가율":41.96,
            "장기전세가율평균":70.07,
            "전세가율거품지수":28.11,
            "검색코드":6550,
            "세대수":404.0,
            "준공년월":"1993-07-31",
            "준공년차":30.0,
            "가까운역이름":"NA",
            "가까운역거리":"NA",
            "역세권여부":"NA",
            "30분이내주요거점역":"NA",
            "30분거점역이름":"NA",
            "1시간이내주요거점역":"NA",
            "1시간거점역이름":"NA",
            "3km이내백화점수":0,
            "5km이내아울렛몰수":0,
            "1km이내대형먀트수":0,
            "500m이내은행수":0,
            "500m이내병원수":0,
            "5km이내대형병원수":1,
            "500m이내공원수":2,
            "3km이내혐오시설수":0,
            "초등학교학업성취도":90.0,
            "중학교학업성취도":71.9,
            "용적률":0,
            "건폐율":0,
            "Y":35.639408,
            "X":129.358492,
            "rank":81.0,
            "area_info":"19평(64.24), 25평(82.83), 26평(88.61), 29평(98.07), 30평(100.85)",
            "last_sales":"2022-01-27,11000.0,29평(98.07)",
            "rank_history":[
                [
                    "202203",
                    81
                ],
                [
                    "202202",
                    76
                ],
                [
                    "202201",
                    78
                ]
            ],
            "rank_gap":-5
        },
        {
            "index":278,
            "아파트명":"경동그린맨션",
            "투자타입":"일반",
            "전용면적(m2)":"83.01",
            "전용면적(평)":"25평",
            "법정동주소":"울산시 북구 중산동 1028",
            "도로명주소":"울산시 북구 약수9길 16",
            "세대수":0,
            "입주년차":0,
            "용적률점수":"--",
            "건폐율점수":"--",
            "세대당주차수":0,
            "난방방식":30,
            "공급면적":"--",
            "전용률":"--",
            "욕실수":50,
            "현관타입":100,
            "주거총점":18.0,
            "지역구공급총점":0.0,
            "역세권":"NA",
            "30분내 이동가능 거점":"NA",
            "1시간내 이동가능 거점":"NA",
            "교통총점":"NA",
            "백화점":0,
            "아울렛몰":0,
            "대형마트":0,
            "은행":0,
            "병원":0,
            "종합병원":80,
            "공원":0,
            "혐오시설":0,
            "인프라총점":16.0,
            "초등학군":89.98,
            "중학군":59.02,
            "학군총점":65.212,
            "인구수":24.72,
            "인구증감":-3.15,
            "인구총점":16.359,
            "일자리":15.0,
            "소득수준":93.27,
            "일자리총점":38.481,
            "가치 총점":29.003,
            "매매실거래년":20220115.0,
            "매매실거래가":6000.0,
            "전세실거래년":20210927.0,
            "전세실거래가":5000.0,
            "전세가율":83.33,
            "장기전세가율평균":70.07,
            "전세가율거품지수":-13.26,
            "검색코드":11812,
            "세대수":134.0,
            "준공년월":"1995-12-26",
            "준공년차":28.0,
            "가까운역이름":"NA",
            "가까운역거리":"NA",
            "역세권여부":"NA",
            "30분이내주요거점역":"NA",
            "30분거점역이름":"NA",
            "1시간이내주요거점역":"NA",
            "1시간거점역이름":"NA",
            "3km이내백화점수":0,
            "5km이내아울렛몰수":0,
            "1km이내대형먀트수":0,
            "500m이내은행수":0,
            "500m이내병원수":0,
            "5km이내대형병원수":1,
            "500m이내공원수":0,
            "3km이내혐오시설수":0,
            "초등학교학업성취도":89.98,
            "중학교학업성취도":95.1,
            "용적률":331,
            "건폐율":40,
            "Y":35.64842,
            "X":129.34076,
            "rank":82.0,
            "area_info":"25평(83.01)",
            "last_sales":"2022-01-15,6000.0,25평(83.01)",
            "rank_history":[
                [
                    "202203",
                    82
                ],
                [
                    "202202",
                    78
                ],
                [
                    "202201",
                    81
                ]
            ],
            "rank_gap":-4
        },
        {
            "index":270,
            "아파트명":"벽산블루밍",
            "투자타입":"일반",
            "전용면적(m2)":"86.31",
            "전용면적(평)":"26평",
            "법정동주소":"울산시 북구 정자동 3",
            "도로명주소":"울산시 북구 동해안로 1502",
            "세대수":0,
            "입주년차":0,
            "용적률점수":"--",
            "건폐율점수":"--",
            "세대당주차수":0,
            "난방방식":100,
            "공급면적":"--",
            "전용률":"--",
            "욕실수":50,
            "현관타입":100,
            "주거총점":25.0,
            "지역구공급총점":0.0,
            "역세권":"NA",
            "30분내 이동가능 거점":"NA",
            "1시간내 이동가능 거점":"NA",
            "교통총점":"NA",
            "백화점":0,
            "아울렛몰":0,
            "대형마트":80,
            "은행":0,
            "병원":0,
            "종합병원":0,
            "공원":0,
            "혐오시설":0,
            "인프라총점":12.0,
            "초등학군":89.99,
            "중학군":54.16,
            "학군총점":61.326,
            "인구수":24.72,
            "인구증감":-3.15,
            "인구총점":16.359,
            "일자리":15.0,
            "소득수준":93.27,
            "일자리총점":38.481,
            "가치 총점":28.8815,
            "매매실거래년":20220217.0,
            "매매실거래가":17500.0,
            "전세실거래년":20211221.0,
            "전세실거래가":11000.0,
            "전세가율":86.61,
            "장기전세가율평균":70.07,
            "전세가율거품지수":-16.54,
            "검색코드":14690,
            "세대수":211.0,
            "준공년월":"1993-12-03",
            "준공년차":30.0,
            "가까운역이름":"NA",
            "가까운역거리":"NA",
            "역세권여부":"NA",
            "30분이내주요거점역":"NA",
            "30분거점역이름":"NA",
            "1시간이내주요거점역":"NA",
            "1시간거점역이름":"NA",
            "3km이내백화점수":0,
            "5km이내아울렛몰수":0,
            "1km이내대형먀트수":1,
            "500m이내은행수":0,
            "500m이내병원수":0,
            "5km이내대형병원수":0,
            "500m이내공원수":0,
            "3km이내혐오시설수":0,
            "초등학교학업성취도":89.99,
            "중학교학업성취도":85.8,
            "용적률":241,
            "건폐율":19,
            "Y":35.61992,
            "X":129.44792,
            "rank":83.0,
            "area_info":"26평(86.31), 27평(92.27), 31평(103.35)",
            "last_sales":"2022-02-17,17500.0,27평(92.27)",
            "rank_history":[
                [
                    "202203",
                    83
                ],
                [
                    "202202",
                    79
                ],
                [
                    "202201",
                    85
                ]
            ],
            "rank_gap":-4
        },
        {
            "index":279,
            "아파트명":"대암파크랜드",
            "투자타입":"일반",
            "전용면적(m2)":"90.37",
            "전용면적(평)":"27평",
            "법정동주소":"울산시 북구 중산동 688-3",
            "도로명주소":"울산시 북구 이화1길 29",
            "세대수":0,
            "입주년차":20,
            "용적률점수":"--",
            "건폐율점수":"--",
            "세대당주차수":0,
            "난방방식":30,
            "공급면적":"--",
            "전용률":"--",
            "욕실수":50,
            "현관타입":100,
            "주거총점":22.0,
            "지역구공급총점":0.0,
            "역세권":"NA",
            "30분내 이동가능 거점":"NA",
            "1시간내 이동가능 거점":"NA",
            "교통총점":"NA",
            "백화점":0,
            "아울렛몰":0,
            "대형마트":0,
            "은행":0,
            "병원":0,
            "종합병원":80,
            "공원":0,
            "혐오시설":0,
            "인프라총점":16.0,
            "초등학군":89.98,
            "중학군":50.28,
            "학군총점":58.22,
            "인구수":24.72,
            "인구증감":-3.15,
            "인구총점":16.359,
            "일자리":15.0,
            "소득수준":93.27,
            "일자리총점":38.481,
            "가치 총점":28.655,
            "매매실거래년":20220117.0,
            "매매실거래가":9000.0,
            "전세실거래년":20160113.0,
            "전세실거래가":6000.0,
            "전세가율":117.65,
            "장기전세가율평균":70.07,
            "전세가율거품지수":-47.58,
            "검색코드":16239,
            "세대수":156.0,
            "준공년월":"2002-06-26",
            "준공년차":21.0,
            "가까운역이름":"NA",
            "가까운역거리":"NA",
            "역세권여부":"NA",
            "30분이내주요거점역":"NA",
            "30분거점역이름":"NA",
            "1시간이내주요거점역":"NA",
            "1시간거점역이름":"NA",
            "3km이내백화점수":0,
            "5km이내아울렛몰수":0,
            "1km이내대형먀트수":0,
            "500m이내은행수":0,
            "500m이내병원수":0,
            "5km이내대형병원수":1,
            "500m이내공원수":0,
            "3km이내혐오시설수":0,
            "초등학교학업성취도":89.98,
            "중학교학업성취도":83.8,
            "용적률":375,
            "건폐율":30,
            "Y":35.66224,
            "X":129.34306,
            "rank":84.0,
            "area_info":"27평(90.37), 28평(95.42), 34평(112.84)",
            "last_sales":"2022-01-17,9000.0,34평(112.84)",
            "rank_history":[
                [
                    "202203",
                    84
                ],
                [
                    "202202",
                    80
                ],
                [
                    "202201",
                    82
                ]
            ],
            "rank_gap":-4
        },
        {
            "index":317,
            "아파트명":"한라그린맨션",
            "투자타입":"재건축",
            "전용면적(m2)":"79.55",
            "전용면적(평)":"24평",
            "법정동주소":"울산시 북구 중산동 1029-1",
            "도로명주소":"울산시 북구 약수9길 4-3",
            "세대수":0,
            "입주년차":"--",
            "용적률점수":0,
            "건폐율점수":40,
            "세대당주차수":"--",
            "난방방식":"--",
            "공급면적":50,
            "전용률":60,
            "욕실수":"--",
            "현관타입":"--",
            "주거총점":13.5,
            "지역구공급총점":0.0,
            "역세권":"NA",
            "30분내 이동가능 거점":"NA",
            "1시간내 이동가능 거점":"NA",
            "교통총점":"NA",
            "백화점":0,
            "아울렛몰":0,
            "대형마트":0,
            "은행":0,
            "병원":0,
            "종합병원":80,
            "공원":100,
            "혐오시설":0,
            "인프라총점":19.0,
            "초등학군":89.98,
            "중학군":59.02,
            "학군총점":65.212,
            "인구수":24.72,
            "인구증감":-3.15,
            "인구총점":16.359,
            "일자리":15.0,
            "소득수준":93.27,
            "일자리총점":38.481,
            "가치 총점":28.628,
            "매매실거래년":20211129.0,
            "매매실거래가":6000.0,
            "전세실거래년":20210823.0,
            "전세실거래가":6000.0,
            "전세가율":100.0,
            "장기전세가율평균":70.07,
            "전세가율거품지수":-29.93,
            "검색코드":11814,
            "세대수":144.0,
            "준공년월":"1992-10-30",
            "준공년차":31.0,
            "가까운역이름":"NA",
            "가까운역거리":"NA",
            "역세권여부":"NA",
            "30분이내주요거점역":"NA",
            "30분거점역이름":"NA",
            "1시간이내주요거점역":"NA",
            "1시간거점역이름":"NA",
            "3km이내백화점수":0,
            "5km이내아울렛몰수":0,
            "1km이내대형먀트수":0,
            "500m이내은행수":0,
            "500m이내병원수":0,
            "5km이내대형병원수":1,
            "500m이내공원수":2,
            "3km이내혐오시설수":0,
            "초등학교학업성취도":89.98,
            "중학교학업성취도":95.1,
            "용적률":355,
            "건폐율":35,
            "Y":35.648511,
            "X":129.341564,
            "rank":85.0,
            "area_info":"24평(79.55)",
            "last_sales":"2021-11-29,6000.0,24평(79.55)",
            "rank_history":[
                [
                    "202203",
                    85
                ],
                [
                    "202202",
                    82
                ],
                [
                    "202201",
                    84
                ]
            ],
            "rank_gap":-3
        },
        {
            "index":312,
            "아파트명":"이화한라동아",
            "투자타입":"일반",
            "전용면적(m2)":"79.62",
            "전용면적(평)":"24평",
            "법정동주소":"울산시 북구 중산동 566-1",
            "도로명주소":"울산시 북구 이화5길 29-3",
            "세대수":0,
            "입주년차":0,
            "용적률점수":"--",
            "건폐율점수":"--",
            "세대당주차수":0,
            "난방방식":30,
            "공급면적":"--",
            "전용률":"--",
            "욕실수":50,
            "현관타입":100,
            "주거총점":18.0,
            "지역구공급총점":0.0,
            "역세권":"NA",
            "30분내 이동가능 거점":"NA",
            "1시간내 이동가능 거점":"NA",
            "교통총점":"NA",
            "백화점":0,
            "아울렛몰":0,
            "대형마트":0,
            "은행":0,
            "병원":0,
            "종합병원":80,
            "공원":100,
            "혐오시설":0,
            "인프라총점":19.0,
            "초등학군":89.98,
            "중학군":50.28,
            "학군총점":58.22,
            "인구수":24.72,
            "인구증감":-3.15,
            "인구총점":16.359,
            "일자리":15.0,
            "소득수준":93.27,
            "일자리총점":38.481,
            "가치 총점":28.455,
            "매매실거래년":20220209.0,
            "매매실거래가":7300.0,
            "전세실거래년":20220127.0,
            "전세실거래가":5000.0,
            "전세가율":68.49,
            "장기전세가율평균":70.07,
            "전세가율거품지수":1.58,
            "검색코드":16240,
            "세대수":188.0,
            "준공년월":"1998-02-14",
            "준공년차":25.0,
            "가까운역이름":"NA",
            "가까운역거리":"NA",
            "역세권여부":"NA",
            "30분이내주요거점역":"NA",
            "30분거점역이름":"NA",
            "1시간이내주요거점역":"NA",
            "1시간거점역이름":"NA",
            "3km이내백화점수":0,
            "5km이내아울렛몰수":0,
            "1km이내대형먀트수":0,
            "500m이내은행수":0,
            "500m이내병원수":0,
            "5km이내대형병원수":1,
            "500m이내공원수":2,
            "3km이내혐오시설수":0,
            "초등학교학업성취도":89.98,
            "중학교학업성취도":83.8,
            "용적률":289,
            "건폐율":27,
            "Y":35.662434,
            "X":129.336871,
            "rank":86.0,
            "area_info":"24평(79.62), 23평(79.1)",
            "last_sales":"2022-02-09,7300.0,24평(79.62)",
            "rank_history":[
                [
                    "202203",
                    86
                ],
                [
                    "202202",
                    81
                ],
                [
                    "202201",
                    83
                ]
            ],
            "rank_gap":-5
        },
        {
            "index":282,
            "아파트명":"대암훼미리(101동)",
            "투자타입":"일반",
            "전용면적(m2)":"82.23",
            "전용면적(평)":"24평",
            "법정동주소":"울산시 북구 중산동 533",
            "도로명주소":"울산시 북구 이화2길 13",
            "세대수":0,
            "입주년차":0,
            "용적률점수":"--",
            "건폐율점수":"--",
            "세대당주차수":0,
            "난방방식":30,
            "공급면적":"--",
            "전용률":"--",
            "욕실수":50,
            "현관타입":100,
            "주거총점":18.0,
            "지역구공급총점":0.0,
            "역세권":"NA",
            "30분내 이동가능 거점":"NA",
            "1시간내 이동가능 거점":"NA",
            "교통총점":"NA",
            "백화점":0,
            "아울렛몰":0,
            "대형마트":0,
            "은행":0,
            "병원":0,
            "종합병원":80,
            "공원":100,
            "혐오시설":0,
            "인프라총점":19.0,
            "초등학군":89.98,
            "중학군":50.28,
            "학군총점":58.22,
            "인구수":24.72,
            "인구증감":-3.15,
            "인구총점":16.359,
            "일자리":15.0,
            "소득수준":93.27,
            "일자리총점":38.481,
            "가치 총점":28.455,
            "매매실거래년":20211105.0,
            "매매실거래가":6000.0,
            "전세실거래년":20211115.0,
            "전세실거래가":6500.0,
            "전세가율":108.33,
            "장기전세가율평균":70.07,
            "전세가율거품지수":-38.26,
            "검색코드":13481,
            "세대수":121.0,
            "준공년월":"1993-07-27",
            "준공년차":30.0,
            "가까운역이름":"NA",
            "가까운역거리":"NA",
            "역세권여부":"NA",
            "30분이내주요거점역":"NA",
            "30분거점역이름":"NA",
            "1시간이내주요거점역":"NA",
            "1시간거점역이름":"NA",
            "3km이내백화점수":0,
            "5km이내아울렛몰수":0,
            "1km이내대형먀트수":0,
            "500m이내은행수":0,
            "500m이내병원수":0,
            "5km이내대형병원수":1,
            "500m이내공원수":2,
            "3km이내혐오시설수":0,
            "초등학교학업성취도":89.98,
            "중학교학업성취도":83.8,
            "용적률":230,
            "건폐율":26,
            "Y":35.663222,
            "X":129.340639,
            "rank":86.0,
            "area_info":"24평(82.23), 31평(102.81)",
            "last_sales":"2021-11-05,6000.0,24평(82.23)",
            "rank_history":[
                [
                    "202203",
                    86
                ],
                [
                    "202202",
                    81
                ],
                [
                    "202201",
                    83
                ]
            ],
            "rank_gap":-5
        },
        {
            "index":291,
            "아파트명":"삼우",
            "투자타입":"일반",
            "전용면적(m2)":"79.76",
            "전용면적(평)":"24평",
            "법정동주소":"울산시 북구 중산동 730",
            "도로명주소":"울산시 북구 화정1길 28",
            "세대수":0,
            "입주년차":0,
            "용적률점수":"--",
            "건폐율점수":"--",
            "세대당주차수":0,
            "난방방식":30,
            "공급면적":"--",
            "전용률":"--",
            "욕실수":50,
            "현관타입":100,
            "주거총점":18.0,
            "지역구공급총점":0.0,
            "역세권":"NA",
            "30분내 이동가능 거점":"NA",
            "1시간내 이동가능 거점":"NA",
            "교통총점":"NA",
            "백화점":0,
            "아울렛몰":0,
            "대형마트":0,
            "은행":0,
            "병원":0,
            "종합병원":80,
            "공원":0,
            "혐오시설":0,
            "인프라총점":16.0,
            "초등학군":89.98,
            "중학군":50.28,
            "학군총점":58.22,
            "인구수":24.72,
            "인구증감":-3.15,
            "인구총점":16.359,
            "일자리":15.0,
            "소득수준":93.27,
            "일자리총점":38.481,
            "가치 총점":27.255,
            "매매실거래년":20220215.0,
            "매매실거래가":6600.0,
            "전세실거래년":20210626.0,
            "전세실거래가":4800.0,
            "전세가율":72.73,
            "장기전세가율평균":70.07,
            "전세가율거품지수":-2.66,
            "검색코드":14695,
            "세대수":298.0,
            "준공년월":"1996-02-24",
            "준공년차":27.0,
            "가까운역이름":"NA",
            "가까운역거리":"NA",
            "역세권여부":"NA",
            "30분이내주요거점역":"NA",
            "30분거점역이름":"NA",
            "1시간이내주요거점역":"NA",
            "1시간거점역이름":"NA",
            "3km이내백화점수":0,
            "5km이내아울렛몰수":0,
            "1km이내대형먀트수":0,
            "500m이내은행수":0,
            "500m이내병원수":0,
            "5km이내대형병원수":1,
            "500m이내공원수":0,
            "3km이내혐오시설수":0,
            "초등학교학업성취도":89.98,
            "중학교학업성취도":83.8,
            "용적률":261,
            "건폐율":23,
            "Y":35.658573,
            "X":129.34372,
            "rank":87.0,
            "area_info":"24평(79.76)",
            "last_sales":"2022-02-15,6600.0,24평(79.76)",
            "rank_history":[
                [
                    "202203",
                    87
                ],
                [
                    "202202",
                    83
                ],
                [
                    "202201",
                    86
                ]
            ],
            "rank_gap":-4
        },
        {
            "index":76,
            "아파트명":"정림은하수타운",
            "투자타입":"일반",
            "전용면적(m2)":"75.68",
            "전용면적(평)":"22평",
            "법정동주소":"울산시 북구 매곡동 542-22",
            "도로명주소":"울산시 북구 매곡로 97-8",
            "세대수":0,
            "입주년차":0,
            "용적률점수":"--",
            "건폐율점수":"--",
            "세대당주차수":0,
            "난방방식":30,
            "공급면적":"--",
            "전용률":"--",
            "욕실수":50,
            "현관타입":10,
            "주거총점":9.0,
            "지역구공급총점":0.0,
            "역세권":"NA",
            "30분내 이동가능 거점":"NA",
            "1시간내 이동가능 거점":"NA",
            "교통총점":"NA",
            "백화점":0,
            "아울렛몰":0,
            "대형마트":0,
            "은행":0,
            "병원":0,
            "종합병원":80,
            "공원":100,
            "혐오시설":0,
            "인프라총점":19.0,
            "초등학군":89.98,
            "중학군":59.02,
            "학군총점":65.212,
            "인구수":24.72,
            "인구증감":-3.15,
            "인구총점":16.359,
            "일자리":15.0,
            "소득수준":93.27,
            "일자리총점":38.481,
            "가치 총점":27.053,
            "매매실거래년":20220216.0,
            "매매실거래가":16500.0,
            "전세실거래년":20211201.0,
            "전세실거래가":9000.0,
            "전세가율":100.0,
            "장기전세가율평균":70.07,
            "전세가율거품지수":-29.93,
            "검색코드":6555,
            "세대수":252.0,
            "준공년월":"1996-09-24",
            "준공년차":27.0,
            "가까운역이름":"NA",
            "가까운역거리":"NA",
            "역세권여부":"NA",
            "30분이내주요거점역":"NA",
            "30분거점역이름":"NA",
            "1시간이내주요거점역":"NA",
            "1시간거점역이름":"NA",
            "3km이내백화점수":0,
            "5km이내아울렛몰수":0,
            "1km이내대형먀트수":0,
            "500m이내은행수":0,
            "500m이내병원수":0,
            "5km이내대형병원수":1,
            "500m이내공원수":8,
            "3km이내혐오시설수":0,
            "초등학교학업성취도":89.98,
            "중학교학업성취도":95.1,
            "용적률":0,
            "건폐율":0,
            "Y":35.64213,
            "X":129.35462,
            "rank":88.0,
            "area_info":"22평(75.68), 22평(75.88), 31평(105.73), 32평(107.58)",
            "last_sales":"2022-02-16,16500.0,31평(105.73)",
            "rank_history":[
                [
                    "202203",
                    88
                ],
                [
                    "202202",
                    84
                ],
                [
                    "202201",
                    80
                ]
            ],
            "rank_gap":-4
        },
        {
            "index":268,
            "아파트명":"현대2차",
            "투자타입":"재건축",
            "전용면적(m2)":"47.65",
            "전용면적(평)":"14평",
            "법정동주소":"울산시 북구 염포동 64",
            "도로명주소":"울산시 북구 새장터4길 5-15",
            "세대수":0,
            "입주년차":"--",
            "용적률점수":0,
            "건폐율점수":0,
            "세대당주차수":"--",
            "난방방식":"--",
            "공급면적":50,
            "전용률":80,
            "욕실수":"--",
            "현관타입":"--",
            "주거총점":6.5,
            "지역구공급총점":0.0,
            "역세권":"NA",
            "30분내 이동가능 거점":"NA",
            "1시간내 이동가능 거점":"NA",
            "교통총점":"NA",
            "백화점":0,
            "아울렛몰":0,
            "대형마트":0,
            "은행":0,
            "병원":0,
            "종합병원":100,
            "공원":0,
            "혐오시설":0,
            "인프라총점":20.0,
            "초등학군":89.98,
            "중학군":52.66,
            "학군총점":60.124,
            "인구수":24.72,
            "인구증감":-3.15,
            "인구총점":16.359,
            "일자리":15.0,
            "소득수준":93.27,
            "일자리총점":38.481,
            "가치 총점":25.306,
            "매매실거래년":20211101.0,
            "매매실거래가":11900.0,
            "전세실거래년":20211031.0,
            "전세실거래가":5000.0,
            "전세가율":42.02,
            "장기전세가율평균":70.07,
            "전세가율거품지수":28.05,
            "검색코드":16233,
            "세대수":124.0,
            "준공년월":"1985-05-10",
            "준공년차":38.0,
            "가까운역이름":"NA",
            "가까운역거리":"NA",
            "역세권여부":"NA",
            "30분이내주요거점역":"NA",
            "30분거점역이름":"NA",
            "1시간이내주요거점역":"NA",
            "1시간거점역이름":"NA",
            "3km이내백화점수":0,
            "5km이내아울렛몰수":0,
            "1km이내대형먀트수":0,
            "500m이내은행수":1,
            "500m이내병원수":0,
            "5km이내대형병원수":2,
            "500m이내공원수":0,
            "3km이내혐오시설수":0,
            "초등학교학업성취도":89.98,
            "중학교학업성취도":85.5,
            "용적률":0,
            "건폐율":0,
            "Y":35.537768,
            "X":129.389448,
            "rank":89.0,
            "area_info":"14평(47.65), 17평(57.82)",
            "last_sales":"2021-11-01,11900.0,14평(47.65)",
            "rank_history":[
                [
                    "202203",
                    89
                ],
                [
                    "202202",
                    85
                ],
                [
                    "202201",
                    87
                ]
            ],
            "rank_gap":-4
        },
        {
            "index":284,
            "아파트명":"대암훼미리(102동)",
            "투자타입":"일반",
            "전용면적(m2)":"78.04",
            "전용면적(평)":"23평",
            "법정동주소":"울산시 북구 중산동 546-6",
            "도로명주소":"울산시 북구 이화2길 13",
            "세대수":0,
            "입주년차":0,
            "용적률점수":"--",
            "건폐율점수":"--",
            "세대당주차수":0,
            "난방방식":30,
            "공급면적":"--",
            "전용률":"--",
            "욕실수":50,
            "현관타입":10,
            "주거총점":9.0,
            "지역구공급총점":0.0,
            "역세권":"NA",
            "30분내 이동가능 거점":"NA",
            "1시간내 이동가능 거점":"NA",
            "교통총점":"NA",
            "백화점":0,
            "아울렛몰":0,
            "대형마트":0,
            "은행":0,
            "병원":0,
            "종합병원":80,
            "공원":100,
            "혐오시설":0,
            "인프라총점":19.0,
            "초등학군":89.98,
            "중학군":50.28,
            "학군총점":58.22,
            "인구수":24.72,
            "인구증감":-3.15,
            "인구총점":16.359,
            "일자리":15.0,
            "소득수준":93.27,
            "일자리총점":38.481,
            "가치 총점":25.305,
            "매매실거래년":20210904.0,
            "매매실거래가":5183.0,
            "전세실거래년":20210701.0,
            "전세실거래가":3000.0,
            "전세가율":50.0,
            "장기전세가율평균":70.07,
            "전세가율거품지수":20.07,
            "검색코드":11577,
            "세대수":93.0,
            "준공년월":"1993-09-24",
            "준공년차":30.0,
            "가까운역이름":"NA",
            "가까운역거리":"NA",
            "역세권여부":"NA",
            "30분이내주요거점역":"NA",
            "30분거점역이름":"NA",
            "1시간이내주요거점역":"NA",
            "1시간거점역이름":"NA",
            "3km이내백화점수":0,
            "5km이내아울렛몰수":0,
            "1km이내대형먀트수":0,
            "500m이내은행수":0,
            "500m이내병원수":0,
            "5km이내대형병원수":1,
            "500m이내공원수":2,
            "3km이내혐오시설수":0,
            "초등학교학업성취도":89.98,
            "중학교학업성취도":83.8,
            "용적률":210,
            "건폐율":24,
            "Y":35.663002,
            "X":129.340933,
            "rank":90.0,
            "area_info":"23평(78.04), 27평(91.51), 28평(94.94)",
            "last_sales":"2021-09-04,5183.0,28평(94.94)",
            "rank_history":[
                [
                    "202203",
                    90
                ],
                [
                    "202202",
                    9999
                ]
            ],
            "rank_gap":9999
        },
        {
            "index":332,
            "아파트명":"현우파크맨션",
            "투자타입":"일반",
            "전용면적(m2)":"97.42",
            "전용면적(평)":"29평",
            "법정동주소":"울산시 북구 중산동 676-1",
            "도로명주소":"울산시 북구 화정4길 20",
            "세대수":0,
            "입주년차":0,
            "용적률점수":"--",
            "건폐율점수":"--",
            "세대당주차수":0,
            "난방방식":30,
            "공급면적":"--",
            "전용률":"--",
            "욕실수":50,
            "현관타입":10,
            "주거총점":9.0,
            "지역구공급총점":0.0,
            "역세권":"NA",
            "30분내 이동가능 거점":"NA",
            "1시간내 이동가능 거점":"NA",
            "교통총점":"NA",
            "백화점":0,
            "아울렛몰":0,
            "대형마트":0,
            "은행":0,
            "병원":0,
            "종합병원":80,
            "공원":100,
            "혐오시설":0,
            "인프라총점":19.0,
            "초등학군":89.98,
            "중학군":50.28,
            "학군총점":58.22,
            "인구수":24.72,
            "인구증감":-3.15,
            "인구총점":16.359,
            "일자리":15.0,
            "소득수준":93.27,
            "일자리총점":38.481,
            "가치 총점":25.305,
            "매매실거래년":20211207.0,
            "매매실거래가":7500.0,
            "전세실거래년":20190816.0,
            "전세실거래가":6000.0,
            "전세가율":80.0,
            "장기전세가율평균":70.07,
            "전세가율거품지수":-9.93,
            "검색코드":14697,
            "세대수":96.0,
            "준공년월":"1997-07-25",
            "준공년차":26.0,
            "가까운역이름":"NA",
            "가까운역거리":"NA",
            "역세권여부":"NA",
            "30분이내주요거점역":"NA",
            "30분거점역이름":"NA",
            "1시간이내주요거점역":"NA",
            "1시간거점역이름":"NA",
            "3km이내백화점수":0,
            "5km이내아울렛몰수":0,
            "1km이내대형먀트수":0,
            "500m이내은행수":0,
            "500m이내병원수":0,
            "5km이내대형병원수":1,
            "500m이내공원수":2,
            "3km이내혐오시설수":0,
            "초등학교학업성취도":89.98,
            "중학교학업성취도":83.8,
            "용적률":310,
            "건폐율":25,
            "Y":35.661416,
            "X":129.341757,
            "rank":90.0,
            "area_info":"29평(97.42), 29평(99.16)",
            "last_sales":"2021-12-07,7500.0,29평(97.42)",
            "rank_history":[
                [
                    "202203",
                    90
                ],
                [
                    "202202",
                    9999
                ]
            ],
            "rank_gap":9999
        },
        {
            "index":334,
            "아파트명":"효연아파트",
            "투자타입":"재건축",
            "전용면적(m2)":"45.33",
            "전용면적(평)":"13평",
            "법정동주소":"울산시 북구 중산동 1070-2",
            "도로명주소":"울산시 북구 약수9길 4-5",
            "세대수":0,
            "입주년차":"--",
            "용적률점수":0,
            "건폐율점수":0,
            "세대당주차수":"--",
            "난방방식":"--",
            "공급면적":50,
            "전용률":80,
            "욕실수":"--",
            "현관타입":"--",
            "주거총점":6.5,
            "지역구공급총점":0.0,
            "역세권":"NA",
            "30분내 이동가능 거점":"NA",
            "1시간내 이동가능 거점":"NA",
            "교통총점":"NA",
            "백화점":0,
            "아울렛몰":0,
            "대형마트":0,
            "은행":0,
            "병원":0,
            "종합병원":80,
            "공원":0,
            "혐오시설":0,
            "인프라총점":16.0,
            "초등학군":89.98,
            "중학군":59.02,
            "학군총점":65.212,
            "인구수":24.72,
            "인구증감":-3.15,
            "인구총점":16.359,
            "일자리":15.0,
            "소득수준":93.27,
            "일자리총점":38.481,
            "가치 총점":24.978,
            "매매실거래년":20220119.0,
            "매매실거래가":2900.0,
            "전세실거래년":20210905.0,
            "전세실거래가":2500.0,
            "전세가율":86.21,
            "장기전세가율평균":70.07,
            "전세가율거품지수":-16.14,
            "검색코드":136462,
            "세대수":100.0,
            "준공년월":"1990-12-24",
            "준공년차":33.0,
            "가까운역이름":"NA",
            "가까운역거리":"NA",
            "역세권여부":"NA",
            "30분이내주요거점역":"NA",
            "30분거점역이름":"NA",
            "1시간이내주요거점역":"NA",
            "1시간거점역이름":"NA",
            "3km이내백화점수":0,
            "5km이내아울렛몰수":0,
            "1km이내대형먀트수":0,
            "500m이내은행수":0,
            "500m이내병원수":0,
            "5km이내대형병원수":1,
            "500m이내공원수":0,
            "3km이내혐오시설수":0,
            "초등학교학업성취도":89.98,
            "중학교학업성취도":95.1,
            "용적률":0,
            "건폐율":0,
            "Y":35.648955,
            "X":129.340733,
            "rank":91.0,
            "area_info":"13평(45.33)",
            "last_sales":"2022-01-19,2900.0,13평(45.33)",
            "rank_history":[
                [
                    "202203",
                    91
                ],
                [
                    "202202",
                    87
                ],
                [
                    "202201",
                    90
                ]
            ],
            "rank_gap":-4
        },
        {
            "index":309,
            "아파트명":"이화제일그린파크",
            "투자타입":"재건축",
            "전용면적(m2)":"88.22",
            "전용면적(평)":"26평",
            "법정동주소":"울산시 북구 중산동 1166-18",
            "도로명주소":"울산시 북구 이화5길 63",
            "세대수":0,
            "입주년차":"--",
            "용적률점수":0,
            "건폐율점수":0,
            "세대당주차수":"--",
            "난방방식":"--",
            "공급면적":70,
            "전용률":80,
            "욕실수":"--",
            "현관타입":"--",
            "주거총점":7.5,
            "지역구공급총점":0.0,
            "역세권":"NA",
            "30분내 이동가능 거점":"NA",
            "1시간내 이동가능 거점":"NA",
            "교통총점":"NA",
            "백화점":0,
            "아울렛몰":0,
            "대형마트":0,
            "은행":0,
            "병원":0,
            "종합병원":80,
            "공원":100,
            "혐오시설":0,
            "인프라총점":19.0,
            "초등학군":89.98,
            "중학군":50.28,
            "학군총점":58.22,
            "인구수":24.72,
            "인구증감":-3.15,
            "인구총점":16.359,
            "일자리":15.0,
            "소득수준":93.27,
            "일자리총점":38.481,
            "가치 총점":24.78,
            "매매실거래년":20211122.0,
            "매매실거래가":8300.0,
            "전세실거래년":20220209.0,
            "전세실거래가":2000.0,
            "전세가율":29.41,
            "장기전세가율평균":70.07,
            "전세가율거품지수":40.66,
            "검색코드":11574,
            "세대수":180.0,
            "준공년월":"1992-03-18",
            "준공년차":31.0,
            "가까운역이름":"NA",
            "가까운역거리":"NA",
            "역세권여부":"NA",
            "30분이내주요거점역":"NA",
            "30분거점역이름":"NA",
            "1시간이내주요거점역":"NA",
            "1시간거점역이름":"NA",
            "3km이내백화점수":0,
            "5km이내아울렛몰수":0,
            "1km이내대형먀트수":0,
            "500m이내은행수":0,
            "500m이내병원수":0,
            "5km이내대형병원수":1,
            "500m이내공원수":2,
            "3km이내혐오시설수":0,
            "초등학교학업성취도":89.98,
            "중학교학업성취도":83.8,
            "용적률":0,
            "건폐율":0,
            "Y":35.665886,
            "X":129.338486,
            "rank":92.0,
            "area_info":"26평(88.22), 29평(96.96), 30평(101.49)",
            "last_sales":"2021-11-22,8300.0,30평(101.49)",
            "rank_history":[
                [
                    "202203",
                    92
                ],
                [
                    "202202",
                    86
                ],
                [
                    "202201",
                    89
                ]
            ],
            "rank_gap":-6
        },
        {
            "index":253,
            "아파트명":"성은",
            "투자타입":"재건축",
            "전용면적(m2)":"65.16",
            "전용면적(평)":"19평",
            "법정동주소":"울산시 북구 염포동 282-1",
            "도로명주소":"울산시 북구 새장터8길 29-3",
            "세대수":0,
            "입주년차":"--",
            "용적률점수":0,
            "건폐율점수":0,
            "세대당주차수":"--",
            "난방방식":"--",
            "공급면적":50,
            "전용률":100,
            "욕실수":"--",
            "현관타입":"--",
            "주거총점":7.5,
            "지역구공급총점":0.0,
            "역세권":"NA",
            "30분내 이동가능 거점":"NA",
            "1시간내 이동가능 거점":"NA",
            "교통총점":"NA",
            "백화점":0,
            "아울렛몰":0,
            "대형마트":0,
            "은행":0,
            "병원":0,
            "종합병원":80,
            "공원":0,
            "혐오시설":0,
            "인프라총점":16.0,
            "초등학군":89.98,
            "중학군":54.7,
            "학군총점":61.756,
            "인구수":24.72,
            "인구증감":-3.15,
            "인구총점":16.359,
            "일자리":15.0,
            "소득수준":93.27,
            "일자리총점":38.481,
            "가치 총점":24.464,
            "매매실거래년":20220209.0,
            "매매실거래가":6800.0,
            "전세실거래년":20171031.0,
            "전세실거래가":7500.0,
            "전세가율":110.29,
            "장기전세가율평균":70.07,
            "전세가율거품지수":-40.22,
            "검색코드":106332,
            "세대수":114.0,
            "준공년월":"1992-01-24",
            "준공년차":31.0,
            "가까운역이름":"NA",
            "가까운역거리":"NA",
            "역세권여부":"NA",
            "30분이내주요거점역":"NA",
            "30분거점역이름":"NA",
            "1시간이내주요거점역":"NA",
            "1시간거점역이름":"NA",
            "3km이내백화점수":0,
            "5km이내아울렛몰수":0,
            "1km이내대형먀트수":0,
            "500m이내은행수":0,
            "500m이내병원수":0,
            "5km이내대형병원수":1,
            "500m이내공원수":0,
            "3km이내혐오시설수":0,
            "초등학교학업성취도":89.98,
            "중학교학업성취도":89.1,
            "용적률":0,
            "건폐율":0,
            "Y":35.534323,
            "X":129.393524,
            "rank":93.0,
            "area_info":"19평(65.16), 20평(69.3), 21평(71.37), 22평(74.47), 22평(75.04), 25평(85.76)",
            "last_sales":"2022-02-09,6800.0,19평(65.16)",
            "rank_history":[
                [
                    "202203",
                    93
                ],
                [
                    "202202",
                    89
                ],
                [
                    "202201",
                    92
                ]
            ],
            "rank_gap":-4
        },
        {
            "index":378,
            "아파트명":"일지리버타워",
            "투자타입":"일반",
            "전용면적(m2)":"65.71",
            "전용면적(평)":"19평",
            "법정동주소":"울산시 북구 천곡동 1020-21",
            "도로명주소":"울산시 북구 천곡길 51-6",
            "세대수":0,
            "입주년차":0,
            "용적률점수":"--",
            "건폐율점수":"--",
            "세대당주차수":0,
            "난방방식":30,
            "공급면적":"--",
            "전용률":"--",
            "욕실수":50,
            "현관타입":10,
            "주거총점":9.0,
            "지역구공급총점":0.0,
            "역세권":"NA",
            "30분내 이동가능 거점":"NA",
            "1시간내 이동가능 거점":"NA",
            "교통총점":"NA",
            "백화점":0,
            "아울렛몰":0,
            "대형마트":0,
            "은행":0,
            "병원":0,
            "종합병원":80,
            "공원":0,
            "혐오시설":0,
            "인프라총점":16.0,
            "초등학군":89.99,
            "중학군":51.7,
            "학군총점":59.358,
            "인구수":24.72,
            "인구증감":-3.15,
            "인구총점":16.359,
            "일자리":15.0,
            "소득수준":93.27,
            "일자리총점":38.481,
            "가치 총점":24.3895,
            "매매실거래년":20220217.0,
            "매매실거래가":9250.0,
            "전세실거래년":20200817.0,
            "전세실거래가":1000.0,
            "전세가율":15.04,
            "장기전세가율평균":70.07,
            "전세가율거품지수":55.03,
            "검색코드":14700,
            "세대수":225.0,
            "준공년월":"1993-08-20",
            "준공년차":30.0,
            "가까운역이름":"NA",
            "가까운역거리":"NA",
            "역세권여부":"NA",
            "30분이내주요거점역":"NA",
            "30분거점역이름":"NA",
            "1시간이내주요거점역":"NA",
            "1시간거점역이름":"NA",
            "3km이내백화점수":0,
            "5km이내아울렛몰수":0,
            "1km이내대형먀트수":0,
            "500m이내은행수":0,
            "500m이내병원수":0,
            "5km이내대형병원수":1,
            "500m이내공원수":0,
            "3km이내혐오시설수":0,
            "초등학교학업성취도":89.99,
            "중학교학업성취도":83.9,
            "용적률":392,
            "건폐율":33,
            "Y":35.63785,
            "X":129.33903,
            "rank":94.0,
            "area_info":"19평(65.71), 28평(94.5)",
            "last_sales":"2022-02-17,9250.0,28평(94.5)",
            "rank_history":[
                [
                    "202203",
                    94
                ],
                [
                    "202202",
                    88
                ],
                [
                    "202201",
                    93
                ]
            ],
            "rank_gap":-6
        },
        {
            "index":287,
            "아파트명":"백산그린타워",
            "투자타입":"일반",
            "전용면적(m2)":"65.45",
            "전용면적(평)":"19평",
            "법정동주소":"울산시 북구 중산동 736",
            "도로명주소":"울산시 북구 화정1길 12-2",
            "세대수":0,
            "입주년차":0,
            "용적률점수":"--",
            "건폐율점수":"--",
            "세대당주차수":0,
            "난방방식":30,
            "공급면적":"--",
            "전용률":"--",
            "욕실수":50,
            "현관타입":10,
            "주거총점":9.0,
            "지역구공급총점":0.0,
            "역세권":"NA",
            "30분내 이동가능 거점":"NA",
            "1시간내 이동가능 거점":"NA",
            "교통총점":"NA",
            "백화점":0,
            "아울렛몰":0,
            "대형마트":0,
            "은행":0,
            "병원":0,
            "종합병원":80,
            "공원":0,
            "혐오시설":0,
            "인프라총점":16.0,
            "초등학군":89.98,
            "중학군":50.28,
            "학군총점":58.22,
            "인구수":24.72,
            "인구증감":-3.15,
            "인구총점":16.359,
            "일자리":15.0,
            "소득수준":93.27,
            "일자리총점":38.481,
            "가치 총점":24.105,
            "매매실거래년":20220112.0,
            "매매실거래가":5600.0,
            "전세실거래년":20211013.0,
            "전세실거래가":6000.0,
            "전세가율":107.14,
            "장기전세가율평균":70.07,
            "전세가율거품지수":-37.07,
            "검색코드":11775,
            "세대수":274.0,
            "준공년월":"1993-10-29",
            "준공년차":30.0,
            "가까운역이름":"NA",
            "가까운역거리":"NA",
            "역세권여부":"NA",
            "30분이내주요거점역":"NA",
            "30분거점역이름":"NA",
            "1시간이내주요거점역":"NA",
            "1시간거점역이름":"NA",
            "3km이내백화점수":0,
            "5km이내아울렛몰수":0,
            "1km이내대형먀트수":0,
            "500m이내은행수":0,
            "500m이내병원수":0,
            "5km이내대형병원수":1,
            "500m이내공원수":0,
            "3km이내혐오시설수":0,
            "초등학교학업성취도":89.98,
            "중학교학업성취도":83.8,
            "용적률":299,
            "건폐율":25,
            "Y":35.656532,
            "X":129.343255,
            "rank":95.0,
            "area_info":"19평(65.45), 21평(71.46), 25평(83.25), 28평(94.0)",
            "last_sales":"2022-01-12,5600.0,19평(65.45)",
            "rank_history":[
                [
                    "202203",
                    95
                ],
                [
                    "202202",
                    90
                ],
                [
                    "202201",
                    94
                ]
            ],
            "rank_gap":-5
        },
        {
            "index":80,
            "아파트명":"현대으뜸타운",
            "투자타입":"일반",
            "전용면적(m2)":"72.19",
            "전용면적(평)":"21평",
            "법정동주소":"울산시 북구 매곡동 233",
            "도로명주소":"울산시 북구 매곡본길 54",
            "세대수":0,
            "입주년차":0,
            "용적률점수":"--",
            "건폐율점수":"--",
            "세대당주차수":0,
            "난방방식":30,
            "공급면적":"--",
            "전용률":"--",
            "욕실수":50,
            "현관타입":10,
            "주거총점":9.0,
            "지역구공급총점":0.0,
            "역세권":"NA",
            "30분내 이동가능 거점":"NA",
            "1시간내 이동가능 거점":"NA",
            "교통총점":"NA",
            "백화점":0,
            "아울렛몰":0,
            "대형마트":0,
            "은행":0,
            "병원":0,
            "종합병원":80,
            "공원":100,
            "혐오시설":0,
            "인프라총점":19.0,
            "초등학군":90.0,
            "중학군":43.34,
            "학군총점":52.672,
            "인구수":24.72,
            "인구증감":-3.15,
            "인구총점":16.359,
            "일자리":15.0,
            "소득수준":93.27,
            "일자리총점":38.481,
            "가치 총점":23.918,
            "매매실거래년":20220205.0,
            "매매실거래가":11350.0,
            "전세실거래년":20220107.0,
            "전세실거래가":8000.0,
            "전세가율":75.47,
            "장기전세가율평균":70.07,
            "전세가율거품지수":-5.4,
            "검색코드":11588,
            "세대수":299.0,
            "준공년월":"1997-02-05",
            "준공년차":26.0,
            "가까운역이름":"NA",
            "가까운역거리":"NA",
            "역세권여부":"NA",
            "30분이내주요거점역":"NA",
            "30분거점역이름":"NA",
            "1시간이내주요거점역":"NA",
            "1시간거점역이름":"NA",
            "3km이내백화점수":0,
            "5km이내아울렛몰수":0,
            "1km이내대형먀트수":0,
            "500m이내은행수":0,
            "500m이내병원수":0,
            "5km이내대형병원수":1,
            "500m이내공원수":4,
            "3km이내혐오시설수":0,
            "초등학교학업성취도":90.0,
            "중학교학업성취도":71.9,
            "용적률":319,
            "건폐율":26,
            "Y":35.638966,
            "X":129.360129,
            "rank":96.0,
            "area_info":"21평(72.19), 24평(80.44), 28평(94.6)",
            "last_sales":"2022-02-05,11350.0,24평(80.44)",
            "rank_history":[
                [
                    "202203",
                    96
                ],
                [
                    "202202",
                    91
                ],
                [
                    "202201",
                    88
                ]
            ],
            "rank_gap":-5
        },
        {
            "index":264,
            "아파트명":"염포현대3차",
            "투자타입":"재건축",
            "전용면적(m2)":"59.85",
            "전용면적(평)":"18평",
            "법정동주소":"울산시 북구 염포동 61-1",
            "도로명주소":"울산시 북구 새장터7길 61",
            "세대수":0,
            "입주년차":"--",
            "용적률점수":0,
            "건폐율점수":0,
            "세대당주차수":"--",
            "난방방식":"--",
            "공급면적":50,
            "전용률":80,
            "욕실수":"--",
            "현관타입":"--",
            "주거총점":6.5,
            "지역구공급총점":0.0,
            "역세권":"NA",
            "30분내 이동가능 거점":"NA",
            "1시간내 이동가능 거점":"NA",
            "교통총점":"NA",
            "백화점":0,
            "아울렛몰":0,
            "대형마트":0,
            "은행":0,
            "병원":0,
            "종합병원":80,
            "공원":0,
            "혐오시설":0,
            "인프라총점":16.0,
            "초등학군":89.98,
            "중학군":52.66,
            "학군총점":60.124,
            "인구수":24.72,
            "인구증감":-3.15,
            "인구총점":16.359,
            "일자리":15.0,
            "소득수준":93.27,
            "일자리총점":38.481,
            "가치 총점":23.706,
            "매매실거래년":20220127.0,
            "매매실거래가":5600.0,
            "전세실거래년":20220114.0,
            "전세실거래가":6500.0,
            "전세가율":116.07,
            "장기전세가율평균":70.07,
            "전세가율거품지수":-46.0,
            "검색코드":101776,
            "세대수":80.0,
            "준공년월":"1992-01-21",
            "준공년차":31.0,
            "가까운역이름":"NA",
            "가까운역거리":"NA",
            "역세권여부":"NA",
            "30분이내주요거점역":"NA",
            "30분거점역이름":"NA",
            "1시간이내주요거점역":"NA",
            "1시간거점역이름":"NA",
            "3km이내백화점수":0,
            "5km이내아울렛몰수":0,
            "1km이내대형먀트수":0,
            "500m이내은행수":0,
            "500m이내병원수":0,
            "5km이내대형병원수":1,
            "500m이내공원수":0,
            "3km이내혐오시설수":0,
            "초등학교학업성취도":89.98,
            "중학교학업성취도":85.5,
            "용적률":0,
            "건폐율":0,
            "Y":35.537521,
            "X":129.391285,
            "rank":97.0,
            "area_info":"18평(59.85)",
            "last_sales":"2022-01-27,5600.0,18평(59.85)",
            "rank_history":[
                [
                    "202203",
                    97
                ],
                [
                    "202202",
                    9999
                ]
            ],
            "rank_gap":9999
        },
        {
            "index":265,
            "아파트명":"현대1차",
            "투자타입":"재건축",
            "전용면적(m2)":"47.53",
            "전용면적(평)":"14평",
            "법정동주소":"울산시 북구 염포동 201",
            "도로명주소":"울산시 북구 염포로 645",
            "세대수":0,
            "입주년차":"--",
            "용적률점수":0,
            "건폐율점수":0,
            "세대당주차수":"--",
            "난방방식":"--",
            "공급면적":50,
            "전용률":80,
            "욕실수":"--",
            "현관타입":"--",
            "주거총점":6.5,
            "지역구공급총점":0.0,
            "역세권":"NA",
            "30분내 이동가능 거점":"NA",
            "1시간내 이동가능 거점":"NA",
            "교통총점":"NA",
            "백화점":0,
            "아울렛몰":0,
            "대형마트":0,
            "은행":0,
            "병원":0,
            "종합병원":80,
            "공원":0,
            "혐오시설":0,
            "인프라총점":16.0,
            "초등학군":89.98,
            "중학군":52.66,
            "학군총점":60.124,
            "인구수":24.72,
            "인구증감":-3.15,
            "인구총점":16.359,
            "일자리":15.0,
            "소득수준":93.27,
            "일자리총점":38.481,
            "가치 총점":23.706,
            "매매실거래년":20220217.0,
            "매매실거래가":12000.0,
            "전세실거래년":20211228.0,
            "전세실거래가":6000.0,
            "전세가율":54.55,
            "장기전세가율평균":70.07,
            "전세가율거품지수":15.52,
            "검색코드":16230,
            "세대수":230.0,
            "준공년월":"1983-05-21",
            "준공년차":40.0,
            "가까운역이름":"NA",
            "가까운역거리":"NA",
            "역세권여부":"NA",
            "30분이내주요거점역":"NA",
            "30분거점역이름":"NA",
            "1시간이내주요거점역":"NA",
            "1시간거점역이름":"NA",
            "3km이내백화점수":0,
            "5km이내아울렛몰수":0,
            "1km이내대형먀트수":0,
            "500m이내은행수":0,
            "500m이내병원수":0,
            "5km이내대형병원수":1,
            "500m이내공원수":0,
            "3km이내혐오시설수":0,
            "초등학교학업성취도":89.98,
            "중학교학업성취도":85.5,
            "용적률":0,
            "건폐율":0,
            "Y":35.534986,
            "X":129.389963,
            "rank":97.0,
            "area_info":"14평(47.53), 17평(57.82), 21평(69.87)",
            "last_sales":"2022-02-17,12000.0,17평(57.82)",
            "rank_history":[
                [
                    "202203",
                    97
                ],
                [
                    "202202",
                    92
                ],
                [
                    "202201",
                    91
                ]
            ],
            "rank_gap":-5
        }
    ]
}