{
    "schema":{
        "fields":[
            {
                "name":"index",
                "type":"integer"
            },
            {
                "name":"아파트명",
                "type":"string"
            },
            {
                "name":"투자타입",
                "type":"string"
            },
            {
                "name":"전용면적(m2)",
                "type":"string"
            },
            {
                "name":"전용면적(평)",
                "type":"string"
            },
            {
                "name":"법정동주소",
                "type":"string"
            },
            {
                "name":"도로명주소",
                "type":"string"
            },
            {
                "name":"세대수",
                "type":"integer"
            },
            {
                "name":"입주년차",
                "type":"string"
            },
            {
                "name":"용적률점수",
                "type":"string"
            },
            {
                "name":"건폐율점수",
                "type":"string"
            },
            {
                "name":"세대당주차수",
                "type":"string"
            },
            {
                "name":"난방방식",
                "type":"string"
            },
            {
                "name":"공급면적",
                "type":"string"
            },
            {
                "name":"전용률",
                "type":"string"
            },
            {
                "name":"욕실수",
                "type":"string"
            },
            {
                "name":"현관타입",
                "type":"string"
            },
            {
                "name":"주거총점",
                "type":"number"
            },
            {
                "name":"지역구공급총점",
                "type":"number"
            },
            {
                "name":"역세권",
                "type":"integer"
            },
            {
                "name":"30분내 이동가능 거점",
                "type":"integer"
            },
            {
                "name":"1시간내 이동가능 거점",
                "type":"integer"
            },
            {
                "name":"교통총점",
                "type":"number"
            },
            {
                "name":"백화점",
                "type":"integer"
            },
            {
                "name":"아울렛몰",
                "type":"integer"
            },
            {
                "name":"대형마트",
                "type":"integer"
            },
            {
                "name":"은행",
                "type":"integer"
            },
            {
                "name":"병원",
                "type":"integer"
            },
            {
                "name":"종합병원",
                "type":"integer"
            },
            {
                "name":"공원",
                "type":"integer"
            },
            {
                "name":"혐오시설",
                "type":"integer"
            },
            {
                "name":"인프라총점",
                "type":"number"
            },
            {
                "name":"초등학군",
                "type":"number"
            },
            {
                "name":"중학군",
                "type":"number"
            },
            {
                "name":"학군총점",
                "type":"number"
            },
            {
                "name":"인구수",
                "type":"number"
            },
            {
                "name":"인구증감",
                "type":"number"
            },
            {
                "name":"인구총점",
                "type":"number"
            },
            {
                "name":"일자리",
                "type":"number"
            },
            {
                "name":"소득수준",
                "type":"number"
            },
            {
                "name":"일자리총점",
                "type":"number"
            },
            {
                "name":"가치 총점",
                "type":"number"
            },
            {
                "name":"매매실거래년",
                "type":"string"
            },
            {
                "name":"매매실거래가",
                "type":"number"
            },
            {
                "name":"전세실거래년",
                "type":"number"
            },
            {
                "name":"전세실거래가",
                "type":"number"
            },
            {
                "name":"전세가율",
                "type":"number"
            },
            {
                "name":"장기전세가율평균",
                "type":"number"
            },
            {
                "name":"전세가율거품지수",
                "type":"number"
            },
            {
                "name":"검색코드",
                "type":"integer"
            },
            {
                "name":"세대수",
                "type":"number"
            },
            {
                "name":"준공년월",
                "type":"string"
            },
            {
                "name":"준공년차",
                "type":"number"
            },
            {
                "name":"가까운역이름",
                "type":"string"
            },
            {
                "name":"가까운역거리",
                "type":"number"
            },
            {
                "name":"역세권여부",
                "type":"string"
            },
            {
                "name":"30분이내주요거점역",
                "type":"integer"
            },
            {
                "name":"30분거점역이름",
                "type":"string"
            },
            {
                "name":"1시간이내주요거점역",
                "type":"integer"
            },
            {
                "name":"1시간거점역이름",
                "type":"string"
            },
            {
                "name":"3km이내백화점수",
                "type":"integer"
            },
            {
                "name":"5km이내아울렛몰수",
                "type":"integer"
            },
            {
                "name":"1km이내대형먀트수",
                "type":"integer"
            },
            {
                "name":"500m이내은행수",
                "type":"integer"
            },
            {
                "name":"500m이내병원수",
                "type":"integer"
            },
            {
                "name":"5km이내대형병원수",
                "type":"integer"
            },
            {
                "name":"500m이내공원수",
                "type":"integer"
            },
            {
                "name":"3km이내혐오시설수",
                "type":"integer"
            },
            {
                "name":"초등학교학업성취도",
                "type":"number"
            },
            {
                "name":"중학교학업성취도",
                "type":"number"
            },
            {
                "name":"용적률",
                "type":"integer"
            },
            {
                "name":"건폐율",
                "type":"integer"
            },
            {
                "name":"Y",
                "type":"number"
            },
            {
                "name":"X",
                "type":"number"
            },
            {
                "name":"rank",
                "type":"number"
            },
            {
                "name":"area_info",
                "type":"string"
            },
            {
                "name":"last_sales",
                "type":"string"
            },
            {
                "name":"rank_history",
                "type":"string"
            },
            {
                "name":"rank_gap",
                "type":"integer"
            }
        ],
        "primaryKey":[
            "index"
        ],
        "pandas_version":"1.4.0"
    },
    "data":[
        {
            "index":159,
            "아파트명":"동양덱스빌",
            "투자타입":"일반",
            "전용면적(m2)":"113.43",
            "전용면적(평)":"34평",
            "법정동주소":"경기도 수원시 권선구 권선동 1015",
            "도로명주소":"경기도 수원시 권선구 권광로139번길 11",
            "세대수":0,
            "입주년차":0,
            "용적률점수":"--",
            "건폐율점수":"--",
            "세대당주차수":100,
            "난방방식":30,
            "공급면적":"--",
            "전용률":"--",
            "욕실수":100,
            "현관타입":100,
            "주거총점":38.0,
            "지역구공급총점":100.0,
            "역세권":80,
            "30분내 이동가능 거점":60,
            "1시간내 이동가능 거점":100,
            "교통총점":78.0,
            "백화점":100,
            "아울렛몰":100,
            "대형마트":100,
            "은행":100,
            "병원":100,
            "종합병원":100,
            "공원":80,
            "혐오시설":0,
            "인프라총점":97.4,
            "초등학군":89.99,
            "중학군":54.78,
            "학군총점":61.822,
            "인구수":41.61,
            "인구증감":-9.65,
            "인구총점":26.232,
            "일자리":19.56,
            "소득수준":100.0,
            "일자리총점":43.692,
            "가치 총점":73.3933,
            "매매실거래년":20211226.0,
            "매매실거래가":38000.0,
            "전세실거래년":20220102.0,
            "전세실거래가":29500.0,
            "전세가율":77.63,
            "장기전세가율평균":73.1,
            "전세가율거품지수":-4.53,
            "검색코드":2678,
            "세대수":55.0,
            "준공년월":"1997-12-16",
            "준공년차":26.0,
            "가까운역이름":"수원시청",
            "가까운역거리":190.14,
            "역세권여부":"역세권",
            "30분이내주요거점역":3,
            "30분거점역이름":"['수원시청', '수원', 'GTX용인(2023년)']",
            "1시간이내주요거점역":12,
            "1시간거점역이름":"['판교', '여의도', '정자', '수원시청', '평촌', '가산디지털단지', '수원', '안산', '서현', 'GTX성남(2023년)', 'GTX용인(2023년)', 'GTX동탄(2023년)']",
            "3km이내백화점수":2,
            "5km이내아울렛몰수":2,
            "1km이내대형먀트수":3,
            "500m이내은행수":9,
            "500m이내병원수":102,
            "5km이내대형병원수":4,
            "500m이내공원수":1,
            "3km이내혐오시설수":0,
            "초등학교학업성취도":89.99,
            "중학교학업성취도":89.5,
            "용적률":0,
            "건폐율":0,
            "Y":37.26028,
            "X":127.03026,
            "rank":1.0,
            "area_info":"34평(113.43), 44평(146.12), 58평(192.94)",
            "last_sales":"2021-12-26,38000.0,34평(113.43)",
            "rank_history":[
                [
                    "202203",
                    1
                ],
                [
                    "202202",
                    9999
                ]
            ],
            "rank_gap":9999
        },
        {
            "index":291,
            "아파트명":"엘리시아(도시형)",
            "투자타입":"일반",
            "전용면적(m2)":"27.95",
            "전용면적(평)":"8평",
            "법정동주소":"경기도 수원시 권선구 권선동 1013-12",
            "도로명주소":"경기도 수원시 권선구 효원로266번길 18",
            "세대수":0,
            "입주년차":80,
            "용적률점수":"--",
            "건폐율점수":"--",
            "세대당주차수":0,
            "난방방식":30,
            "공급면적":"--",
            "전용률":"--",
            "욕실수":50,
            "현관타입":10,
            "주거총점":25.0,
            "지역구공급총점":100.0,
            "역세권":80,
            "30분내 이동가능 거점":60,
            "1시간내 이동가능 거점":100,
            "교통총점":78.0,
            "백화점":100,
            "아울렛몰":100,
            "대형마트":100,
            "은행":100,
            "병원":100,
            "종합병원":100,
            "공원":80,
            "혐오시설":0,
            "인프라총점":97.4,
            "초등학군":89.99,
            "중학군":54.78,
            "학군총점":61.822,
            "인구수":41.61,
            "인구증감":-9.65,
            "인구총점":26.232,
            "일자리":19.56,
            "소득수준":100.0,
            "일자리총점":43.692,
            "가치 총점":70.7933,
            "매매실거래년":20211201.0,
            "매매실거래가":15000.0,
            "전세실거래년":20200424.0,
            "전세실거래가":10000.0,
            "전세가율":83.33,
            "장기전세가율평균":73.1,
            "전세가율거품지수":-10.23,
            "검색코드":113789,
            "세대수":72.0,
            "준공년월":"2016-09-30",
            "준공년차":7.0,
            "가까운역이름":"수원시청",
            "가까운역거리":117.13,
            "역세권여부":"역세권",
            "30분이내주요거점역":3,
            "30분거점역이름":"['수원시청', '수원', 'GTX용인(2023년)']",
            "1시간이내주요거점역":12,
            "1시간거점역이름":"['판교', '여의도', '정자', '수원시청', '평촌', '가산디지털단지', '수원', '안산', '서현', 'GTX성남(2023년)', 'GTX용인(2023년)', 'GTX동탄(2023년)']",
            "3km이내백화점수":2,
            "5km이내아울렛몰수":2,
            "1km이내대형먀트수":3,
            "500m이내은행수":11,
            "500m이내병원수":117,
            "5km이내대형병원수":4,
            "500m이내공원수":1,
            "3km이내혐오시설수":0,
            "초등학교학업성취도":89.99,
            "중학교학업성취도":89.5,
            "용적률":385,
            "건폐율":64,
            "Y":37.26108,
            "X":127.030063,
            "rank":2.0,
            "area_info":"8평(27.95), 9평(31.87), 10평(33.42), 10평(34.9), 12평(42.56), 14평(48.1), 16평(56.14), 18평(59.9)",
            "last_sales":"2021-12-01,15000.0,18평(59.9)",
            "rank_history":[
                [
                    "202203",
                    2
                ],
                [
                    "202202",
                    9999
                ]
            ],
            "rank_gap":9999
        },
        {
            "index":421,
            "아파트명":"센트라우스",
            "투자타입":"일반",
            "전용면적(m2)":"83.25",
            "전용면적(평)":"25평",
            "법정동주소":"경기도 수원시 권선구 서둔동 371",
            "도로명주소":"경기도 수원시 권선구 세화로168번길 15",
            "세대수":90,
            "입주년차":40,
            "용적률점수":"--",
            "건폐율점수":"--",
            "세대당주차수":30,
            "난방방식":30,
            "공급면적":"--",
            "전용률":"--",
            "욕실수":100,
            "현관타입":100,
            "주거총점":67.0,
            "지역구공급총점":100.0,
            "역세권":80,
            "30분내 이동가능 거점":40,
            "1시간내 이동가능 거점":100,
            "교통총점":72.0,
            "백화점":100,
            "아울렛몰":80,
            "대형마트":100,
            "은행":0,
            "병원":60,
            "종합병원":100,
            "공원":100,
            "혐오시설":0,
            "인프라총점":82.0,
            "초등학군":89.96,
            "중학군":36.6,
            "학군총점":47.272,
            "인구수":41.61,
            "인구증감":-9.65,
            "인구총점":26.232,
            "일자리":19.56,
            "소득수준":100.0,
            "일자리총점":43.692,
            "가치 총점":70.2908,
            "매매실거래년":20220126.0,
            "매매실거래가":60000.0,
            "전세실거래년":20220224.0,
            "전세실거래가":34000.0,
            "전세가율":56.67,
            "장기전세가율평균":73.1,
            "전세가율거품지수":16.43,
            "검색코드":19006,
            "세대수":1094.0,
            "준공년월":"2005-11-24",
            "준공년차":18.0,
            "가까운역이름":"수원",
            "가까운역거리":480.44,
            "역세권여부":"역세권",
            "30분이내주요거점역":2,
            "30분거점역이름":"['수원시청', '수원']",
            "1시간이내주요거점역":15,
            "1시간거점역이름":"['판교', '여의도', '을지로3가', '정자', '수원시청', '평촌', '가산디지털단지', '홍대입구', '수원', '구로디지털단지', '명동', '안산', '서현', 'GTX용인(2023년)', 'GTX동탄(2023년)']",
            "3km이내백화점수":2,
            "5km이내아울렛몰수":1,
            "1km이내대형먀트수":2,
            "500m이내은행수":1,
            "500m이내병원수":22,
            "5km이내대형병원수":5,
            "500m이내공원수":4,
            "3km이내혐오시설수":0,
            "초등학교학업성취도":89.96,
            "중학교학업성취도":61.0,
            "용적률":228,
            "건폐율":20,
            "Y":37.268345,
            "X":126.995774,
            "rank":3.0,
            "area_info":"25평(83.25), 33평(111.01), 33평(112.06)",
            "last_sales":"2022-01-26,60000.0,25평(83.25)",
            "rank_history":[
                [
                    "202203",
                    3
                ],
                [
                    "202202",
                    1
                ],
                [
                    "202201",
                    1
                ]
            ],
            "rank_gap":-2
        },
        {
            "index":178,
            "아파트명":"수원시청역SKVIEW",
            "투자타입":"일반",
            "전용면적(m2)":"79.5",
            "전용면적(평)":"24평",
            "법정동주소":"경기도 수원시 권선구 권선동 1035",
            "도로명주소":"경기도 수원시 권선구 권선로694번길 26",
            "세대수":90,
            "입주년차":40,
            "용적률점수":"--",
            "건폐율점수":"--",
            "세대당주차수":60,
            "난방방식":100,
            "공급면적":"--",
            "전용률":"--",
            "욕실수":100,
            "현관타입":100,
            "주거총점":78.5,
            "지역구공급총점":100.0,
            "역세권":50,
            "30분내 이동가능 거점":40,
            "1시간내 이동가능 거점":100,
            "교통총점":57.0,
            "백화점":100,
            "아울렛몰":100,
            "대형마트":100,
            "은행":20,
            "병원":80,
            "종합병원":100,
            "공원":100,
            "혐오시설":0,
            "인프라총점":88.0,
            "초등학군":89.99,
            "중학군":43.48,
            "학군총점":52.782,
            "인구수":41.61,
            "인구증감":-9.65,
            "인구총점":26.232,
            "일자리":19.56,
            "소득수준":100.0,
            "일자리총점":43.692,
            "가치 총점":69.9673,
            "매매실거래년":20211124.0,
            "매매실거래가":66000.0,
            "전세실거래년":20220222.0,
            "전세실거래가":29190.0,
            "전세가율":49.22,
            "장기전세가율평균":73.1,
            "전세가율거품지수":23.88,
            "검색코드":100374,
            "세대수":1018.0,
            "준공년월":"2008-11-07",
            "준공년차":15.0,
            "가까운역이름":"수원시청",
            "가까운역거리":526.01,
            "역세권여부":"준역세권",
            "30분이내주요거점역":2,
            "30분거점역이름":"['수원시청', '수원']",
            "1시간이내주요거점역":10,
            "1시간거점역이름":"['판교', '정자', '수원시청', '평촌', '가산디지털단지', '수원', '안산', '서현', 'GTX용인(2023년)', 'GTX동탄(2023년)']",
            "3km이내백화점수":2,
            "5km이내아울렛몰수":2,
            "1km이내대형먀트수":2,
            "500m이내은행수":2,
            "500m이내병원수":47,
            "5km이내대형병원수":4,
            "500m이내공원수":3,
            "3km이내혐오시설수":0,
            "초등학교학업성취도":89.99,
            "중학교학업성취도":72.0,
            "용적률":229,
            "건폐율":22,
            "Y":37.257942,
            "X":127.027646,
            "rank":4.0,
            "area_info":"24평(79.5), 25평(82.9), 33평(109.78), 33평(110.59), 33평(111.25), 33평(111.61), 34평(113.11), 39평(130.94), 48평(159.39), 54평(180.58), 60평(198.92)",
            "last_sales":"2021-11-24,66000.0,33평(111.25)",
            "rank_history":[
                [
                    "202203",
                    4
                ],
                [
                    "202202",
                    2
                ],
                [
                    "202201",
                    2
                ]
            ],
            "rank_gap":-2
        },
        {
            "index":189,
            "아파트명":"수원시청역마크타워(도시형)",
            "투자타입":"일반",
            "전용면적(m2)":"22.4",
            "전용면적(평)":"6평",
            "법정동주소":"경기도 수원시 권선구 권선동 1018-3",
            "도로명주소":"경기도 수원시 권선구 권선로669번길 24-20",
            "세대수":0,
            "입주년차":100,
            "용적률점수":"--",
            "건폐율점수":"--",
            "세대당주차수":0,
            "난방방식":30,
            "공급면적":"--",
            "전용률":"--",
            "욕실수":50,
            "현관타입":100,
            "주거총점":38.0,
            "지역구공급총점":100.0,
            "역세권":80,
            "30분내 이동가능 거점":40,
            "1시간내 이동가능 거점":90,
            "교통총점":70.0,
            "백화점":100,
            "아울렛몰":100,
            "대형마트":100,
            "은행":70,
            "병원":80,
            "종합병원":100,
            "공원":100,
            "혐오시설":0,
            "인프라총점":93.0,
            "초등학군":90.0,
            "중학군":43.48,
            "학군총점":52.784,
            "인구수":41.61,
            "인구증감":-9.65,
            "인구총점":26.232,
            "일자리":19.56,
            "소득수준":100.0,
            "일자리총점":43.692,
            "가치 총점":67.9176,
            "매매실거래년":"18000101",
            "매매실거래가":null,
            "전세실거래년":null,
            "전세실거래가":null,
            "전세가율":null,
            "장기전세가율평균":73.1,
            "전세가율거품지수":null,
            "검색코드":130989,
            "세대수":76.0,
            "준공년월":"2020-03-19",
            "준공년차":3.0,
            "가까운역이름":"수원시청",
            "가까운역거리":453.64,
            "역세권여부":"역세권",
            "30분이내주요거점역":2,
            "30분거점역이름":"['수원시청', '수원']",
            "1시간이내주요거점역":9,
            "1시간거점역이름":"['정자', '수원시청', '평촌', '가산디지털단지', '수원', '안산', '서현', 'GTX용인(2023년)', 'GTX동탄(2023년)']",
            "3km이내백화점수":2,
            "5km이내아울렛몰수":2,
            "1km이내대형먀트수":3,
            "500m이내은행수":4,
            "500m이내병원수":36,
            "5km이내대형병원수":4,
            "500m이내공원수":4,
            "3km이내혐오시설수":0,
            "초등학교학업성취도":90.0,
            "중학교학업성취도":72.0,
            "용적률":353,
            "건폐율":77,
            "Y":37.260458,
            "X":127.026073,
            "rank":5.0,
            "area_info":"6평(22.4), 6평(22.38)",
            "last_sales":"1800-01-01,nan,6평(22.4)",
            "rank_history":[
                [
                    "202203",
                    5
                ],
                [
                    "202202",
                    9999
                ]
            ],
            "rank_gap":9999
        },
        {
            "index":310,
            "아파트명":"프리모시티(도시형)",
            "투자타입":"일반",
            "전용면적(m2)":"29.81",
            "전용면적(평)":"9평",
            "법정동주소":"경기도 수원시 권선구 권선동 1011-18",
            "도로명주소":"경기도 수원시 권선구 권선로669번길 24-9",
            "세대수":0,
            "입주년차":100,
            "용적률점수":"--",
            "건폐율점수":"--",
            "세대당주차수":0,
            "난방방식":30,
            "공급면적":"--",
            "전용률":"--",
            "욕실수":50,
            "현관타입":100,
            "주거총점":38.0,
            "지역구공급총점":100.0,
            "역세권":80,
            "30분내 이동가능 거점":40,
            "1시간내 이동가능 거점":90,
            "교통총점":70.0,
            "백화점":100,
            "아울렛몰":100,
            "대형마트":100,
            "은행":70,
            "병원":60,
            "종합병원":100,
            "공원":100,
            "혐오시설":0,
            "인프라총점":91.0,
            "초등학군":90.0,
            "중학군":43.48,
            "학군총점":52.784,
            "인구수":41.61,
            "인구증감":-9.65,
            "인구총점":26.232,
            "일자리":19.56,
            "소득수준":100.0,
            "일자리총점":43.692,
            "가치 총점":67.3176,
            "매매실거래년":"18000101",
            "매매실거래가":null,
            "전세실거래년":20201022.0,
            "전세실거래가":17000.0,
            "전세가율":null,
            "장기전세가율평균":73.1,
            "전세가율거품지수":null,
            "검색코드":144772,
            "세대수":56.0,
            "준공년월":"2020-10-22",
            "준공년차":3.0,
            "가까운역이름":"수원시청",
            "가까운역거리":486.33,
            "역세권여부":"역세권",
            "30분이내주요거점역":2,
            "30분거점역이름":"['수원시청', '수원']",
            "1시간이내주요거점역":9,
            "1시간거점역이름":"['정자', '수원시청', '평촌', '가산디지털단지', '수원', '안산', '서현', 'GTX용인(2023년)', 'GTX동탄(2023년)']",
            "3km이내백화점수":2,
            "5km이내아울렛몰수":2,
            "1km이내대형먀트수":3,
            "500m이내은행수":4,
            "500m이내병원수":26,
            "5km이내대형병원수":4,
            "500m이내공원수":4,
            "3km이내혐오시설수":0,
            "초등학교학업성취도":90.0,
            "중학교학업성취도":72.0,
            "용적률":372,
            "건폐율":68,
            "Y":37.26098,
            "X":127.025491,
            "rank":6.0,
            "area_info":"9평(29.81), 9평(30.17), 10평(35.16), 11평(36.81), 12평(40.02), 12평(40.24)",
            "last_sales":"1800-01-01,nan,9평(29.81)",
            "rank_history":[
                [
                    "202203",
                    6
                ],
                [
                    "202202",
                    9999
                ]
            ],
            "rank_gap":9999
        },
        {
            "index":468,
            "아파트명":"수원역센트럴어반시티",
            "투자타입":"일반",
            "전용면적(m2)":"77.67",
            "전용면적(평)":"23평",
            "법정동주소":"경기도 수원시 권선구 세류동 1280",
            "도로명주소":"경기도 수원시 권선구 세권로 1",
            "세대수":90,
            "입주년차":80,
            "용적률점수":"--",
            "건폐율점수":"--",
            "세대당주차수":30,
            "난방방식":100,
            "공급면적":"--",
            "전용률":"--",
            "욕실수":100,
            "현관타입":100,
            "주거총점":82.0,
            "지역구공급총점":100.0,
            "역세권":50,
            "30분내 이동가능 거점":40,
            "1시간내 이동가능 거점":100,
            "교통총점":57.0,
            "백화점":100,
            "아울렛몰":80,
            "대형마트":100,
            "은행":0,
            "병원":30,
            "종합병원":100,
            "공원":100,
            "혐오시설":0,
            "인프라총점":79.0,
            "초등학군":90.0,
            "중학군":30.74,
            "학군총점":42.592,
            "인구수":41.61,
            "인구증감":-9.65,
            "인구총점":26.232,
            "일자리":19.56,
            "소득수준":100.0,
            "일자리총점":43.692,
            "가치 총점":66.4388,
            "매매실거래년":20210807.0,
            "매매실거래가":89000.0,
            "전세실거래년":20220108.0,
            "전세실거래가":38000.0,
            "전세가율":64.41,
            "장기전세가율평균":73.1,
            "전세가율거품지수":8.69,
            "검색코드":107276,
            "세대수":1019.0,
            "준공년월":"2015-07-29",
            "준공년차":8.0,
            "가까운역이름":"수원",
            "가까운역거리":757.5,
            "역세권여부":"준역세권",
            "30분이내주요거점역":2,
            "30분거점역이름":"['수원시청', '수원']",
            "1시간이내주요거점역":11,
            "1시간거점역이름":"['여의도', '정자', '수원시청', '평촌', '가산디지털단지', '수원', '구로디지털단지', '명동', '안산', '서현', 'GTX용인(2023년)']",
            "3km이내백화점수":2,
            "5km이내아울렛몰수":1,
            "1km이내대형먀트수":3,
            "500m이내은행수":0,
            "500m이내병원수":8,
            "5km이내대형병원수":5,
            "500m이내공원수":3,
            "3km이내혐오시설수":0,
            "초등학교학업성취도":90.0,
            "중학교학업성취도":50.7,
            "용적률":196,
            "건폐율":21,
            "Y":37.261027,
            "X":127.006299,
            "rank":7.0,
            "area_info":"23평(77.67), 33평(110.23), 33평(110.23), 33평(110.23), 33평(110.23), 46평(154.33), 46평(154.33)",
            "last_sales":"2021-08-07,89000.0,46평(154.33)",
            "rank_history":[
                [
                    "202203",
                    7
                ],
                [
                    "202202",
                    7
                ],
                [
                    "202201",
                    6
                ]
            ],
            "rank_gap":0
        },
        {
            "index":19,
            "아파트명":"우림필유",
            "투자타입":"일반",
            "전용면적(m2)":"83.24",
            "전용면적(평)":"25평",
            "법정동주소":"경기도 수원시 권선구 고색동 915",
            "도로명주소":"경기도 수원시 권선구 고색로 8",
            "세대수":50,
            "입주년차":40,
            "용적률점수":"--",
            "건폐율점수":"--",
            "세대당주차수":30,
            "난방방식":30,
            "공급면적":"--",
            "전용률":"--",
            "욕실수":100,
            "현관타입":100,
            "주거총점":53.0,
            "지역구공급총점":100.0,
            "역세권":80,
            "30분내 이동가능 거점":40,
            "1시간내 이동가능 거점":100,
            "교통총점":72.0,
            "백화점":100,
            "아울렛몰":80,
            "대형마트":80,
            "은행":0,
            "병원":30,
            "종합병원":100,
            "공원":100,
            "혐오시설":0,
            "인프라총점":76.0,
            "초등학군":89.99,
            "중학군":42.4,
            "학군총점":51.918,
            "인구수":41.61,
            "인구증감":-9.65,
            "인구총점":26.232,
            "일자리":19.56,
            "소득수준":100.0,
            "일자리총점":43.692,
            "가치 총점":66.3877,
            "매매실거래년":20220212.0,
            "매매실거래가":55000.0,
            "전세실거래년":20220222.0,
            "전세실거래가":27000.0,
            "전세가율":57.45,
            "장기전세가율평균":73.1,
            "전세가율거품지수":15.65,
            "검색코드":18995,
            "세대수":488.0,
            "준공년월":"2005-09-30",
            "준공년차":18.0,
            "가까운역이름":"고색",
            "가까운역거리":314.02,
            "역세권여부":"역세권",
            "30분이내주요거점역":2,
            "30분거점역이름":"['수원시청', '수원']",
            "1시간이내주요거점역":12,
            "1시간거점역이름":"['판교', '여의도', '정자', '수원시청', '평촌', '가산디지털단지', '수원', '구로디지털단지', '안산', '서현', 'GTX용인(2023년)', 'GTX동탄(2023년)']",
            "3km이내백화점수":2,
            "5km이내아울렛몰수":1,
            "1km이내대형먀트수":1,
            "500m이내은행수":0,
            "500m이내병원수":7,
            "5km이내대형병원수":2,
            "500m이내공원수":2,
            "3km이내혐오시설수":0,
            "초등학교학업성취도":89.99,
            "중학교학업성취도":70.2,
            "용적률":247,
            "건폐율":21,
            "Y":37.247561,
            "X":126.978365,
            "rank":8.0,
            "area_info":"25평(83.24), 33평(110.92), 33평(110.92)",
            "last_sales":"2022-02-12,55000.0,33평(110.92)",
            "rank_history":[
                [
                    "202203",
                    8
                ],
                [
                    "202202",
                    40
                ],
                [
                    "202201",
                    37
                ]
            ],
            "rank_gap":32
        },
        {
            "index":475,
            "아파트명":"수원역해모로",
            "투자타입":"일반",
            "전용면적(m2)":"77.72",
            "전용면적(평)":"23평",
            "법정동주소":"경기도 수원시 권선구 세류동 1260",
            "도로명주소":"경기도 수원시 권선구 세류로 60",
            "세대수":80,
            "입주년차":80,
            "용적률점수":"--",
            "건폐율점수":"--",
            "세대당주차수":30,
            "난방방식":100,
            "공급면적":"--",
            "전용률":"--",
            "욕실수":100,
            "현관타입":100,
            "주거총점":78.5,
            "지역구공급총점":100.0,
            "역세권":50,
            "30분내 이동가능 거점":40,
            "1시간내 이동가능 거점":100,
            "교통총점":57.0,
            "백화점":100,
            "아울렛몰":100,
            "대형마트":80,
            "은행":0,
            "병원":60,
            "종합병원":100,
            "공원":80,
            "혐오시설":0,
            "인프라총점":80.4,
            "초등학군":89.97,
            "중학군":30.74,
            "학군총점":42.586,
            "인구수":41.61,
            "인구증감":-9.65,
            "인구총점":26.232,
            "일자리":19.56,
            "소득수준":100.0,
            "일자리총점":43.692,
            "가치 총점":66.1579,
            "매매실거래년":20220205.0,
            "매매실거래가":73800.0,
            "전세실거래년":20220122.0,
            "전세실거래가":38000.0,
            "전세가율":55.47,
            "장기전세가율평균":73.1,
            "전세가율거품지수":17.63,
            "검색코드":107250,
            "세대수":863.0,
            "준공년월":"2015-07-29",
            "준공년차":8.0,
            "가까운역이름":"매교",
            "가까운역거리":580.96,
            "역세권여부":"준역세권",
            "30분이내주요거점역":2,
            "30분거점역이름":"['수원시청', '수원']",
            "1시간이내주요거점역":13,
            "1시간거점역이름":"['판교', '여의도', '정자', '수원시청', '평촌', '가산디지털단지', '수원', '구로디지털단지', '명동', '안산', '서현', 'GTX용인(2023년)', 'GTX동탄(2023년)']",
            "3km이내백화점수":2,
            "5km이내아울렛몰수":2,
            "1km이내대형먀트수":1,
            "500m이내은행수":0,
            "500m이내병원수":12,
            "5km이내대형병원수":5,
            "500m이내공원수":1,
            "3km이내혐오시설수":0,
            "초등학교학업성취도":89.97,
            "중학교학업성취도":50.7,
            "용적률":200,
            "건폐율":21,
            "Y":37.264747,
            "X":127.009407,
            "rank":9.0,
            "area_info":"23평(77.72), 23평(77.83), 23평(77.84), 23평(77.85), 33평(109.77), 33평(110.31), 33평(110.31), 33평(110.03), 33평(110.01), 33평(110.2), 33평(110.25), 33평(110.2), 46평(154.44), 46평(154.44)",
            "last_sales":"2022-02-05,73800.0,33평(110.25)",
            "rank_history":[
                [
                    "202203",
                    9
                ],
                [
                    "202202",
                    5
                ],
                [
                    "202201",
                    12
                ]
            ],
            "rank_gap":-4
        },
        {
            "index":251,
            "아파트명":"수원아이파크시티7단지",
            "투자타입":"일반",
            "전용면적(m2)":"82.87",
            "전용면적(평)":"25평",
            "법정동주소":"경기도 수원시 권선구 권선동 1337",
            "도로명주소":"경기도 수원시 권선구 덕영대로1190번길 100",
            "세대수":100,
            "입주년차":80,
            "용적률점수":"--",
            "건폐율점수":"--",
            "세대당주차수":30,
            "난방방식":100,
            "공급면적":"--",
            "전용률":"--",
            "욕실수":100,
            "현관타입":100,
            "주거총점":85.5,
            "지역구공급총점":100.0,
            "역세권":50,
            "30분내 이동가능 거점":40,
            "1시간내 이동가능 거점":80,
            "교통총점":53.0,
            "백화점":100,
            "아울렛몰":80,
            "대형마트":80,
            "은행":20,
            "병원":60,
            "종합병원":100,
            "공원":100,
            "혐오시설":0,
            "인프라총점":81.0,
            "초등학군":89.99,
            "중학군":28.56,
            "학군총점":40.846,
            "인구수":41.61,
            "인구증감":-9.65,
            "인구총점":26.232,
            "일자리":19.56,
            "소득수준":100.0,
            "일자리총점":43.692,
            "가치 총점":66.0769,
            "매매실거래년":20220207.0,
            "매매실거래가":57000.0,
            "전세실거래년":20220215.0,
            "전세실거래가":30000.0,
            "전세가율":50.0,
            "장기전세가율평균":73.1,
            "전세가율거품지수":23.1,
            "검색코드":109075,
            "세대수":1596.0,
            "준공년월":"2016-08-22",
            "준공년차":7.0,
            "가까운역이름":"세류",
            "가까운역거리":628.25,
            "역세권여부":"준역세권",
            "30분이내주요거점역":2,
            "30분거점역이름":"['수원시청', '수원']",
            "1시간이내주요거점역":8,
            "1시간거점역이름":"['정자', '수원시청', '평촌', '가산디지털단지', '수원', '안산', '서현', 'GTX용인(2023년)']",
            "3km이내백화점수":2,
            "5km이내아울렛몰수":1,
            "1km이내대형먀트수":1,
            "500m이내은행수":2,
            "500m이내병원수":25,
            "5km이내대형병원수":4,
            "500m이내공원수":3,
            "3km이내혐오시설수":0,
            "초등학교학업성취도":89.99,
            "중학교학업성취도":47.6,
            "용적률":194,
            "건폐율":22,
            "Y":37.246642,
            "X":127.019986,
            "rank":10.0,
            "area_info":"25평(82.87), 25평(82.95), 25평(82.85), 25평(82.82), 30평(102.09), 31평(103.13), 33평(109.84)",
            "last_sales":"2022-02-07,57000.0,25평(82.95)",
            "rank_history":[
                [
                    "202203",
                    10
                ],
                [
                    "202202",
                    8
                ],
                [
                    "202201",
                    7
                ]
            ],
            "rank_gap":-2
        },
        {
            "index":10,
            "아파트명":"대한",
            "투자타입":"일반",
            "전용면적(m2)":"77.57",
            "전용면적(평)":"23평",
            "법정동주소":"경기도 수원시 권선구 고색동 368-1",
            "도로명주소":"경기도 수원시 권선구 서부로 1534",
            "세대수":80,
            "입주년차":0,
            "용적률점수":"--",
            "건폐율점수":"--",
            "세대당주차수":30,
            "난방방식":30,
            "공급면적":"--",
            "전용률":"--",
            "욕실수":50,
            "현관타입":100,
            "주거총점":50.5,
            "지역구공급총점":100.0,
            "역세권":80,
            "30분내 이동가능 거점":40,
            "1시간내 이동가능 거점":100,
            "교통총점":72.0,
            "백화점":100,
            "아울렛몰":80,
            "대형마트":80,
            "은행":0,
            "병원":30,
            "종합병원":100,
            "공원":100,
            "혐오시설":0,
            "인프라총점":76.0,
            "초등학군":89.99,
            "중학군":42.4,
            "학군총점":51.918,
            "인구수":41.61,
            "인구증감":-9.65,
            "인구총점":26.232,
            "일자리":19.56,
            "소득수준":100.0,
            "일자리총점":43.692,
            "가치 총점":65.8877,
            "매매실거래년":20211012.0,
            "매매실거래가":45000.0,
            "전세실거래년":20220205.0,
            "전세실거래가":15500.0,
            "전세가율":43.66,
            "장기전세가율평균":73.1,
            "전세가율거품지수":29.44,
            "검색코드":2667,
            "세대수":713.0,
            "준공년월":"1998-01-31",
            "준공년차":25.0,
            "가까운역이름":"고색",
            "가까운역거리":412.33,
            "역세권여부":"역세권",
            "30분이내주요거점역":2,
            "30분거점역이름":"['수원시청', '수원']",
            "1시간이내주요거점역":12,
            "1시간거점역이름":"['판교', '여의도', '정자', '수원시청', '평촌', '가산디지털단지', '수원', '구로디지털단지', '안산', '서현', 'GTX용인(2023년)', 'GTX동탄(2023년)']",
            "3km이내백화점수":2,
            "5km이내아울렛몰수":1,
            "1km이내대형먀트수":1,
            "500m이내은행수":1,
            "500m이내병원수":6,
            "5km이내대형병원수":2,
            "500m이내공원수":2,
            "3km이내혐오시설수":0,
            "초등학교학업성취도":89.99,
            "중학교학업성취도":70.2,
            "용적률":328,
            "건폐율":29,
            "Y":37.246208,
            "X":126.979285,
            "rank":11.0,
            "area_info":"23평(77.57), 33평(109.91), 47평(156.04)",
            "last_sales":"2021-10-12,45000.0,47평(156.04)",
            "rank_history":[
                [
                    "202203",
                    11
                ],
                [
                    "202202",
                    42
                ],
                [
                    "202201",
                    39
                ]
            ],
            "rank_gap":31
        },
        {
            "index":149,
            "아파트명":"네이처인(도시형)",
            "투자타입":"일반",
            "전용면적(m2)":"52.21",
            "전용면적(평)":"15평",
            "법정동주소":"경기도 수원시 권선구 권선동 1018-8",
            "도로명주소":"경기도 수원시 권선구 경수대로384번길 33",
            "세대수":0,
            "입주년차":80,
            "용적률점수":"--",
            "건폐율점수":"--",
            "세대당주차수":0,
            "난방방식":30,
            "공급면적":"--",
            "전용률":"--",
            "욕실수":50,
            "현관타입":10,
            "주거총점":25.0,
            "지역구공급총점":100.0,
            "역세권":80,
            "30분내 이동가능 거점":40,
            "1시간내 이동가능 거점":90,
            "교통총점":70.0,
            "백화점":100,
            "아울렛몰":100,
            "대형마트":100,
            "은행":70,
            "병원":80,
            "종합병원":100,
            "공원":100,
            "혐오시설":0,
            "인프라총점":93.0,
            "초등학군":89.99,
            "중학군":43.48,
            "학군총점":52.782,
            "인구수":41.61,
            "인구증감":-9.65,
            "인구총점":26.232,
            "일자리":19.56,
            "소득수준":100.0,
            "일자리총점":43.692,
            "가치 총점":65.3173,
            "매매실거래년":20190605.0,
            "매매실거래가":14800.0,
            "전세실거래년":20211218.0,
            "전세실거래가":14000.0,
            "전세가율":94.59,
            "장기전세가율평균":73.1,
            "전세가율거품지수":-21.49,
            "검색코드":123300,
            "세대수":57.0,
            "준공년월":"2018-09-20",
            "준공년차":5.0,
            "가까운역이름":"수원시청",
            "가까운역거리":468.16,
            "역세권여부":"역세권",
            "30분이내주요거점역":2,
            "30분거점역이름":"['수원시청', '수원']",
            "1시간이내주요거점역":9,
            "1시간거점역이름":"['정자', '수원시청', '평촌', '가산디지털단지', '수원', '안산', '서현', 'GTX용인(2023년)', 'GTX동탄(2023년)']",
            "3km이내백화점수":2,
            "5km이내아울렛몰수":2,
            "1km이내대형먀트수":3,
            "500m이내은행수":4,
            "500m이내병원수":36,
            "5km이내대형병원수":4,
            "500m이내공원수":4,
            "3km이내혐오시설수":0,
            "초등학교학업성취도":89.99,
            "중학교학업성취도":72.0,
            "용적률":362,
            "건폐율":56,
            "Y":37.260251,
            "X":127.026002,
            "rank":12.0,
            "area_info":"15평(52.21), 15평(52.21)",
            "last_sales":"2019-06-05,14800.0,15평(52.21)",
            "rank_history":[
                [
                    "202203",
                    12
                ],
                [
                    "202202",
                    9999
                ]
            ],
            "rank_gap":9999
        },
        {
            "index":289,
            "아파트명":"씨즈더원(도시형)",
            "투자타입":"일반",
            "전용면적(m2)":"23.07",
            "전용면적(평)":"6평",
            "법정동주소":"경기도 수원시 권선구 권선동 1011-9",
            "도로명주소":"경기도 수원시 권선구 효원로220번길 17",
            "세대수":0,
            "입주년차":80,
            "용적률점수":"--",
            "건폐율점수":"--",
            "세대당주차수":0,
            "난방방식":30,
            "공급면적":"--",
            "전용률":"--",
            "욕실수":50,
            "현관타입":10,
            "주거총점":25.0,
            "지역구공급총점":100.0,
            "역세권":80,
            "30분내 이동가능 거점":40,
            "1시간내 이동가능 거점":90,
            "교통총점":70.0,
            "백화점":100,
            "아울렛몰":100,
            "대형마트":100,
            "은행":70,
            "병원":80,
            "종합병원":100,
            "공원":100,
            "혐오시설":0,
            "인프라총점":93.0,
            "초등학군":90.0,
            "중학군":42.18,
            "학군총점":51.744,
            "인구수":41.61,
            "인구증감":-9.65,
            "인구총점":26.232,
            "일자리":19.56,
            "소득수준":100.0,
            "일자리총점":43.692,
            "가치 총점":65.1616,
            "매매실거래년":20220219.0,
            "매매실거래가":6950.0,
            "전세실거래년":20210731.0,
            "전세실거래가":8000.0,
            "전세가율":115.11,
            "장기전세가율평균":73.1,
            "전세가율거품지수":-42.01,
            "검색코드":106019,
            "세대수":228.0,
            "준공년월":"2015-03-13",
            "준공년차":8.0,
            "가까운역이름":"수원시청",
            "가까운역거리":447.71,
            "역세권여부":"역세권",
            "30분이내주요거점역":2,
            "30분거점역이름":"['수원시청', '수원']",
            "1시간이내주요거점역":9,
            "1시간거점역이름":"['정자', '수원시청', '평촌', '가산디지털단지', '수원', '안산', '서현', 'GTX용인(2023년)', 'GTX동탄(2023년)']",
            "3km이내백화점수":2,
            "5km이내아울렛몰수":2,
            "1km이내대형먀트수":3,
            "500m이내은행수":4,
            "500m이내병원수":38,
            "5km이내대형병원수":4,
            "500m이내공원수":4,
            "3km이내혐오시설수":0,
            "초등학교학업성취도":90.0,
            "중학교학업성취도":70.3,
            "용적률":396,
            "건폐율":52,
            "Y":37.262198,
            "X":127.02581,
            "rank":13.0,
            "area_info":"6평(23.07), 7평(25.66)",
            "last_sales":"2022-02-19,6950.0,6평(23.07)",
            "rank_history":[
                [
                    "202203",
                    13
                ],
                [
                    "202202",
                    6
                ],
                [
                    "202201",
                    5
                ]
            ],
            "rank_gap":-7
        },
        {
            "index":582,
            "아파트명":"평동동남",
            "투자타입":"일반",
            "전용면적(m2)":"81.93",
            "전용면적(평)":"24평",
            "법정동주소":"경기도 수원시 권선구 평동 151",
            "도로명주소":"경기도 수원시 권선구 권선로436번길 21",
            "세대수":50,
            "입주년차":20,
            "용적률점수":"--",
            "건폐율점수":"--",
            "세대당주차수":30,
            "난방방식":30,
            "공급면적":"--",
            "전용률":"--",
            "욕실수":50,
            "현관타입":100,
            "주거총점":44.0,
            "지역구공급총점":100.0,
            "역세권":80,
            "30분내 이동가능 거점":40,
            "1시간내 이동가능 거점":100,
            "교통총점":72.0,
            "백화점":100,
            "아울렛몰":80,
            "대형마트":100,
            "은행":0,
            "병원":60,
            "종합병원":100,
            "공원":100,
            "혐오시설":0,
            "인프라총점":82.0,
            "초등학군":89.96,
            "중학군":30.74,
            "학군총점":42.584,
            "인구수":41.61,
            "인구증감":-9.65,
            "인구총점":26.232,
            "일자리":19.56,
            "소득수준":100.0,
            "일자리총점":43.692,
            "가치 총점":64.9876,
            "매매실거래년":20211203.0,
            "매매실거래가":58000.0,
            "전세실거래년":20220219.0,
            "전세실거래가":19950.0,
            "전세가율":34.4,
            "장기전세가율평균":73.1,
            "전세가율거품지수":38.7,
            "검색코드":2720,
            "세대수":489.0,
            "준공년월":"1999-11-27",
            "준공년차":24.0,
            "가까운역이름":"수원",
            "가까운역거리":369.09,
            "역세권여부":"역세권",
            "30분이내주요거점역":2,
            "30분거점역이름":"['수원시청', '수원']",
            "1시간이내주요거점역":14,
            "1시간거점역이름":"['판교', '여의도', '을지로3가', '정자', '수원시청', '가산디지털단지', '홍대입구', '수원', '구로디지털단지', '명동', '안산', '서현', 'GTX용인(2023년)', 'GTX동탄(2023년)']",
            "3km이내백화점수":2,
            "5km이내아울렛몰수":1,
            "1km이내대형먀트수":3,
            "500m이내은행수":1,
            "500m이내병원수":13,
            "5km이내대형병원수":5,
            "500m이내공원수":4,
            "3km이내혐오시설수":0,
            "초등학교학업성취도":89.96,
            "중학교학업성취도":50.7,
            "용적률":238,
            "건폐율":25,
            "Y":37.26241,
            "X":127.00075,
            "rank":14.0,
            "area_info":"24평(81.93), 33평(109.6), 46평(153.96)",
            "last_sales":"2021-12-03,58000.0,24평(81.93)",
            "rank_history":[
                [
                    "202203",
                    14
                ],
                [
                    "202202",
                    3
                ],
                [
                    "202201",
                    3
                ]
            ],
            "rank_gap":-11
        },
        {
            "index":454,
            "아파트명":"삼익",
            "투자타입":"일반",
            "전용면적(m2)":"75.05",
            "전용면적(평)":"22평",
            "법정동주소":"경기도 수원시 권선구 세류동 840",
            "도로명주소":"경기도 수원시 권선구 세지로 99",
            "세대수":30,
            "입주년차":20,
            "용적률점수":"--",
            "건폐율점수":"--",
            "세대당주차수":30,
            "난방방식":30,
            "공급면적":"--",
            "전용률":"--",
            "욕실수":50,
            "현관타입":100,
            "주거총점":37.0,
            "지역구공급총점":100.0,
            "역세권":80,
            "30분내 이동가능 거점":40,
            "1시간내 이동가능 거점":100,
            "교통총점":72.0,
            "백화점":100,
            "아울렛몰":100,
            "대형마트":80,
            "은행":0,
            "병원":60,
            "종합병원":100,
            "공원":100,
            "혐오시설":0,
            "인프라총점":81.0,
            "초등학군":90.0,
            "중학군":42.18,
            "학군총점":51.744,
            "인구수":41.61,
            "인구증감":-9.65,
            "인구총점":26.232,
            "일자리":19.56,
            "소득수준":100.0,
            "일자리총점":43.692,
            "가치 총점":64.6616,
            "매매실거래년":20211208.0,
            "매매실거래가":39000.0,
            "전세실거래년":20211012.0,
            "전세실거래가":25000.0,
            "전세가율":64.1,
            "장기전세가율평균":73.1,
            "전세가율거품지수":9.0,
            "검색코드":2586,
            "세대수":344.0,
            "준공년월":"1999-07-15",
            "준공년차":24.0,
            "가까운역이름":"매교",
            "가까운역거리":495.77,
            "역세권여부":"역세권",
            "30분이내주요거점역":2,
            "30분거점역이름":"['수원시청', '수원']",
            "1시간이내주요거점역":10,
            "1시간거점역이름":"['판교', '정자', '수원시청', '평촌', '가산디지털단지', '수원', '안산', '서현', 'GTX용인(2023년)', 'GTX동탄(2023년)']",
            "3km이내백화점수":2,
            "5km이내아울렛몰수":2,
            "1km이내대형먀트수":1,
            "500m이내은행수":0,
            "500m이내병원수":16,
            "5km이내대형병원수":5,
            "500m이내공원수":3,
            "3km이내혐오시설수":0,
            "초등학교학업성취도":90.0,
            "중학교학업성취도":70.3,
            "용적률":237,
            "건폐율":35,
            "Y":37.26124,
            "X":127.01749,
            "rank":15.0,
            "area_info":"22평(75.05), 32평(106.91), 43평(143.36)",
            "last_sales":"2021-12-08,39000.0,22평(75.05)",
            "rank_history":[
                [
                    "202203",
                    15
                ],
                [
                    "202202",
                    9
                ],
                [
                    "202201",
                    13
                ]
            ],
            "rank_gap":-6
        },
        {
            "index":5,
            "아파트명":"고색태산2차",
            "투자타입":"일반",
            "전용면적(m2)":"78.68",
            "전용면적(평)":"23평",
            "법정동주소":"경기도 수원시 권선구 고색동 887-56",
            "도로명주소":"경기도 수원시 권선구 매송고색로691번길 9",
            "세대수":50,
            "입주년차":0,
            "용적률점수":"--",
            "건폐율점수":"--",
            "세대당주차수":30,
            "난방방식":30,
            "공급면적":"--",
            "전용률":"--",
            "욕실수":50,
            "현관타입":100,
            "주거총점":40.0,
            "지역구공급총점":100.0,
            "역세권":80,
            "30분내 이동가능 거점":40,
            "1시간내 이동가능 거점":100,
            "교통총점":72.0,
            "백화점":100,
            "아울렛몰":80,
            "대형마트":80,
            "은행":0,
            "병원":60,
            "종합병원":100,
            "공원":0,
            "혐오시설":0,
            "인프라총점":76.0,
            "초등학군":89.99,
            "중학군":42.4,
            "학군총점":51.918,
            "인구수":41.61,
            "인구증감":-9.65,
            "인구총점":26.232,
            "일자리":19.56,
            "소득수준":100.0,
            "일자리총점":43.692,
            "가치 총점":63.7877,
            "매매실거래년":20220212.0,
            "매매실거래가":40500.0,
            "전세실거래년":20220216.0,
            "전세실거래가":20000.0,
            "전세가율":49.38,
            "장기전세가율평균":73.1,
            "전세가율거품지수":23.72,
            "검색코드":2670,
            "세대수":450.0,
            "준공년월":"1998-01-20",
            "준공년차":25.0,
            "가까운역이름":"고색",
            "가까운역거리":267.36,
            "역세권여부":"역세권",
            "30분이내주요거점역":2,
            "30분거점역이름":"['수원시청', '수원']",
            "1시간이내주요거점역":11,
            "1시간거점역이름":"['판교', '여의도', '정자', '수원시청', '평촌', '수원', '구로디지털단지', '안산', '서현', 'GTX용인(2023년)', 'GTX동탄(2023년)']",
            "3km이내백화점수":2,
            "5km이내아울렛몰수":1,
            "1km이내대형먀트수":1,
            "500m이내은행수":1,
            "500m이내병원수":13,
            "5km이내대형병원수":2,
            "500m이내공원수":0,
            "3km이내혐오시설수":0,
            "초등학교학업성취도":89.99,
            "중학교학업성취도":70.2,
            "용적률":227,
            "건폐율":21,
            "Y":37.252106,
            "X":126.979848,
            "rank":16.0,
            "area_info":"23평(78.68), 27평(90.41), 31평(105.46)",
            "last_sales":"2022-02-12,40500.0,23평(78.68)",
            "rank_history":[
                [
                    "202203",
                    16
                ],
                [
                    "202202",
                    42
                ],
                [
                    "202201",
                    39
                ]
            ],
            "rank_gap":26
        },
        {
            "index":3,
            "아파트명":"고색태산1차",
            "투자타입":"일반",
            "전용면적(m2)":"78.78",
            "전용면적(평)":"23평",
            "법정동주소":"경기도 수원시 권선구 고색동 886-83",
            "도로명주소":"경기도 수원시 권선구 매송고색로673번길 11",
            "세대수":50,
            "입주년차":0,
            "용적률점수":"--",
            "건폐율점수":"--",
            "세대당주차수":30,
            "난방방식":30,
            "공급면적":"--",
            "전용률":"--",
            "욕실수":50,
            "현관타입":100,
            "주거총점":40.0,
            "지역구공급총점":100.0,
            "역세권":80,
            "30분내 이동가능 거점":40,
            "1시간내 이동가능 거점":100,
            "교통총점":72.0,
            "백화점":100,
            "아울렛몰":80,
            "대형마트":80,
            "은행":0,
            "병원":30,
            "종합병원":100,
            "공원":80,
            "혐오시설":0,
            "인프라총점":75.4,
            "초등학군":89.99,
            "중학군":42.4,
            "학군총점":51.918,
            "인구수":41.61,
            "인구증감":-9.65,
            "인구총점":26.232,
            "일자리":19.56,
            "소득수준":100.0,
            "일자리총점":43.692,
            "가치 총점":63.6077,
            "매매실거래년":20211222.0,
            "매매실거래가":54000.0,
            "전세실거래년":20220219.0,
            "전세실거래가":25000.0,
            "전세가율":59.52,
            "장기전세가율평균":73.1,
            "전세가율거품지수":13.58,
            "검색코드":2669,
            "세대수":623.0,
            "준공년월":"1997-12-17",
            "준공년차":26.0,
            "가까운역이름":"고색",
            "가까운역거리":371.9,
            "역세권여부":"역세권",
            "30분이내주요거점역":2,
            "30분거점역이름":"['수원시청', '수원']",
            "1시간이내주요거점역":12,
            "1시간거점역이름":"['판교', '여의도', '정자', '수원시청', '평촌', '가산디지털단지', '수원', '구로디지털단지', '안산', '서현', 'GTX용인(2023년)', 'GTX동탄(2023년)']",
            "3km이내백화점수":2,
            "5km이내아울렛몰수":1,
            "1km이내대형먀트수":1,
            "500m이내은행수":1,
            "500m이내병원수":7,
            "5km이내대형병원수":2,
            "500m이내공원수":1,
            "3km이내혐오시설수":0,
            "초등학교학업성취도":89.99,
            "중학교학업성취도":70.2,
            "용적률":265,
            "건폐율":25,
            "Y":37.250826,
            "X":126.976585,
            "rank":17.0,
            "area_info":"23평(78.78), 32평(105.94)",
            "last_sales":"2021-12-22,54000.0,32평(105.94)",
            "rank_history":[
                [
                    "202203",
                    17
                ],
                [
                    "202202",
                    51
                ],
                [
                    "202201",
                    45
                ]
            ],
            "rank_gap":34
        },
        {
            "index":8,
            "아파트명":"대원",
            "투자타입":"일반",
            "전용면적(m2)":"80.75",
            "전용면적(평)":"24평",
            "법정동주소":"경기도 수원시 권선구 고색동 291",
            "도로명주소":"경기도 수원시 권선구 고산로6번길 45",
            "세대수":50,
            "입주년차":0,
            "용적률점수":"--",
            "건폐율점수":"--",
            "세대당주차수":30,
            "난방방식":30,
            "공급면적":"--",
            "전용률":"--",
            "욕실수":50,
            "현관타입":100,
            "주거총점":40.0,
            "지역구공급총점":100.0,
            "역세권":80,
            "30분내 이동가능 거점":40,
            "1시간내 이동가능 거점":100,
            "교통총점":72.0,
            "백화점":100,
            "아울렛몰":80,
            "대형마트":80,
            "은행":0,
            "병원":30,
            "종합병원":100,
            "공원":80,
            "혐오시설":0,
            "인프라총점":75.4,
            "초등학군":89.97,
            "중학군":42.4,
            "학군총점":51.914,
            "인구수":41.61,
            "인구증감":-9.65,
            "인구총점":26.232,
            "일자리":19.56,
            "소득수준":100.0,
            "일자리총점":43.692,
            "가치 총점":63.6071,
            "매매실거래년":20220208.0,
            "매매실거래가":39000.0,
            "전세실거래년":20211017.0,
            "전세실거래가":18000.0,
            "전세가율":50.0,
            "장기전세가율평균":73.1,
            "전세가율거품지수":23.1,
            "검색코드":2668,
            "세대수":474.0,
            "준공년월":"1998-08-05",
            "준공년차":25.0,
            "가까운역이름":"고색",
            "가까운역거리":334.51,
            "역세권여부":"역세권",
            "30분이내주요거점역":2,
            "30분거점역이름":"['수원시청', '수원']",
            "1시간이내주요거점역":12,
            "1시간거점역이름":"['판교', '여의도', '정자', '수원시청', '평촌', '가산디지털단지', '수원', '구로디지털단지', '안산', '서현', 'GTX용인(2023년)', 'GTX동탄(2023년)']",
            "3km이내백화점수":2,
            "5km이내아울렛몰수":1,
            "1km이내대형먀트수":1,
            "500m이내은행수":0,
            "500m이내병원수":8,
            "5km이내대형병원수":3,
            "500m이내공원수":1,
            "3km이내혐오시설수":0,
            "초등학교학업성취도":89.97,
            "중학교학업성취도":70.2,
            "용적률":229,
            "건폐율":23,
            "Y":37.24885,
            "X":126.98417,
            "rank":18.0,
            "area_info":"24평(80.75), 32평(107.33)",
            "last_sales":"2022-02-08,39000.0,32평(107.33)",
            "rank_history":[
                [
                    "202203",
                    18
                ],
                [
                    "202202",
                    54
                ],
                [
                    "202201",
                    47
                ]
            ],
            "rank_gap":36
        },
        {
            "index":129,
            "아파트명":"권선상록3단지",
            "투자타입":"일반",
            "전용면적(m2)":"81.03",
            "전용면적(평)":"24평",
            "법정동주소":"경기도 수원시 권선구 권선동 1303",
            "도로명주소":"경기도 수원시 권선구 세권로316번길 15",
            "세대수":50,
            "입주년차":20,
            "용적률점수":"--",
            "건폐율점수":"--",
            "세대당주차수":30,
            "난방방식":100,
            "공급면적":"--",
            "전용률":"--",
            "욕실수":50,
            "현관타입":100,
            "주거총점":51.0,
            "지역구공급총점":100.0,
            "역세권":80,
            "30분내 이동가능 거점":60,
            "1시간내 이동가능 거점":100,
            "교통총점":78.0,
            "백화점":0,
            "아울렛몰":100,
            "대형마트":100,
            "은행":20,
            "병원":60,
            "종합병원":100,
            "공원":100,
            "혐오시설":0,
            "인프라총점":56.0,
            "초등학군":89.95,
            "중학군":51.6,
            "학군총점":59.27,
            "인구수":41.61,
            "인구증감":-9.65,
            "인구총점":26.232,
            "일자리":19.56,
            "소득수준":100.0,
            "일자리총점":43.692,
            "가치 총점":63.1905,
            "매매실거래년":20220224.0,
            "매매실거래가":48500.0,
            "전세실거래년":20220219.0,
            "전세실거래가":32500.0,
            "전세가율":67.01,
            "장기전세가율평균":73.1,
            "전세가율거품지수":6.09,
            "검색코드":3623,
            "세대수":468.0,
            "준공년월":"2001-09-17",
            "준공년차":22.0,
            "가까운역이름":"매탄권선",
            "가까운역거리":246.9,
            "역세권여부":"역세권",
            "30분이내주요거점역":3,
            "30분거점역이름":"['수원시청', '수원', 'GTX용인(2023년)']",
            "1시간이내주요거점역":11,
            "1시간거점역이름":"['판교', '정자', '수원시청', '평촌', '가산디지털단지', '수원', '안산', '서현', 'GTX성남(2023년)', 'GTX용인(2023년)', 'GTX동탄(2023년)']",
            "3km이내백화점수":0,
            "5km이내아울렛몰수":2,
            "1km이내대형먀트수":2,
            "500m이내은행수":2,
            "500m이내병원수":23,
            "5km이내대형병원수":3,
            "500m이내공원수":8,
            "3km이내혐오시설수":0,
            "초등학교학업성취도":89.95,
            "중학교학업성취도":83.4,
            "용적률":219,
            "건폐율":20,
            "Y":37.25099,
            "X":127.03877,
            "rank":19.0,
            "area_info":"24평(81.03)",
            "last_sales":"2022-02-24,48500.0,24평(81.03)",
            "rank_history":[
                [
                    "202203",
                    19
                ],
                [
                    "202202",
                    18
                ],
                [
                    "202201",
                    16
                ]
            ],
            "rank_gap":-1
        },
        {
            "index":508,
            "아파트명":"현대",
            "투자타입":"재건축",
            "전용면적(m2)":"91.63",
            "전용면적(평)":"27평",
            "법정동주소":"경기도 수원시 권선구 세류동 846-1",
            "도로명주소":"경기도 수원시 권선구 세지로 97",
            "세대수":0,
            "입주년차":"--",
            "용적률점수":80,
            "건폐율점수":80,
            "세대당주차수":"--",
            "난방방식":"--",
            "공급면적":70,
            "전용률":80,
            "욕실수":"--",
            "현관타입":"--",
            "주거총점":55.5,
            "지역구공급총점":100.0,
            "역세권":50,
            "30분내 이동가능 거점":40,
            "1시간내 이동가능 거점":100,
            "교통총점":57.0,
            "백화점":100,
            "아울렛몰":100,
            "대형마트":80,
            "은행":0,
            "병원":60,
            "종합병원":100,
            "공원":100,
            "혐오시설":0,
            "인프라총점":81.0,
            "초등학군":90.0,
            "중학군":42.18,
            "학군총점":51.744,
            "인구수":41.61,
            "인구증감":-9.65,
            "인구총점":26.232,
            "일자리":19.56,
            "소득수준":100.0,
            "일자리총점":43.692,
            "가치 총점":63.1116,
            "매매실거래년":20210930.0,
            "매매실거래가":45000.0,
            "전세실거래년":20211029.0,
            "전세실거래가":28000.0,
            "전세가율":70.89,
            "장기전세가율평균":73.1,
            "전세가율거품지수":2.21,
            "검색코드":2686,
            "세대수":276.0,
            "준공년월":"1990-04-30",
            "준공년차":33.0,
            "가까운역이름":"매교",
            "가까운역거리":544.47,
            "역세권여부":"준역세권",
            "30분이내주요거점역":2,
            "30분거점역이름":"['수원시청', '수원']",
            "1시간이내주요거점역":10,
            "1시간거점역이름":"['판교', '정자', '수원시청', '평촌', '가산디지털단지', '수원', '안산', '서현', 'GTX용인(2023년)', 'GTX동탄(2023년)']",
            "3km이내백화점수":2,
            "5km이내아울렛몰수":2,
            "1km이내대형먀트수":1,
            "500m이내은행수":0,
            "500m이내병원수":15,
            "5km이내대형병원수":5,
            "500m이내공원수":2,
            "3km이내혐오시설수":0,
            "초등학교학업성취도":90.0,
            "중학교학업성취도":70.3,
            "용적률":176,
            "건폐율":27,
            "Y":37.26074,
            "X":127.017261,
            "rank":20.0,
            "area_info":"27평(91.63), 31평(104.64)",
            "last_sales":"2021-09-30,45000.0,31평(104.64)",
            "rank_history":[
                [
                    "202203",
                    20
                ],
                [
                    "202202",
                    12
                ],
                [
                    "202201",
                    19
                ]
            ],
            "rank_gap":-8
        },
        {
            "index":450,
            "아파트명":"미영",
            "투자타입":"재건축",
            "전용면적(m2)":"54.57",
            "전용면적(평)":"16평",
            "법정동주소":"경기도 수원시 권선구 세류동 1147",
            "도로명주소":"경기도 수원시 권선구 정조로 432",
            "세대수":50,
            "입주년차":"--",
            "용적률점수":100,
            "건폐율점수":60,
            "세대당주차수":"--",
            "난방방식":"--",
            "공급면적":50,
            "전용률":60,
            "욕실수":"--",
            "현관타입":"--",
            "주거총점":72.5,
            "지역구공급총점":100.0,
            "역세권":80,
            "30분내 이동가능 거점":20,
            "1시간내 이동가능 거점":50,
            "교통총점":56.0,
            "백화점":100,
            "아울렛몰":80,
            "대형마트":80,
            "은행":0,
            "병원":30,
            "종합병원":100,
            "공원":100,
            "혐오시설":0,
            "인프라총점":76.0,
            "초등학군":89.99,
            "중학군":28.56,
            "학군총점":40.846,
            "인구수":41.61,
            "인구증감":-9.65,
            "인구총점":26.232,
            "일자리":19.56,
            "소득수준":100.0,
            "일자리총점":43.692,
            "가치 총점":63.0269,
            "매매실거래년":"18000101",
            "매매실거래가":null,
            "전세실거래년":null,
            "전세실거래가":null,
            "전세가율":null,
            "장기전세가율평균":73.1,
            "전세가율거품지수":null,
            "검색코드":14763,
            "세대수":600.0,
            "준공년월":"1988-06-20",
            "준공년차":35.0,
            "가까운역이름":"세류",
            "가까운역거리":459.42,
            "역세권여부":"역세권",
            "30분이내주요거점역":1,
            "30분거점역이름":"['수원']",
            "1시간이내주요거점역":5,
            "1시간거점역이름":"['수원시청', '평촌', '가산디지털단지', '수원', 'GTX용인(2023년)']",
            "3km이내백화점수":2,
            "5km이내아울렛몰수":1,
            "1km이내대형먀트수":1,
            "500m이내은행수":0,
            "500m이내병원수":7,
            "5km이내대형병원수":5,
            "500m이내공원수":2,
            "3km이내혐오시설수":0,
            "초등학교학업성취도":89.99,
            "중학교학업성취도":47.6,
            "용적률":124,
            "건폐율":33,
            "Y":37.247991,
            "X":127.014214,
            "rank":21.0,
            "area_info":"16평(54.57), 18평(62.2), 30평(101.7), 32평(108.36)",
            "last_sales":"1800-01-01,nan,16평(54.57)",
            "rank_history":[
                [
                    "202203",
                    21
                ],
                [
                    "202202",
                    4
                ],
                [
                    "202201",
                    4
                ]
            ],
            "rank_gap":-17
        },
        {
            "index":424,
            "아파트명":"수원역한라비발디퍼스트(도시형)",
            "투자타입":"일반",
            "전용면적(m2)":"55.75",
            "전용면적(평)":"16평",
            "법정동주소":"경기도 수원시 권선구 서둔동 418",
            "도로명주소":"경기도 수원시 권선구 세화로154번길 7-10",
            "세대수":0,
            "입주년차":100,
            "용적률점수":"--",
            "건폐율점수":"--",
            "세대당주차수":0,
            "난방방식":30,
            "공급면적":"--",
            "전용률":"--",
            "욕실수":50,
            "현관타입":100,
            "주거총점":38.0,
            "지역구공급총점":100.0,
            "역세권":80,
            "30분내 이동가능 거점":40,
            "1시간내 이동가능 거점":100,
            "교통총점":72.0,
            "백화점":100,
            "아울렛몰":80,
            "대형마트":100,
            "은행":0,
            "병원":10,
            "종합병원":100,
            "공원":100,
            "혐오시설":0,
            "인프라총점":77.0,
            "초등학군":89.96,
            "중학군":36.6,
            "학군총점":47.272,
            "인구수":41.61,
            "인구증감":-9.65,
            "인구총점":26.232,
            "일자리":19.56,
            "소득수준":100.0,
            "일자리총점":43.692,
            "가치 총점":62.9908,
            "매매실거래년":20210927.0,
            "매매실거래가":37740.0,
            "전세실거래년":20210806.0,
            "전세실거래가":25500.0,
            "전세가율":94.62,
            "장기전세가율평균":73.1,
            "전세가율거품지수":-21.52,
            "검색코드":124975,
            "세대수":288.0,
            "준공년월":"2021-06-17",
            "준공년차":2.0,
            "가까운역이름":"수원",
            "가까운역거리":436.88,
            "역세권여부":"역세권",
            "30분이내주요거점역":2,
            "30분거점역이름":"['수원시청', '수원']",
            "1시간이내주요거점역":14,
            "1시간거점역이름":"['판교', '여의도', '을지로3가', '정자', '수원시청', '평촌', '가산디지털단지', '수원', '구로디지털단지', '명동', '안산', '서현', 'GTX용인(2023년)', 'GTX동탄(2023년)']",
            "3km이내백화점수":2,
            "5km이내아울렛몰수":1,
            "1km이내대형먀트수":2,
            "500m이내은행수":1,
            "500m이내병원수":4,
            "5km이내대형병원수":5,
            "500m이내공원수":6,
            "3km이내혐오시설수":0,
            "초등학교학업성취도":89.96,
            "중학교학업성취도":61.0,
            "용적률":499,
            "건폐율":45,
            "Y":37.264633,
            "X":126.995292,
            "rank":22.0,
            "area_info":"16평(55.75), 18평(62.57), 21평(69.71), 21평(69.66), 21평(69.65), 21평(69.65), 21평(69.56), 21평(69.55), 20평(69.36), 21평(69.75)",
            "last_sales":"2021-09-27,37740.0,20평(69.36)",
            "rank_history":[
                [
                    "202203",
                    22
                ],
                [
                    "202202",
                    11
                ],
                [
                    "202201",
                    9
                ]
            ],
            "rank_gap":-11
        },
        {
            "index":438,
            "아파트명":"LH수원센트럴타운2단지",
            "투자타입":"일반",
            "전용면적(m2)":"56.64",
            "전용면적(평)":"17평",
            "법정동주소":"경기도 수원시 권선구 세류동 1270",
            "도로명주소":"경기도 수원시 권선구 세류로 39",
            "세대수":80,
            "입주년차":80,
            "용적률점수":"--",
            "건폐율점수":"--",
            "세대당주차수":30,
            "난방방식":100,
            "공급면적":"--",
            "전용률":"--",
            "욕실수":50,
            "현관타입":10,
            "주거총점":64.5,
            "지역구공급총점":100.0,
            "역세권":50,
            "30분내 이동가능 거점":40,
            "1시간내 이동가능 거점":100,
            "교통총점":57.0,
            "백화점":100,
            "아울렛몰":80,
            "대형마트":100,
            "은행":0,
            "병원":30,
            "종합병원":100,
            "공원":100,
            "혐오시설":0,
            "인프라총점":79.0,
            "초등학군":89.97,
            "중학군":30.74,
            "학군총점":42.586,
            "인구수":41.61,
            "인구증감":-9.65,
            "인구총점":26.232,
            "일자리":19.56,
            "소득수준":100.0,
            "일자리총점":43.692,
            "가치 총점":62.9379,
            "매매실거래년":20220125.0,
            "매매실거래가":41800.0,
            "전세실거래년":20220214.0,
            "전세실거래가":25000.0,
            "전세가율":59.81,
            "장기전세가율평균":73.1,
            "전세가율거품지수":13.29,
            "검색코드":107275,
            "세대수":800.0,
            "준공년월":"2015-07-29",
            "준공년차":8.0,
            "가까운역이름":"수원",
            "가까운역거리":683.33,
            "역세권여부":"준역세권",
            "30분이내주요거점역":2,
            "30분거점역이름":"['수원시청', '수원']",
            "1시간이내주요거점역":11,
            "1시간거점역이름":"['여의도', '을지로3가', '정자', '수원시청', '평촌', '가산디지털단지', '수원', '명동', '안산', '서현', 'GTX용인(2023년)']",
            "3km이내백화점수":2,
            "5km이내아울렛몰수":1,
            "1km이내대형먀트수":3,
            "500m이내은행수":0,
            "500m이내병원수":9,
            "5km이내대형병원수":5,
            "500m이내공원수":3,
            "3km이내혐오시설수":0,
            "초등학교학업성취도":89.97,
            "중학교학업성취도":50.7,
            "용적률":205,
            "건폐율":22,
            "Y":37.262789,
            "X":127.006862,
            "rank":23.0,
            "area_info":"17평(56.64), 17평(56.64), 17평(56.64), 22평(73.74), 25평(84.98), 25평(85.13), 25평(85.06)",
            "last_sales":"2022-01-25,41800.0,17평(56.64)",
            "rank_history":[
                [
                    "202203",
                    23
                ],
                [
                    "202202",
                    10
                ],
                [
                    "202201",
                    8
                ]
            ],
            "rank_gap":-13
        },
        {
            "index":320,
            "아파트명":"현대(1240)",
            "투자타입":"일반",
            "전용면적(m2)":"81.54",
            "전용면적(평)":"24평",
            "법정동주소":"경기도 수원시 권선구 권선동 1240",
            "도로명주소":"경기도 수원시 권선구 매탄로 11",
            "세대수":80,
            "입주년차":0,
            "용적률점수":"--",
            "건폐율점수":"--",
            "세대당주차수":30,
            "난방방식":100,
            "공급면적":"--",
            "전용률":"--",
            "욕실수":50,
            "현관타입":10,
            "주거총점":48.5,
            "지역구공급총점":100.0,
            "역세권":80,
            "30분내 이동가능 거점":60,
            "1시간내 이동가능 거점":100,
            "교통총점":78.0,
            "백화점":0,
            "아울렛몰":100,
            "대형마트":100,
            "은행":20,
            "병원":60,
            "종합병원":100,
            "공원":100,
            "혐오시설":0,
            "인프라총점":56.0,
            "초등학군":89.98,
            "중학군":49.94,
            "학군총점":57.948,
            "인구수":41.61,
            "인구증감":-9.65,
            "인구총점":26.232,
            "일자리":19.56,
            "소득수준":100.0,
            "일자리총점":43.692,
            "가치 총점":62.4922,
            "매매실거래년":20220211.0,
            "매매실거래가":38300.0,
            "전세실거래년":20220224.0,
            "전세실거래가":21000.0,
            "전세가율":54.83,
            "장기전세가율평균":73.1,
            "전세가율거품지수":18.27,
            "검색코드":11986,
            "세대수":809.0,
            "준공년월":"1996-04-25",
            "준공년차":27.0,
            "가까운역이름":"매탄권선",
            "가까운역거리":380.92,
            "역세권여부":"역세권",
            "30분이내주요거점역":3,
            "30분거점역이름":"['수원시청', '수원', 'GTX용인(2023년)']",
            "1시간이내주요거점역":11,
            "1시간거점역이름":"['판교', '정자', '수원시청', '평촌', '가산디지털단지', '수원', '안산', '서현', 'GTX성남(2023년)', 'GTX용인(2023년)', 'GTX동탄(2023년)']",
            "3km이내백화점수":0,
            "5km이내아울렛몰수":2,
            "1km이내대형먀트수":2,
            "500m이내은행수":2,
            "500m이내병원수":21,
            "5km이내대형병원수":3,
            "500m이내공원수":10,
            "3km이내혐오시설수":0,
            "초등학교학업성취도":89.98,
            "중학교학업성취도":81.9,
            "용적률":218,
            "건폐율":20,
            "Y":37.25352,
            "X":127.036698,
            "rank":24.0,
            "area_info":"24평(81.54)",
            "last_sales":"2022-02-11,38300.0,24평(81.54)",
            "rank_history":[
                [
                    "202203",
                    24
                ],
                [
                    "202202",
                    17
                ],
                [
                    "202201",
                    15
                ]
            ],
            "rank_gap":-7
        },
        {
            "index":144,
            "아파트명":"금성",
            "투자타입":"재건축",
            "전용면적(m2)":"53.88",
            "전용면적(평)":"16평",
            "법정동주소":"경기도 수원시 권선구 권선동 1044-1",
            "도로명주소":"경기도 수원시 권선구 세권로207번길 16",
            "세대수":0,
            "입주년차":"--",
            "용적률점수":80,
            "건폐율점수":40,
            "세대당주차수":"--",
            "난방방식":"--",
            "공급면적":50,
            "전용률":80,
            "욕실수":"--",
            "현관타입":"--",
            "주거총점":46.5,
            "지역구공급총점":100.0,
            "역세권":50,
            "30분내 이동가능 거점":40,
            "1시간내 이동가능 거점":90,
            "교통총점":55.0,
            "백화점":100,
            "아울렛몰":100,
            "대형마트":100,
            "은행":20,
            "병원":60,
            "종합병원":100,
            "공원":100,
            "혐오시설":0,
            "인프라총점":86.0,
            "초등학군":89.99,
            "중학군":43.48,
            "학군총점":52.782,
            "인구수":41.61,
            "인구증감":-9.65,
            "인구총점":26.232,
            "일자리":19.56,
            "소득수준":100.0,
            "일자리총점":43.692,
            "가치 총점":62.2673,
            "매매실거래년":20220115.0,
            "매매실거래가":15000.0,
            "전세실거래년":20210625.0,
            "전세실거래가":11000.0,
            "전세가율":73.33,
            "장기전세가율평균":73.1,
            "전세가율거품지수":-0.23,
            "검색코드":2679,
            "세대수":138.0,
            "준공년월":"1989-07-13",
            "준공년차":34.0,
            "가까운역이름":"수원시청",
            "가까운역거리":770.01,
            "역세권여부":"준역세권",
            "30분이내주요거점역":2,
            "30분거점역이름":"['수원시청', '수원']",
            "1시간이내주요거점역":9,
            "1시간거점역이름":"['판교', '정자', '수원시청', '평촌', '수원', '안산', '서현', 'GTX용인(2023년)', 'GTX동탄(2023년)']",
            "3km이내백화점수":2,
            "5km이내아울렛몰수":2,
            "1km이내대형먀트수":4,
            "500m이내은행수":2,
            "500m이내병원수":26,
            "5km이내대형병원수":4,
            "500m이내공원수":10,
            "3km이내혐오시설수":0,
            "초등학교학업성취도":89.99,
            "중학교학업성취도":72.0,
            "용적률":160,
            "건폐율":39,
            "Y":37.25541,
            "X":127.0279,
            "rank":25.0,
            "area_info":"16평(53.88), 16평(55.03), 17평(58.15), 18평(62.58), 27평(90.68)",
            "last_sales":"2022-01-15,15000.0,16평(53.88)",
            "rank_history":[
                [
                    "202203",
                    25
                ],
                [
                    "202202",
                    16
                ],
                [
                    "202201",
                    14
                ]
            ],
            "rank_gap":-9
        },
        {
            "index":413,
            "아파트명":"동남",
            "투자타입":"재건축",
            "전용면적(m2)":"60.64",
            "전용면적(평)":"18평",
            "법정동주소":"경기도 수원시 권선구 서둔동 361",
            "도로명주소":"경기도 수원시 권선구 여기산로 54",
            "세대수":30,
            "입주년차":"--",
            "용적률점수":100,
            "건폐율점수":80,
            "세대당주차수":"--",
            "난방방식":"--",
            "공급면적":50,
            "전용률":80,
            "욕실수":"--",
            "현관타입":"--",
            "주거총점":71.5,
            "지역구공급총점":100.0,
            "역세권":50,
            "30분내 이동가능 거점":20,
            "1시간내 이동가능 거점":50,
            "교통총점":41.0,
            "백화점":100,
            "아울렛몰":80,
            "대형마트":100,
            "은행":0,
            "병원":60,
            "종합병원":100,
            "공원":100,
            "혐오시설":0,
            "인프라총점":82.0,
            "초등학군":90.02,
            "중학군":52.06,
            "학군총점":59.652,
            "인구수":41.61,
            "인구증감":-9.65,
            "인구총점":26.232,
            "일자리":19.56,
            "소득수준":100.0,
            "일자리총점":43.692,
            "가치 총점":62.1978,
            "매매실거래년":20210304.0,
            "매매실거래가":33000.0,
            "전세실거래년":20220221.0,
            "전세실거래가":8000.0,
            "전세가율":24.24,
            "장기전세가율평균":73.1,
            "전세가율거품지수":48.86,
            "검색코드":13601,
            "세대수":380.0,
            "준공년월":"1987-12-03",
            "준공년차":36.0,
            "가까운역이름":"화서",
            "가까운역거리":893.09,
            "역세권여부":"준역세권",
            "30분이내주요거점역":1,
            "30분거점역이름":"['수원']",
            "1시간이내주요거점역":5,
            "1시간거점역이름":"['수원시청', '평촌', '가산디지털단지', '수원', 'GTX용인(2023년)']",
            "3km이내백화점수":2,
            "5km이내아울렛몰수":1,
            "1km이내대형먀트수":2,
            "500m이내은행수":0,
            "500m이내병원수":16,
            "5km이내대형병원수":4,
            "500m이내공원수":4,
            "3km이내혐오시설수":0,
            "초등학교학업성취도":90.02,
            "중학교학업성취도":86.3,
            "용적률":130,
            "건폐율":27,
            "Y":37.282597,
            "X":126.979673,
            "rank":26.0,
            "area_info":"18평(60.64), 18평(60.49)",
            "last_sales":"2021-03-04,33000.0,18평(60.64)",
            "rank_history":[
                [
                    "202203",
                    26
                ],
                [
                    "202202",
                    13
                ],
                [
                    "202201",
                    11
                ]
            ],
            "rank_gap":-13
        },
        {
            "index":125,
            "아파트명":"권선대우",
            "투자타입":"일반",
            "전용면적(m2)":"95.52",
            "전용면적(평)":"28평",
            "법정동주소":"경기도 수원시 권선구 권선동 1305",
            "도로명주소":"경기도 수원시 권선구 동탄원천로813번길 16",
            "세대수":30,
            "입주년차":20,
            "용적률점수":"--",
            "건폐율점수":"--",
            "세대당주차수":30,
            "난방방식":100,
            "공급면적":"--",
            "전용률":"--",
            "욕실수":100,
            "현관타입":100,
            "주거총점":49.0,
            "지역구공급총점":100.0,
            "역세권":80,
            "30분내 이동가능 거점":60,
            "1시간내 이동가능 거점":90,
            "교통총점":76.0,
            "백화점":0,
            "아울렛몰":100,
            "대형마트":100,
            "은행":20,
            "병원":60,
            "종합병원":100,
            "공원":100,
            "혐오시설":0,
            "인프라총점":56.0,
            "초등학군":89.99,
            "중학군":51.6,
            "학군총점":59.278,
            "인구수":41.61,
            "인구증감":-9.65,
            "인구총점":26.232,
            "일자리":19.56,
            "소득수준":100.0,
            "일자리총점":43.692,
            "가치 총점":62.0917,
            "매매실거래년":20210830.0,
            "매매실거래가":58250.0,
            "전세실거래년":20211218.0,
            "전세실거래가":39000.0,
            "전세가율":88.04,
            "장기전세가율평균":73.1,
            "전세가율거품지수":-14.94,
            "검색코드":8843,
            "세대수":358.0,
            "준공년월":"2000-07-25",
            "준공년차":23.0,
            "가까운역이름":"매탄권선",
            "가까운역거리":414.28,
            "역세권여부":"역세권",
            "30분이내주요거점역":3,
            "30분거점역이름":"['수원시청', '수원', 'GTX용인(2023년)']",
            "1시간이내주요거점역":9,
            "1시간거점역이름":"['판교', '정자', '수원시청', '평촌', '수원', '안산', '서현', 'GTX성남(2023년)', 'GTX용인(2023년)']",
            "3km이내백화점수":0,
            "5km이내아울렛몰수":2,
            "1km이내대형먀트수":2,
            "500m이내은행수":2,
            "500m이내병원수":21,
            "5km이내대형병원수":3,
            "500m이내공원수":9,
            "3km이내혐오시설수":0,
            "초등학교학업성취도":89.99,
            "중학교학업성취도":83.4,
            "용적률":203,
            "건폐율":19,
            "Y":37.249113,
            "X":127.038874,
            "rank":27.0,
            "area_info":"28평(95.52), 32평(107.54), 32평(108.32)",
            "last_sales":"2021-08-30,58250.0,32평(108.32)",
            "rank_history":[
                [
                    "202203",
                    27
                ],
                [
                    "202202",
                    20
                ],
                [
                    "202201",
                    18
                ]
            ],
            "rank_gap":-7
        },
        {
            "index":123,
            "아파트명":"권선3지구주공3단지",
            "투자타입":"일반",
            "전용면적(m2)":"68.57",
            "전용면적(평)":"20평",
            "법정동주소":"경기도 수원시 권선구 권선동 1304",
            "도로명주소":"경기도 수원시 권선구 세권로 334",
            "세대수":50,
            "입주년차":20,
            "용적률점수":"--",
            "건폐율점수":"--",
            "세대당주차수":0,
            "난방방식":100,
            "공급면적":"--",
            "전용률":"--",
            "욕실수":50,
            "현관타입":100,
            "주거총점":46.5,
            "지역구공급총점":100.0,
            "역세권":80,
            "30분내 이동가능 거점":60,
            "1시간내 이동가능 거점":100,
            "교통총점":78.0,
            "백화점":0,
            "아울렛몰":100,
            "대형마트":100,
            "은행":20,
            "병원":60,
            "종합병원":100,
            "공원":100,
            "혐오시설":0,
            "인프라총점":56.0,
            "초등학군":89.95,
            "중학군":49.94,
            "학군총점":57.942,
            "인구수":41.61,
            "인구증감":-9.65,
            "인구총점":26.232,
            "일자리":19.56,
            "소득수준":100.0,
            "일자리총점":43.692,
            "가치 총점":62.0913,
            "매매실거래년":20220115.0,
            "매매실거래가":52200.0,
            "전세실거래년":20211129.0,
            "전세실거래가":26000.0,
            "전세가율":62.35,
            "장기전세가율평균":73.1,
            "전세가율거품지수":10.75,
            "검색코드":10594,
            "세대수":582.0,
            "준공년월":"2001-08-10",
            "준공년차":22.0,
            "가까운역이름":"매탄권선",
            "가까운역거리":243.54,
            "역세권여부":"역세권",
            "30분이내주요거점역":3,
            "30분거점역이름":"['수원시청', '수원', 'GTX용인(2023년)']",
            "1시간이내주요거점역":10,
            "1시간거점역이름":"['판교', '정자', '수원시청', '평촌', '가산디지털단지', '수원', '안산', '서현', 'GTX성남(2023년)', 'GTX용인(2023년)']",
            "3km이내백화점수":0,
            "5km이내아울렛몰수":2,
            "1km이내대형먀트수":2,
            "500m이내은행수":2,
            "500m이내병원수":21,
            "5km이내대형병원수":3,
            "500m이내공원수":9,
            "3km이내혐오시설수":0,
            "초등학교학업성취도":89.95,
            "중학교학업성취도":81.9,
            "용적률":217,
            "건폐율":18,
            "Y":37.25043,
            "X":127.03993,
            "rank":28.0,
            "area_info":"20평(68.57), 25평(82.73)",
            "last_sales":"2022-01-15,52200.0,25평(82.73)",
            "rank_history":[
                [
                    "202203",
                    28
                ],
                [
                    "202202",
                    21
                ],
                [
                    "202201",
                    20
                ]
            ],
            "rank_gap":-7
        },
        {
            "index":457,
            "아파트명":"성원",
            "투자타입":"일반",
            "전용면적(m2)":"78.11",
            "전용면적(평)":"23평",
            "법정동주소":"경기도 수원시 권선구 세류동 141",
            "도로명주소":"경기도 수원시 권선구 정조로 618",
            "세대수":30,
            "입주년차":0,
            "용적률점수":"--",
            "건폐율점수":"--",
            "세대당주차수":0,
            "난방방식":30,
            "공급면적":"--",
            "전용률":"--",
            "욕실수":50,
            "현관타입":100,
            "주거총점":28.5,
            "지역구공급총점":100.0,
            "역세권":80,
            "30분내 이동가능 거점":40,
            "1시간내 이동가능 거점":100,
            "교통총점":72.0,
            "백화점":100,
            "아울렛몰":100,
            "대형마트":80,
            "은행":0,
            "병원":60,
            "종합병원":100,
            "공원":0,
            "혐오시설":0,
            "인프라총점":78.0,
            "초등학군":90.0,
            "중학군":42.18,
            "학군총점":51.744,
            "인구수":41.61,
            "인구증감":-9.65,
            "인구총점":26.232,
            "일자리":19.56,
            "소득수준":100.0,
            "일자리총점":43.692,
            "가치 총점":62.0616,
            "매매실거래년":20220128.0,
            "매매실거래가":40000.0,
            "전세실거래년":20210814.0,
            "전세실거래가":25000.0,
            "전세가율":62.5,
            "장기전세가율평균":73.1,
            "전세가율거품지수":10.6,
            "검색코드":2587,
            "세대수":366.0,
            "준공년월":"1996-04-29",
            "준공년차":27.0,
            "가까운역이름":"매교",
            "가까운역거리":244.83,
            "역세권여부":"역세권",
            "30분이내주요거점역":2,
            "30분거점역이름":"['수원시청', '수원']",
            "1시간이내주요거점역":11,
            "1시간거점역이름":"['판교', '정자', '수원시청', '평촌', '가산디지털단지', '수원', '안산', '서현', 'GTX성남(2023년)', 'GTX용인(2023년)', 'GTX동탄(2023년)']",
            "3km이내백화점수":2,
            "5km이내아울렛몰수":2,
            "1km이내대형먀트수":1,
            "500m이내은행수":0,
            "500m이내병원수":10,
            "5km이내대형병원수":5,
            "500m이내공원수":0,
            "3km이내혐오시설수":0,
            "초등학교학업성취도":90.0,
            "중학교학업성취도":70.3,
            "용적률":239,
            "건폐율":26,
            "Y":37.263314,
            "X":127.015841,
            "rank":29.0,
            "area_info":"23평(78.11), 32평(107.23), 48평(160.42)",
            "last_sales":"2022-01-28,40000.0,23평(78.11)",
            "rank_history":[
                [
                    "202203",
                    29
                ],
                [
                    "202202",
                    15
                ],
                [
                    "202201",
                    23
                ]
            ],
            "rank_gap":-14
        },
        {
            "index":322,
            "아파트명":"홈엔(도시형)",
            "투자타입":"일반",
            "전용면적(m2)":"38.85",
            "전용면적(평)":"11평",
            "법정동주소":"경기도 수원시 권선구 권선동 1018",
            "도로명주소":"경기도 수원시 권선구 권선로669번길 20",
            "세대수":0,
            "입주년차":80,
            "용적률점수":"--",
            "건폐율점수":"--",
            "세대당주차수":0,
            "난방방식":30,
            "공급면적":"--",
            "전용률":"--",
            "욕실수":50,
            "현관타입":100,
            "주거총점":34.0,
            "지역구공급총점":100.0,
            "역세권":50,
            "30분내 이동가능 거점":40,
            "1시간내 이동가능 거점":90,
            "교통총점":55.0,
            "백화점":100,
            "아울렛몰":100,
            "대형마트":80,
            "은행":70,
            "병원":60,
            "종합병원":100,
            "공원":100,
            "혐오시설":0,
            "인프라총점":88.0,
            "초등학군":90.0,
            "중학군":43.48,
            "학군총점":52.784,
            "인구수":41.61,
            "인구증감":-9.65,
            "인구총점":26.232,
            "일자리":19.56,
            "소득수준":100.0,
            "일자리총점":43.692,
            "가치 총점":60.3676,
            "매매실거래년":"18000101",
            "매매실거래가":null,
            "전세실거래년":null,
            "전세실거래가":null,
            "전세가율":null,
            "장기전세가율평균":73.1,
            "전세가율거품지수":null,
            "검색코드":145381,
            "세대수":56.0,
            "준공년월":"2018-07-19",
            "준공년차":5.0,
            "가까운역이름":"수원시청",
            "가까운역거리":521.71,
            "역세권여부":"준역세권",
            "30분이내주요거점역":2,
            "30분거점역이름":"['수원시청', '수원']",
            "1시간이내주요거점역":9,
            "1시간거점역이름":"['판교', '정자', '수원시청', '평촌', '수원', '안산', '서현', 'GTX용인(2023년)', 'GTX동탄(2023년)']",
            "3km이내백화점수":2,
            "5km이내아울렛몰수":2,
            "1km이내대형먀트수":1,
            "500m이내은행수":3,
            "500m이내병원수":22,
            "5km이내대형병원수":4,
            "500m이내공원수":4,
            "3km이내혐오시설수":0,
            "초등학교학업성취도":90.0,
            "중학교학업성취도":72.0,
            "용적률":357,
            "건폐율":69,
            "Y":37.260673,
            "X":127.025175,
            "rank":30.0,
            "area_info":"11평(38.85), 12평(40.72), 12평(41.91), 13평(43.96), 13평(45.65), 13평(45.78), 14평(46.31), 14평(49.13)",
            "last_sales":"1800-01-01,nan,11평(38.85)",
            "rank_history":[
                [
                    "202203",
                    30
                ],
                [
                    "202202",
                    9999
                ]
            ],
            "rank_gap":9999
        },
        {
            "index":130,
            "아파트명":"권선자이e편한세상",
            "투자타입":"일반",
            "전용면적(m2)":"84.36",
            "전용면적(평)":"25평",
            "법정동주소":"경기도 수원시 권선구 권선동 1330",
            "도로명주소":"경기도 수원시 권선구 권광로 55",
            "세대수":100,
            "입주년차":60,
            "용적률점수":"--",
            "건폐율점수":"--",
            "세대당주차수":60,
            "난방방식":100,
            "공급면적":"--",
            "전용률":"--",
            "욕실수":100,
            "현관타입":100,
            "주거총점":86.0,
            "지역구공급총점":100.0,
            "역세권":0,
            "30분내 이동가능 거점":40,
            "1시간내 이동가능 거점":70,
            "교통총점":26.0,
            "백화점":100,
            "아울렛몰":100,
            "대형마트":100,
            "은행":0,
            "병원":80,
            "종합병원":100,
            "공원":100,
            "혐오시설":0,
            "인프라총점":86.0,
            "초등학군":89.98,
            "중학군":43.48,
            "학군총점":52.78,
            "인구수":41.61,
            "인구증감":-9.65,
            "인구총점":26.232,
            "일자리":19.56,
            "소득수준":100.0,
            "일자리총점":43.692,
            "가치 총점":60.017,
            "매매실거래년":20220128.0,
            "매매실거래가":65000.0,
            "전세실거래년":20220209.0,
            "전세실거래가":34125.0,
            "전세가율":57.35,
            "장기전세가율평균":73.1,
            "전세가율거품지수":15.75,
            "검색코드":102005,
            "세대수":1753.0,
            "준공년월":"2011-09-21",
            "준공년차":12.0,
            "가까운역이름":"수원시청",
            "가까운역거리":1064.76,
            "역세권여부":"비역세권",
            "30분이내주요거점역":2,
            "30분거점역이름":"['수원시청', '수원']",
            "1시간이내주요거점역":7,
            "1시간거점역이름":"['정자', '수원시청', '평촌', '수원', '안산', 'GTX용인(2023년)', 'GTX동탄(2023년)']",
            "3km이내백화점수":2,
            "5km이내아울렛몰수":2,
            "1km이내대형먀트수":3,
            "500m이내은행수":1,
            "500m이내병원수":48,
            "5km이내대형병원수":3,
            "500m이내공원수":12,
            "3km이내혐오시설수":0,
            "초등학교학업성취도":89.98,
            "중학교학업성취도":72.0,
            "용적률":239,
            "건폐율":23,
            "Y":37.253276,
            "X":127.025688,
            "rank":31.0,
            "area_info":"25평(84.36), 25평(84.77), 33평(111.21), 33평(111.41), 33평(111.69), 33평(112.23), 39평(130.66), 46평(152.23), 50평(167.84), 50평(168.44), 58평(194.35), 69평(230.7)",
            "last_sales":"2022-01-28,65000.0,33평(112.23)",
            "rank_history":[
                [
                    "202203",
                    31
                ],
                [
                    "202202",
                    19
                ],
                [
                    "202201",
                    17
                ]
            ],
            "rank_gap":-12
        },
        {
            "index":321,
            "아파트명":"현대(1306)",
            "투자타입":"일반",
            "전용면적(m2)":"110.55",
            "전용면적(평)":"33평",
            "법정동주소":"경기도 수원시 권선구 권선동 1306",
            "도로명주소":"경기도 수원시 권선구 세권로316번길 49",
            "세대수":0,
            "입주년차":20,
            "용적률점수":"--",
            "건폐율점수":"--",
            "세대당주차수":30,
            "난방방식":100,
            "공급면적":"--",
            "전용률":"--",
            "욕실수":100,
            "현관타입":100,
            "주거총점":38.5,
            "지역구공급총점":100.0,
            "역세권":80,
            "30분내 이동가능 거점":60,
            "1시간내 이동가능 거점":90,
            "교통총점":76.0,
            "백화점":0,
            "아울렛몰":100,
            "대형마트":100,
            "은행":20,
            "병원":60,
            "종합병원":100,
            "공원":100,
            "혐오시설":0,
            "인프라총점":56.0,
            "초등학군":89.95,
            "중학군":51.6,
            "학군총점":59.27,
            "인구수":41.61,
            "인구증감":-9.65,
            "인구총점":26.232,
            "일자리":19.56,
            "소득수준":100.0,
            "일자리총점":43.692,
            "가치 총점":59.9905,
            "매매실거래년":20220110.0,
            "매매실거래가":53000.0,
            "전세실거래년":20211227.0,
            "전세실거래가":30870.0,
            "전세가율":58.25,
            "장기전세가율평균":73.1,
            "전세가율거품지수":14.85,
            "검색코드":10595,
            "세대수":253.0,
            "준공년월":"2000-09-22",
            "준공년차":23.0,
            "가까운역이름":"매탄권선",
            "가까운역거리":419.64,
            "역세권여부":"역세권",
            "30분이내주요거점역":3,
            "30분거점역이름":"['수원시청', '수원', 'GTX용인(2023년)']",
            "1시간이내주요거점역":9,
            "1시간거점역이름":"['판교', '정자', '수원시청', '평촌', '수원', '안산', '서현', 'GTX성남(2023년)', 'GTX용인(2023년)']",
            "3km이내백화점수":0,
            "5km이내아울렛몰수":2,
            "1km이내대형먀트수":2,
            "500m이내은행수":2,
            "500m이내병원수":24,
            "5km이내대형병원수":3,
            "500m이내공원수":9,
            "3km이내혐오시설수":0,
            "초등학교학업성취도":89.95,
            "중학교학업성취도":83.4,
            "용적률":216,
            "건폐율":22,
            "Y":37.24967,
            "X":127.03768,
            "rank":32.0,
            "area_info":"33평(110.55)",
            "last_sales":"2022-01-10,53000.0,33평(110.55)",
            "rank_history":[
                [
                    "202203",
                    32
                ],
                [
                    "202202",
                    27
                ],
                [
                    "202201",
                    25
                ]
            ],
            "rank_gap":-5
        },
        {
            "index":175,
            "아파트명":"삼천리권선2차",
            "투자타입":"일반",
            "전용면적(m2)":"82.85",
            "전용면적(평)":"25평",
            "법정동주소":"경기도 수원시 권선구 권선동 1238",
            "도로명주소":"경기도 수원시 권선구 매탄로 25",
            "세대수":50,
            "입주년차":0,
            "용적률점수":"--",
            "건폐율점수":"--",
            "세대당주차수":30,
            "난방방식":100,
            "공급면적":"--",
            "전용률":"--",
            "욕실수":50,
            "현관타입":10,
            "주거총점":38.0,
            "지역구공급총점":100.0,
            "역세권":80,
            "30분내 이동가능 거점":60,
            "1시간내 이동가능 거점":100,
            "교통총점":78.0,
            "백화점":0,
            "아울렛몰":100,
            "대형마트":100,
            "은행":0,
            "병원":60,
            "종합병원":100,
            "공원":100,
            "혐오시설":0,
            "인프라총점":54.0,
            "초등학군":89.95,
            "중학군":49.94,
            "학군총점":57.942,
            "인구수":41.61,
            "인구증감":-9.65,
            "인구총점":26.232,
            "일자리":19.56,
            "소득수준":100.0,
            "일자리총점":43.692,
            "가치 총점":59.7913,
            "매매실거래년":20220104.0,
            "매매실거래가":43700.0,
            "전세실거래년":20220211.0,
            "전세실거래가":30000.0,
            "전세가율":68.65,
            "장기전세가율평균":73.1,
            "전세가율거품지수":4.45,
            "검색코드":1759,
            "세대수":546.0,
            "준공년월":"1996-02-01",
            "준공년차":27.0,
            "가까운역이름":"매탄권선",
            "가까운역거리":332.91,
            "역세권여부":"역세권",
            "30분이내주요거점역":3,
            "30분거점역이름":"['수원시청', '수원', 'GTX용인(2023년)']",
            "1시간이내주요거점역":11,
            "1시간거점역이름":"['판교', '정자', '수원시청', '평촌', '가산디지털단지', '수원', '안산', '서현', 'GTX성남(2023년)', 'GTX용인(2023년)', 'GTX동탄(2023년)']",
            "3km이내백화점수":0,
            "5km이내아울렛몰수":2,
            "1km이내대형먀트수":2,
            "500m이내은행수":0,
            "500m이내병원수":20,
            "5km이내대형병원수":3,
            "500m이내공원수":10,
            "3km이내혐오시설수":0,
            "초등학교학업성취도":89.95,
            "중학교학업성취도":81.9,
            "용적률":199,
            "건폐율":21,
            "Y":37.25427,
            "X":127.03777,
            "rank":33.0,
            "area_info":"25평(82.85)",
            "last_sales":"2022-01-04,43700.0,25평(82.85)",
            "rank_history":[
                [
                    "202203",
                    33
                ],
                [
                    "202202",
                    25
                ],
                [
                    "202201",
                    22
                ]
            ],
            "rank_gap":-8
        },
        {
            "index":117,
            "아파트명":"권선3지구상록5단지",
            "투자타입":"일반",
            "전용면적(m2)":"107.3",
            "전용면적(평)":"32평",
            "법정동주소":"경기도 수원시 권선구 권선동 1298",
            "도로명주소":"경기도 수원시 권선구 세권로304번길 47",
            "세대수":0,
            "입주년차":20,
            "용적률점수":"--",
            "건폐율점수":"--",
            "세대당주차수":0,
            "난방방식":100,
            "공급면적":"--",
            "전용률":"--",
            "욕실수":100,
            "현관타입":100,
            "주거총점":34.0,
            "지역구공급총점":100.0,
            "역세권":80,
            "30분내 이동가능 거점":60,
            "1시간내 이동가능 거점":90,
            "교통총점":76.0,
            "백화점":0,
            "아울렛몰":100,
            "대형마트":100,
            "은행":20,
            "병원":60,
            "종합병원":100,
            "공원":100,
            "혐오시설":0,
            "인프라총점":56.0,
            "초등학군":89.95,
            "중학군":51.6,
            "학군총점":59.27,
            "인구수":41.61,
            "인구증감":-9.65,
            "인구총점":26.232,
            "일자리":19.56,
            "소득수준":100.0,
            "일자리총점":43.692,
            "가치 총점":59.0905,
            "매매실거래년":20210816.0,
            "매매실거래가":54500.0,
            "전세실거래년":20220218.0,
            "전세실거래가":29400.0,
            "전세가율":53.94,
            "장기전세가율평균":73.1,
            "전세가율거품지수":19.16,
            "검색코드":3624,
            "세대수":256.0,
            "준공년월":"2001-06-15",
            "준공년차":22.0,
            "가까운역이름":"매탄권선",
            "가까운역거리":482.15,
            "역세권여부":"역세권",
            "30분이내주요거점역":3,
            "30분거점역이름":"['수원시청', '수원', 'GTX용인(2023년)']",
            "1시간이내주요거점역":9,
            "1시간거점역이름":"['판교', '정자', '수원시청', '평촌', '수원', '안산', '서현', 'GTX성남(2023년)', 'GTX용인(2023년)']",
            "3km이내백화점수":0,
            "5km이내아울렛몰수":2,
            "1km이내대형먀트수":2,
            "500m이내은행수":2,
            "500m이내병원수":25,
            "5km이내대형병원수":3,
            "500m이내공원수":10,
            "3km이내혐오시설수":0,
            "초등학교학업성취도":89.95,
            "중학교학업성취도":83.4,
            "용적률":210,
            "건폐율":20,
            "Y":37.250253,
            "X":127.036154,
            "rank":34.0,
            "area_info":"32평(107.3)",
            "last_sales":"2021-08-16,54500.0,32평(107.3)",
            "rank_history":[
                [
                    "202203",
                    34
                ],
                [
                    "202202",
                    29
                ],
                [
                    "202201",
                    27
                ]
            ],
            "rank_gap":-5
        },
        {
            "index":17,
            "아파트명":"연안",
            "투자타입":"재건축",
            "전용면적(m2)":"60.97",
            "전용면적(평)":"18평",
            "법정동주소":"경기도 수원시 권선구 고색동 7-114",
            "도로명주소":"경기도 수원시 권선구 서둔로 12",
            "세대수":0,
            "입주년차":"--",
            "용적률점수":100,
            "건폐율점수":80,
            "세대당주차수":"--",
            "난방방식":"--",
            "공급면적":50,
            "전용률":60,
            "욕실수":"--",
            "현관타입":"--",
            "주거총점":61.5,
            "지역구공급총점":100.0,
            "역세권":50,
            "30분내 이동가능 거점":40,
            "1시간내 이동가능 거점":100,
            "교통총점":57.0,
            "백화점":100,
            "아울렛몰":80,
            "대형마트":0,
            "은행":0,
            "병원":30,
            "종합병원":100,
            "공원":80,
            "혐오시설":0,
            "인프라총점":63.4,
            "초등학군":89.97,
            "중학군":42.4,
            "학군총점":51.914,
            "인구수":41.61,
            "인구증감":-9.65,
            "인구총점":26.232,
            "일자리":19.56,
            "소득수준":100.0,
            "일자리총점":43.692,
            "가치 총점":59.0571,
            "매매실거래년":20220205.0,
            "매매실거래가":16000.0,
            "전세실거래년":20220204.0,
            "전세실거래가":11000.0,
            "전세가율":61.11,
            "장기전세가율평균":73.1,
            "전세가율거품지수":11.99,
            "검색코드":14756,
            "세대수":190.0,
            "준공년월":"1986-09-29",
            "준공년차":37.0,
            "가까운역이름":"고색",
            "가까운역거리":536.29,
            "역세권여부":"준역세권",
            "30분이내주요거점역":2,
            "30분거점역이름":"['수원시청', '수원']",
            "1시간이내주요거점역":10,
            "1시간거점역이름":"['여의도', '정자', '수원시청', '평촌', '가산디지털단지', '수원', '안산', '서현', 'GTX용인(2023년)', 'GTX동탄(2023년)']",
            "3km이내백화점수":2,
            "5km이내아울렛몰수":1,
            "1km이내대형먀트수":0,
            "500m이내은행수":0,
            "500m이내병원수":7,
            "5km이내대형병원수":3,
            "500m이내공원수":1,
            "3km이내혐오시설수":0,
            "초등학교학업성취도":89.97,
            "중학교학업성취도":70.2,
            "용적률":148,
            "건폐율":29,
            "Y":37.25325,
            "X":126.98477,
            "rank":35.0,
            "area_info":"18평(60.97), 18평(61.78)",
            "last_sales":"2022-02-05,16000.0,18평(61.78)",
            "rank_history":[
                [
                    "202203",
                    35
                ],
                [
                    "202202",
                    52
                ],
                [
                    "202201",
                    51
                ]
            ],
            "rank_gap":17
        },
        {
            "index":83,
            "아파트명":"삼환",
            "투자타입":"재건축",
            "전용면적(m2)":"73.61",
            "전용면적(평)":"22평",
            "법정동주소":"경기도 수원시 권선구 구운동 462",
            "도로명주소":"경기도 수원시 권선구 수성로 47",
            "세대수":100,
            "입주년차":"--",
            "용적률점수":0,
            "건폐율점수":100,
            "세대당주차수":"--",
            "난방방식":"--",
            "공급면적":50,
            "전용률":60,
            "욕실수":"--",
            "현관타입":"--",
            "주거총점":55.5,
            "지역구공급총점":100.0,
            "역세권":50,
            "30분내 이동가능 거점":20,
            "1시간내 이동가능 거점":50,
            "교통총점":41.0,
            "백화점":100,
            "아울렛몰":80,
            "대형마트":100,
            "은행":0,
            "병원":60,
            "종합병원":100,
            "공원":100,
            "혐오시설":0,
            "인프라총점":82.0,
            "초등학군":89.98,
            "중학군":52.06,
            "학군총점":59.644,
            "인구수":41.61,
            "인구증감":-9.65,
            "인구총점":26.232,
            "일자리":19.56,
            "소득수준":100.0,
            "일자리총점":43.692,
            "가치 총점":58.9966,
            "매매실거래년":20220206.0,
            "매매실거래가":49000.0,
            "전세실거래년":20220219.0,
            "전세실거래가":12600.0,
            "전세가율":25.71,
            "장기전세가율평균":73.1,
            "전세가율거품지수":47.39,
            "검색코드":2673,
            "세대수":1680.0,
            "준공년월":"1991-04-16",
            "준공년차":32.0,
            "가까운역이름":"화서",
            "가까운역거리":983.72,
            "역세권여부":"준역세권",
            "30분이내주요거점역":1,
            "30분거점역이름":"['수원']",
            "1시간이내주요거점역":5,
            "1시간거점역이름":"['수원시청', '평촌', '가산디지털단지', '수원', 'GTX용인(2023년)']",
            "3km이내백화점수":2,
            "5km이내아울렛몰수":1,
            "1km이내대형먀트수":2,
            "500m이내은행수":0,
            "500m이내병원수":17,
            "5km이내대형병원수":4,
            "500m이내공원수":5,
            "3km이내혐오시설수":0,
            "초등학교학업성취도":89.98,
            "중학교학업성취도":86.3,
            "용적률":228,
            "건폐율":18,
            "Y":37.283993,
            "X":126.978493,
            "rank":36.0,
            "area_info":"22평(73.61), 26평(86.72), 26평(86.82), 28평(92.89), 28평(92.88), 31평(104.93), 39평(129.92)",
            "last_sales":"2022-02-06,49000.0,22평(73.61)",
            "rank_history":[
                [
                    "202203",
                    36
                ],
                [
                    "202202",
                    22
                ],
                [
                    "202201",
                    21
                ]
            ],
            "rank_gap":-14
        },
        {
            "index":465,
            "아파트명":"수원권선어울림",
            "투자타입":"일반",
            "전용면적(m2)":"107.9",
            "전용면적(평)":"32평",
            "법정동주소":"경기도 수원시 권선구 세류동 1255",
            "도로명주소":"경기도 수원시 권선구 세권로43번길 26-6",
            "세대수":0,
            "입주년차":60,
            "용적률점수":"--",
            "건폐율점수":"--",
            "세대당주차수":60,
            "난방방식":30,
            "공급면적":"--",
            "전용률":"--",
            "욕실수":100,
            "현관타입":100,
            "주거총점":44.0,
            "지역구공급총점":100.0,
            "역세권":50,
            "30분내 이동가능 거점":40,
            "1시간내 이동가능 거점":100,
            "교통총점":57.0,
            "백화점":100,
            "아울렛몰":80,
            "대형마트":80,
            "은행":0,
            "병원":60,
            "종합병원":100,
            "공원":100,
            "혐오시설":0,
            "인프라총점":79.0,
            "초등학군":90.0,
            "중학군":30.74,
            "학군총점":42.592,
            "인구수":41.61,
            "인구증감":-9.65,
            "인구총점":26.232,
            "일자리":19.56,
            "소득수준":100.0,
            "일자리총점":43.692,
            "가치 총점":58.8388,
            "매매실거래년":20210830.0,
            "매매실거래가":40000.0,
            "전세실거래년":20200924.0,
            "전세실거래가":32000.0,
            "전세가율":80.0,
            "장기전세가율평균":73.1,
            "전세가율거품지수":-6.9,
            "검색코드":100378,
            "세대수":160.0,
            "준공년월":"2010-04-22",
            "준공년차":13.0,
            "가까운역이름":"매교",
            "가까운역거리":838.68,
            "역세권여부":"준역세권",
            "30분이내주요거점역":2,
            "30분거점역이름":"['수원시청', '수원']",
            "1시간이내주요거점역":10,
            "1시간거점역이름":"['판교', '정자', '수원시청', '평촌', '가산디지털단지', '수원', '구로디지털단지', '안산', '서현', 'GTX용인(2023년)']",
            "3km이내백화점수":2,
            "5km이내아울렛몰수":1,
            "1km이내대형먀트수":1,
            "500m이내은행수":1,
            "500m이내병원수":18,
            "5km이내대형병원수":5,
            "500m이내공원수":3,
            "3km이내혐오시설수":0,
            "초등학교학업성취도":90.0,
            "중학교학업성취도":50.7,
            "용적률":351,
            "건폐율":43,
            "Y":37.259767,
            "X":127.009765,
            "rank":37.0,
            "area_info":"32평(107.9), 32평(107.89), 44평(145.72)",
            "last_sales":"2021-08-30,40000.0,32평(107.9)",
            "rank_history":[
                [
                    "202203",
                    37
                ],
                [
                    "202202",
                    24
                ],
                [
                    "202201",
                    30
                ]
            ],
            "rank_gap":-13
        },
        {
            "index":445,
            "아파트명":"궁전",
            "투자타입":"재건축",
            "전용면적(m2)":"57.2",
            "전용면적(평)":"17평",
            "법정동주소":"경기도 수원시 권선구 세류동 1152-6",
            "도로명주소":"경기도 수원시 권선구 경수대로211번길 18",
            "세대수":0,
            "입주년차":"--",
            "용적률점수":100,
            "건폐율점수":0,
            "세대당주차수":"--",
            "난방방식":"--",
            "공급면적":50,
            "전용률":60,
            "욕실수":"--",
            "현관타입":"--",
            "주거총점":45.5,
            "지역구공급총점":100.0,
            "역세권":80,
            "30분내 이동가능 거점":20,
            "1시간내 이동가능 거점":60,
            "교통총점":58.0,
            "백화점":100,
            "아울렛몰":80,
            "대형마트":80,
            "은행":0,
            "병원":30,
            "종합병원":100,
            "공원":100,
            "혐오시설":0,
            "인프라총점":76.0,
            "초등학군":89.99,
            "중학군":28.56,
            "학군총점":40.846,
            "인구수":41.61,
            "인구증감":-9.65,
            "인구총점":26.232,
            "일자리":19.56,
            "소득수준":100.0,
            "일자리총점":43.692,
            "가치 총점":58.3269,
            "매매실거래년":"18000101",
            "매매실거래가":null,
            "전세실거래년":null,
            "전세실거래가":null,
            "전세가율":null,
            "장기전세가율평균":73.1,
            "전세가율거품지수":null,
            "검색코드":9006,
            "세대수":124.0,
            "준공년월":"1987-01-26",
            "준공년차":36.0,
            "가까운역이름":"세류",
            "가까운역거리":417.46,
            "역세권여부":"역세권",
            "30분이내주요거점역":1,
            "30분거점역이름":"['수원']",
            "1시간이내주요거점역":6,
            "1시간거점역이름":"['수원시청', '평촌', '가산디지털단지', '수원', '안산', 'GTX용인(2023년)']",
            "3km이내백화점수":2,
            "5km이내아울렛몰수":1,
            "1km이내대형먀트수":1,
            "500m이내은행수":0,
            "500m이내병원수":7,
            "5km이내대형병원수":5,
            "500m이내공원수":3,
            "3km이내혐오시설수":0,
            "초등학교학업성취도":89.99,
            "중학교학업성취도":47.6,
            "용적률":140,
            "건폐율":70,
            "Y":37.247027,
            "X":127.016357,
            "rank":38.0,
            "area_info":"17평(57.2), 20평(68.38), 21평(69.69), 21평(72.67), 22평(74.75)",
            "last_sales":"1800-01-01,nan,17평(57.2)",
            "rank_history":[
                [
                    "202203",
                    38
                ],
                [
                    "202202",
                    14
                ],
                [
                    "202201",
                    10
                ]
            ],
            "rank_gap":-24
        },
        {
            "index":154,
            "아파트명":"동산",
            "투자타입":"일반",
            "전용면적(m2)":"104.79",
            "전용면적(평)":"31평",
            "법정동주소":"경기도 수원시 권선구 권선동 1050",
            "도로명주소":"경기도 수원시 권선구 세권로195번길 13",
            "세대수":0,
            "입주년차":0,
            "용적률점수":"--",
            "건폐율점수":"--",
            "세대당주차수":60,
            "난방방식":30,
            "공급면적":"--",
            "전용률":"--",
            "욕실수":100,
            "현관타입":10,
            "주거총점":23.0,
            "지역구공급총점":100.0,
            "역세권":50,
            "30분내 이동가능 거점":40,
            "1시간내 이동가능 거점":90,
            "교통총점":55.0,
            "백화점":100,
            "아울렛몰":100,
            "대형마트":100,
            "은행":20,
            "병원":80,
            "종합병원":100,
            "공원":100,
            "혐오시설":0,
            "인프라총점":88.0,
            "초등학군":89.98,
            "중학군":43.48,
            "학군총점":52.78,
            "인구수":41.61,
            "인구증감":-9.65,
            "인구총점":26.232,
            "일자리":19.56,
            "소득수준":100.0,
            "일자리총점":43.692,
            "가치 총점":58.167,
            "매매실거래년":20211117.0,
            "매매실거래가":34500.0,
            "전세실거래년":20210827.0,
            "전세실거래가":20800.0,
            "전세가율":69.33,
            "장기전세가율평균":73.1,
            "전세가율거품지수":3.77,
            "검색코드":1752,
            "세대수":91.0,
            "준공년월":"1993-08-28",
            "준공년차":30.0,
            "가까운역이름":"수원시청",
            "가까운역거리":808.61,
            "역세권여부":"준역세권",
            "30분이내주요거점역":2,
            "30분거점역이름":"['수원시청', '수원']",
            "1시간이내주요거점역":9,
            "1시간거점역이름":"['판교', '정자', '수원시청', '평촌', '수원', '안산', '서현', 'GTX용인(2023년)', 'GTX동탄(2023년)']",
            "3km이내백화점수":2,
            "5km이내아울렛몰수":2,
            "1km이내대형먀트수":3,
            "500m이내은행수":2,
            "500m이내병원수":32,
            "5km이내대형병원수":4,
            "500m이내공원수":8,
            "3km이내혐오시설수":0,
            "초등학교학업성취도":89.98,
            "중학교학업성취도":72.0,
            "용적률":270,
            "건폐율":58,
            "Y":37.256041,
            "X":127.025484,
            "rank":39.0,
            "area_info":"31평(104.79), 32평(107.59), 33평(111.82), 35평(118.17), 39평(131.56)",
            "last_sales":"2021-11-17,34500.0,35평(118.17)",
            "rank_history":[
                [
                    "202203",
                    39
                ],
                [
                    "202202",
                    9999
                ]
            ],
            "rank_gap":9999
        },
        {
            "index":166,
            "아파트명":"벽산한성",
            "투자타입":"일반",
            "전용면적(m2)":"126.73",
            "전용면적(평)":"38평",
            "법정동주소":"경기도 수원시 권선구 권선동 1267",
            "도로명주소":"경기도 수원시 권선구 권중로 99",
            "세대수":50,
            "입주년차":0,
            "용적률점수":"--",
            "건폐율점수":"--",
            "세대당주차수":60,
            "난방방식":100,
            "공급면적":"--",
            "전용률":"--",
            "욕실수":100,
            "현관타입":100,
            "주거총점":56.5,
            "지역구공급총점":100.0,
            "역세권":50,
            "30분내 이동가능 거점":40,
            "1시간내 이동가능 거점":80,
            "교통총점":53.0,
            "백화점":0,
            "아울렛몰":100,
            "대형마트":100,
            "은행":70,
            "병원":80,
            "종합병원":100,
            "공원":100,
            "혐오시설":0,
            "인프라총점":63.0,
            "초등학군":89.99,
            "중학군":51.6,
            "학군총점":59.278,
            "인구수":41.61,
            "인구증감":-9.65,
            "인구총점":26.232,
            "일자리":19.56,
            "소득수준":100.0,
            "일자리총점":43.692,
            "가치 총점":57.6417,
            "매매실거래년":20220111.0,
            "매매실거래가":60400.0,
            "전세실거래년":20210708.0,
            "전세실거래가":44700.0,
            "전세가율":72.92,
            "장기전세가율평균":73.1,
            "전세가율거품지수":0.18,
            "검색코드":1755,
            "세대수":562.0,
            "준공년월":"1995-12-26",
            "준공년차":28.0,
            "가까운역이름":"매탄권선",
            "가까운역거리":978.48,
            "역세권여부":"준역세권",
            "30분이내주요거점역":2,
            "30분거점역이름":"['수원시청', '수원']",
            "1시간이내주요거점역":8,
            "1시간거점역이름":"['판교', '정자', '수원시청', '평촌', '수원', '안산', '서현', 'GTX용인(2023년)']",
            "3km이내백화점수":0,
            "5km이내아울렛몰수":2,
            "1km이내대형먀트수":3,
            "500m이내은행수":3,
            "500m이내병원수":33,
            "5km이내대형병원수":4,
            "500m이내공원수":10,
            "3km이내혐오시설수":0,
            "초등학교학업성취도":89.99,
            "중학교학업성취도":83.4,
            "용적률":194,
            "건폐율":23,
            "Y":37.249953,
            "X":127.030229,
            "rank":40.0,
            "area_info":"38평(126.73), 38평(126.97), 49평(164.48), 51평(171.35)",
            "last_sales":"2022-01-11,60400.0,51평(171.35)",
            "rank_history":[
                [
                    "202203",
                    40
                ],
                [
                    "202202",
                    23
                ],
                [
                    "202201",
                    24
                ]
            ],
            "rank_gap":-17
        },
        {
            "index":151,
            "아파트명":"대림",
            "투자타입":"일반",
            "전용면적(m2)":"127.41",
            "전용면적(평)":"38평",
            "법정동주소":"경기도 수원시 권선구 권선동 1321",
            "도로명주소":"경기도 수원시 권선구 덕영대로1323번길 26-31",
            "세대수":30,
            "입주년차":20,
            "용적률점수":"--",
            "건폐율점수":"--",
            "세대당주차수":60,
            "난방방식":100,
            "공급면적":"--",
            "전용률":"--",
            "욕실수":100,
            "현관타입":100,
            "주거총점":53.5,
            "지역구공급총점":100.0,
            "역세권":50,
            "30분내 이동가능 거점":40,
            "1시간내 이동가능 거점":100,
            "교통총점":57.0,
            "백화점":0,
            "아울렛몰":100,
            "대형마트":100,
            "은행":20,
            "병원":60,
            "종합병원":100,
            "공원":100,
            "혐오시설":0,
            "인프라총점":56.0,
            "초등학군":89.99,
            "중학군":51.6,
            "학군총점":59.278,
            "인구수":41.61,
            "인구증감":-9.65,
            "인구총점":26.232,
            "일자리":19.56,
            "소득수준":100.0,
            "일자리총점":43.692,
            "가치 총점":56.3417,
            "매매실거래년":20211102.0,
            "매매실거래가":67300.0,
            "전세실거래년":20211228.0,
            "전세실거래가":31500.0,
            "전세가율":46.81,
            "장기전세가율평균":73.1,
            "전세가율거품지수":26.29,
            "검색코드":9284,
            "세대수":322.0,
            "준공년월":"2001-03-29",
            "준공년차":22.0,
            "가까운역이름":"매탄권선",
            "가까운역거리":553.55,
            "역세권여부":"준역세권",
            "30분이내주요거점역":2,
            "30분거점역이름":"['수원시청', '수원']",
            "1시간이내주요거점역":10,
            "1시간거점역이름":"['판교', '정자', '수원시청', '평촌', '수원', '안산', '서현', 'GTX성남(2023년)', 'GTX용인(2023년)', 'GTX동탄(2023년)']",
            "3km이내백화점수":0,
            "5km이내아울렛몰수":2,
            "1km이내대형먀트수":2,
            "500m이내은행수":2,
            "500m이내병원수":21,
            "5km이내대형병원수":4,
            "500m이내공원수":8,
            "3km이내혐오시설수":0,
            "초등학교학업성취도":89.99,
            "중학교학업성취도":83.4,
            "용적률":218,
            "건폐율":20,
            "Y":37.248096,
            "X":127.037906,
            "rank":41.0,
            "area_info":"38평(127.41), 44평(148.38), 49평(163.85)",
            "last_sales":"2021-11-02,67300.0,38평(127.41)",
            "rank_history":[
                [
                    "202203",
                    41
                ],
                [
                    "202202",
                    30
                ],
                [
                    "202201",
                    28
                ]
            ],
            "rank_gap":-11
        },
        {
            "index":282,
            "아파트명":"신안풍림",
            "투자타입":"일반",
            "전용면적(m2)":"121.49",
            "전용면적(평)":"36평",
            "법정동주소":"경기도 수원시 권선구 권선동 1235",
            "도로명주소":"경기도 수원시 권선구 권중로 31",
            "세대수":50,
            "입주년차":0,
            "용적률점수":"--",
            "건폐율점수":"--",
            "세대당주차수":60,
            "난방방식":100,
            "공급면적":"--",
            "전용률":"--",
            "욕실수":100,
            "현관타입":100,
            "주거총점":56.5,
            "지역구공급총점":100.0,
            "역세권":50,
            "30분내 이동가능 거점":40,
            "1시간내 이동가능 거점":90,
            "교통총점":55.0,
            "백화점":0,
            "아울렛몰":100,
            "대형마트":100,
            "은행":20,
            "병원":60,
            "종합병원":100,
            "공원":100,
            "혐오시설":0,
            "인프라총점":56.0,
            "초등학군":89.98,
            "중학군":51.6,
            "학군총점":59.276,
            "인구수":41.61,
            "인구증감":-9.65,
            "인구총점":26.232,
            "일자리":19.56,
            "소득수준":100.0,
            "일자리총점":43.692,
            "가치 총점":56.2414,
            "매매실거래년":20211201.0,
            "매매실거래가":42000.0,
            "전세실거래년":20220114.0,
            "전세실거래가":36000.0,
            "전세가율":85.71,
            "장기전세가율평균":73.1,
            "전세가율거품지수":-12.61,
            "검색코드":1763,
            "세대수":552.0,
            "준공년월":"1996-05-31",
            "준공년차":27.0,
            "가까운역이름":"매탄권선",
            "가까운역거리":654.96,
            "역세권여부":"준역세권",
            "30분이내주요거점역":2,
            "30분거점역이름":"['수원시청', '수원']",
            "1시간이내주요거점역":9,
            "1시간거점역이름":"['판교', '정자', '수원시청', '평촌', '수원', '안산', '서현', 'GTX용인(2023년)', 'GTX동탄(2023년)']",
            "3km이내백화점수":0,
            "5km이내아울렛몰수":2,
            "1km이내대형먀트수":2,
            "500m이내은행수":2,
            "500m이내병원수":27,
            "5km이내대형병원수":3,
            "500m이내공원수":9,
            "3km이내혐오시설수":0,
            "초등학교학업성취도":89.98,
            "중학교학업성취도":83.4,
            "용적률":199,
            "건폐율":20,
            "Y":37.25418,
            "X":127.033714,
            "rank":42.0,
            "area_info":"36평(121.49), 36평(121.54), 48평(159.77), 48평(159.79)",
            "last_sales":"2021-12-01,42000.0,36평(121.49)",
            "rank_history":[
                [
                    "202203",
                    42
                ],
                [
                    "202202",
                    31
                ],
                [
                    "202201",
                    29
                ]
            ],
            "rank_gap":-11
        },
        {
            "index":510,
            "아파트명":"남광하우스토리1차",
            "투자타입":"일반",
            "전용면적(m2)":"80.62",
            "전용면적(평)":"24평",
            "법정동주소":"경기도 수원시 권선구 오목천동 962",
            "도로명주소":"경기도 수원시 권선구 삼천병마로1598번길 28-16",
            "세대수":30,
            "입주년차":40,
            "용적률점수":"--",
            "건폐율점수":"--",
            "세대당주차수":0,
            "난방방식":30,
            "공급면적":"--",
            "전용률":"--",
            "욕실수":100,
            "현관타입":100,
            "주거총점":41.5,
            "지역구공급총점":100.0,
            "역세권":80,
            "30분내 이동가능 거점":60,
            "1시간내 이동가능 거점":80,
            "교통총점":74.0,
            "백화점":0,
            "아울렛몰":80,
            "대형마트":80,
            "은행":0,
            "병원":60,
            "종합병원":80,
            "공원":100,
            "혐오시설":0,
            "인프라총점":45.0,
            "초등학군":90.0,
            "중학군":40.8,
            "학군총점":50.64,
            "인구수":41.61,
            "인구증감":-9.65,
            "인구총점":26.232,
            "일자리":19.56,
            "소득수준":100.0,
            "일자리총점":43.692,
            "가치 총점":55.296,
            "매매실거래년":20211103.0,
            "매매실거래가":49000.0,
            "전세실거래년":20220205.0,
            "전세실거래가":30000.0,
            "전세가율":61.22,
            "장기전세가율평균":73.1,
            "전세가율거품지수":11.88,
            "검색코드":25982,
            "세대수":363.0,
            "준공년월":"2007-08-29",
            "준공년차":16.0,
            "가까운역이름":"오목천",
            "가까운역거리":240.39,
            "역세권여부":"역세권",
            "30분이내주요거점역":3,
            "30분거점역이름":"['수원시청', '수원', '안산']",
            "1시간이내주요거점역":8,
            "1시간거점역이름":"['판교', '정자', '수원시청', '평촌', '수원', '안산', '서현', 'GTX용인(2023년)']",
            "3km이내백화점수":0,
            "5km이내아울렛몰수":1,
            "1km이내대형먀트수":1,
            "500m이내은행수":1,
            "500m이내병원수":14,
            "5km이내대형병원수":1,
            "500m이내공원수":6,
            "3km이내혐오시설수":0,
            "초등학교학업성취도":90.0,
            "중학교학업성취도":67.0,
            "용적률":229,
            "건폐율":20,
            "Y":37.245186,
            "X":126.965356,
            "rank":43.0,
            "area_info":"24평(80.62), 32평(108.18)",
            "last_sales":"2021-11-03,49000.0,24평(80.62)",
            "rank_history":[
                [
                    "202203",
                    43
                ],
                [
                    "202202",
                    84
                ],
                [
                    "202201",
                    76
                ]
            ],
            "rank_gap":41
        },
        {
            "index":162,
            "아파트명":"두산동아",
            "투자타입":"일반",
            "전용면적(m2)":"125.32",
            "전용면적(평)":"37평",
            "법정동주소":"경기도 수원시 권선구 권선동 1199-1",
            "도로명주소":"경기도 수원시 권선구 덕영대로1217번길 24",
            "세대수":80,
            "입주년차":0,
            "용적률점수":"--",
            "건폐율점수":"--",
            "세대당주차수":30,
            "난방방식":100,
            "공급면적":"--",
            "전용률":"--",
            "욕실수":100,
            "현관타입":100,
            "주거총점":62.5,
            "지역구공급총점":100.0,
            "역세권":0,
            "30분내 이동가능 거점":40,
            "1시간내 이동가능 거점":60,
            "교통총점":24.0,
            "백화점":100,
            "아울렛몰":100,
            "대형마트":100,
            "은행":20,
            "병원":80,
            "종합병원":100,
            "공원":100,
            "혐오시설":0,
            "인프라총점":88.0,
            "초등학군":89.98,
            "중학군":43.48,
            "학군총점":52.78,
            "인구수":41.61,
            "인구증감":-9.65,
            "인구총점":26.232,
            "일자리":19.56,
            "소득수준":100.0,
            "일자리총점":43.692,
            "가치 총점":55.217,
            "매매실거래년":20211229.0,
            "매매실거래가":60000.0,
            "전세실거래년":20220211.0,
            "전세실거래가":31000.0,
            "전세가율":56.36,
            "장기전세가율평균":73.1,
            "전세가율거품지수":16.74,
            "검색코드":1753,
            "세대수":714.0,
            "준공년월":"1994-04-23",
            "준공년차":29.0,
            "가까운역이름":"세류",
            "가까운역거리":1202.17,
            "역세권여부":"비역세권",
            "30분이내주요거점역":2,
            "30분거점역이름":"['수원시청', '수원']",
            "1시간이내주요거점역":6,
            "1시간거점역이름":"['정자', '수원시청', '평촌', '수원', '서현', 'GTX용인(2023년)']",
            "3km이내백화점수":2,
            "5km이내아울렛몰수":2,
            "1km이내대형먀트수":3,
            "500m이내은행수":2,
            "500m이내병원수":32,
            "5km이내대형병원수":4,
            "500m이내공원수":10,
            "3km이내혐오시설수":0,
            "초등학교학업성취도":89.98,
            "중학교학업성취도":72.0,
            "용적률":208,
            "건폐율":24,
            "Y":37.249615,
            "X":127.025307,
            "rank":44.0,
            "area_info":"37평(125.32), 48평(161.49)",
            "last_sales":"2021-12-29,60000.0,48평(161.49)",
            "rank_history":[
                [
                    "202203",
                    44
                ],
                [
                    "202202",
                    32
                ],
                [
                    "202201",
                    31
                ]
            ],
            "rank_gap":-12
        },
        {
            "index":392,
            "아파트명":"호반베르디움더센트럴",
            "투자타입":"일반",
            "전용면적(m2)":"111.4",
            "전용면적(평)":"33평",
            "법정동주소":"경기도 수원시 권선구 금곡동 1147",
            "도로명주소":"경기도 수원시 권선구 매곡로 43",
            "세대수":90,
            "입주년차":80,
            "용적률점수":"--",
            "건폐율점수":"--",
            "세대당주차수":30,
            "난방방식":100,
            "공급면적":"--",
            "전용률":"--",
            "욕실수":100,
            "현관타입":100,
            "주거총점":82.0,
            "지역구공급총점":100.0,
            "역세권":80,
            "30분내 이동가능 거점":0,
            "1시간내 이동가능 거점":20,
            "교통총점":44.0,
            "백화점":0,
            "아울렛몰":80,
            "대형마트":80,
            "은행":0,
            "병원":60,
            "종합병원":100,
            "공원":100,
            "혐오시설":0,
            "인프라총점":49.0,
            "초등학군":89.99,
            "중학군":48.22,
            "학군총점":56.574,
            "인구수":41.61,
            "인구증감":-9.65,
            "인구총점":26.232,
            "일자리":19.56,
            "소득수준":100.0,
            "일자리총점":43.692,
            "가치 총점":54.9861,
            "매매실거래년":20220209.0,
            "매매실거래가":79000.0,
            "전세실거래년":20220219.0,
            "전세실거래가":35700.0,
            "전세가율":45.19,
            "장기전세가율평균":73.1,
            "전세가율거품지수":27.91,
            "검색코드":109819,
            "세대수":1100.0,
            "준공년월":"2017-06-16",
            "준공년차":6.0,
            "가까운역이름":"호매실 (2028년 예정)",
            "가까운역거리":400.25,
            "역세권여부":"역세권",
            "30분이내주요거점역":0,
            "30분거점역이름":"[]",
            "1시간이내주요거점역":2,
            "1시간거점역이름":"['수원시청', '수원']",
            "3km이내백화점수":0,
            "5km이내아울렛몰수":1,
            "1km이내대형먀트수":1,
            "500m이내은행수":0,
            "500m이내병원수":19,
            "5km이내대형병원수":2,
            "500m이내공원수":8,
            "3km이내혐오시설수":0,
            "초등학교학업성취도":89.99,
            "중학교학업성취도":79.7,
            "용적률":198,
            "건폐율":15,
            "Y":37.270272,
            "X":126.951303,
            "rank":45.0,
            "area_info":"33평(111.4), 33평(111.71), 34평(112.86)",
            "last_sales":"2022-02-09,79000.0,33평(111.4)",
            "rank_history":[
                [
                    "202203",
                    45
                ],
                [
                    "202202",
                    66
                ],
                [
                    "202201",
                    65
                ]
            ],
            "rank_gap":21
        },
        {
            "index":395,
            "아파트명":"호반써밋수원",
            "투자타입":"일반",
            "전용면적(m2)":"110.82",
            "전용면적(평)":"33평",
            "법정동주소":"경기도 수원시 권선구 금곡동 1146",
            "도로명주소":"경기도 수원시 권선구 매곡로 67",
            "세대수":50,
            "입주년차":80,
            "용적률점수":"--",
            "건폐율점수":"--",
            "세대당주차수":30,
            "난방방식":100,
            "공급면적":"--",
            "전용률":"--",
            "욕실수":100,
            "현관타입":100,
            "주거총점":68.0,
            "지역구공급총점":100.0,
            "역세권":80,
            "30분내 이동가능 거점":0,
            "1시간내 이동가능 거점":50,
            "교통총점":50.0,
            "백화점":0,
            "아울렛몰":80,
            "대형마트":80,
            "은행":0,
            "병원":80,
            "종합병원":100,
            "공원":100,
            "혐오시설":0,
            "인프라총점":51.0,
            "초등학군":89.99,
            "중학군":48.22,
            "학군총점":56.574,
            "인구수":41.61,
            "인구증감":-9.65,
            "인구총점":26.232,
            "일자리":19.56,
            "소득수준":100.0,
            "일자리총점":43.692,
            "가치 총점":54.8861,
            "매매실거래년":20220214.0,
            "매매실거래가":80000.0,
            "전세실거래년":20211211.0,
            "전세실거래가":49000.0,
            "전세가율":59.98,
            "장기전세가율평균":73.1,
            "전세가율거품지수":13.12,
            "검색코드":109632,
            "세대수":567.0,
            "준공년월":"2017-04-03",
            "준공년차":6.0,
            "가까운역이름":"호매실 (2028년 예정)",
            "가까운역거리":283.48,
            "역세권여부":"역세권",
            "30분이내주요거점역":0,
            "30분거점역이름":"[]",
            "1시간이내주요거점역":5,
            "1시간거점역이름":"['강남', '수원시청', '평촌', '가산디지털단지', '수원']",
            "3km이내백화점수":0,
            "5km이내아울렛몰수":1,
            "1km이내대형먀트수":1,
            "500m이내은행수":0,
            "500m이내병원수":31,
            "5km이내대형병원수":2,
            "500m이내공원수":12,
            "3km이내혐오시설수":0,
            "초등학교학업성취도":89.99,
            "중학교학업성취도":79.7,
            "용적률":199,
            "건폐율":16,
            "Y":37.271849,
            "X":126.953555,
            "rank":46.0,
            "area_info":"33평(110.82), 33평(111.99)",
            "last_sales":"2022-02-14,80000.0,33평(111.99)",
            "rank_history":[
                [
                    "202203",
                    46
                ],
                [
                    "202202",
                    67
                ],
                [
                    "202201",
                    69
                ]
            ],
            "rank_gap":21
        },
        {
            "index":489,
            "아파트명":"장미",
            "투자타입":"재건축",
            "전용면적(m2)":"75.46",
            "전용면적(평)":"22평",
            "법정동주소":"경기도 수원시 권선구 세류동 531",
            "도로명주소":"경기도 수원시 권선구 정조로536번길 7",
            "세대수":0,
            "입주년차":"--",
            "용적률점수":80,
            "건폐율점수":0,
            "세대당주차수":"--",
            "난방방식":"--",
            "공급면적":50,
            "전용률":60,
            "욕실수":"--",
            "현관타입":"--",
            "주거총점":37.5,
            "지역구공급총점":100.0,
            "역세권":50,
            "30분내 이동가능 거점":40,
            "1시간내 이동가능 거점":60,
            "교통총점":49.0,
            "백화점":100,
            "아울렛몰":80,
            "대형마트":80,
            "은행":0,
            "병원":60,
            "종합병원":100,
            "공원":100,
            "혐오시설":0,
            "인프라총점":79.0,
            "초등학군":90.0,
            "중학군":30.74,
            "학군총점":42.592,
            "인구수":41.61,
            "인구증감":-9.65,
            "인구총점":26.232,
            "일자리":19.56,
            "소득수준":100.0,
            "일자리총점":43.692,
            "가치 총점":54.7388,
            "매매실거래년":20211115.0,
            "매매실거래가":26000.0,
            "전세실거래년":20210526.0,
            "전세실거래가":15000.0,
            "전세가율":60.0,
            "장기전세가율평균":73.1,
            "전세가율거품지수":13.1,
            "검색코드":13207,
            "세대수":170.0,
            "준공년월":"1983-12-24",
            "준공년차":40.0,
            "가까운역이름":"매교",
            "가까운역거리":978.04,
            "역세권여부":"준역세권",
            "30분이내주요거점역":2,
            "30분거점역이름":"['수원시청', '수원']",
            "1시간이내주요거점역":6,
            "1시간거점역이름":"['정자', '수원시청', '수원', '안산', '서현', 'GTX용인(2023년)']",
            "3km이내백화점수":2,
            "5km이내아울렛몰수":1,
            "1km이내대형먀트수":1,
            "500m이내은행수":1,
            "500m이내병원수":28,
            "5km이내대형병원수":5,
            "500m이내공원수":4,
            "3km이내혐오시설수":0,
            "초등학교학업성취도":90.0,
            "중학교학업성취도":50.7,
            "용적률":159,
            "건폐율":0,
            "Y":37.25737,
            "X":127.01173,
            "rank":47.0,
            "area_info":"22평(75.46), 23평(78.7), 24평(82.22), 25평(83.88), 26평(86.72), 26평(87.88), 26평(87.98), 28평(93.46)",
            "last_sales":"2021-11-15,26000.0,25평(83.88)",
            "rank_history":[
                [
                    "202203",
                    47
                ],
                [
                    "202202",
                    28
                ],
                [
                    "202201",
                    35
                ]
            ],
            "rank_gap":-19
        },
        {
            "index":278,
            "아파트명":"신동아,대원",
            "투자타입":"일반",
            "전용면적(m2)":"80.78",
            "전용면적(평)":"24평",
            "법정동주소":"경기도 수원시 권선구 권선동 1274",
            "도로명주소":"경기도 수원시 권선구 권중로 136",
            "세대수":90,
            "입주년차":0,
            "용적률점수":"--",
            "건폐율점수":"--",
            "세대당주차수":30,
            "난방방식":100,
            "공급면적":"--",
            "전용률":"--",
            "욕실수":50,
            "현관타입":10,
            "주거총점":52.0,
            "지역구공급총점":100.0,
            "역세권":50,
            "30분내 이동가능 거점":40,
            "1시간내 이동가능 거점":80,
            "교통총점":53.0,
            "백화점":0,
            "아울렛몰":100,
            "대형마트":100,
            "은행":20,
            "병원":60,
            "종합병원":100,
            "공원":100,
            "혐오시설":0,
            "인프라총점":56.0,
            "초등학군":89.99,
            "중학군":51.6,
            "학군총점":59.278,
            "인구수":41.61,
            "인구증감":-9.65,
            "인구총점":26.232,
            "일자리":19.56,
            "소득수준":100.0,
            "일자리총점":43.692,
            "가치 총점":54.6417,
            "매매실거래년":20220111.0,
            "매매실거래가":38000.0,
            "전세실거래년":20220219.0,
            "전세실거래가":18900.0,
            "전세가율":49.74,
            "장기전세가율평균":73.1,
            "전세가율거품지수":23.36,
            "검색코드":1762,
            "세대수":1020.0,
            "준공년월":"1996-04-20",
            "준공년차":27.0,
            "가까운역이름":"매탄권선",
            "가까운역거리":867.47,
            "역세권여부":"준역세권",
            "30분이내주요거점역":2,
            "30분거점역이름":"['수원시청', '수원']",
            "1시간이내주요거점역":8,
            "1시간거점역이름":"['판교', '정자', '수원시청', '수원', '안산', '서현', 'GTX용인(2023년)', 'GTX동탄(2023년)']",
            "3km이내백화점수":0,
            "5km이내아울렛몰수":2,
            "1km이내대형먀트수":3,
            "500m이내은행수":2,
            "500m이내병원수":29,
            "5km이내대형병원수":4,
            "500m이내공원수":8,
            "3km이내혐오시설수":0,
            "초등학교학업성취도":89.99,
            "중학교학업성취도":83.4,
            "용적률":195,
            "건폐율":20,
            "Y":37.248752,
            "X":127.032217,
            "rank":48.0,
            "area_info":"24평(80.78), 24평(80.68)",
            "last_sales":"2022-01-11,38000.0,24평(80.78)",
            "rank_history":[
                [
                    "202203",
                    48
                ],
                [
                    "202202",
                    34
                ],
                [
                    "202201",
                    33
                ]
            ],
            "rank_gap":-14
        },
        {
            "index":533,
            "아파트명":"오목천푸르지오2단지",
            "투자타입":"일반",
            "전용면적(m2)":"80.42",
            "전용면적(평)":"24평",
            "법정동주소":"경기도 수원시 권선구 오목천동 956",
            "도로명주소":"경기도 수원시 권선구 서수원로183번길 2",
            "세대수":50,
            "입주년차":40,
            "용적률점수":"--",
            "건폐율점수":"--",
            "세대당주차수":0,
            "난방방식":30,
            "공급면적":"--",
            "전용률":"--",
            "욕실수":100,
            "현관타입":100,
            "주거총점":48.5,
            "지역구공급총점":100.0,
            "역세권":80,
            "30분내 이동가능 거점":40,
            "1시간내 이동가능 거점":80,
            "교통총점":68.0,
            "백화점":0,
            "아울렛몰":80,
            "대형마트":80,
            "은행":0,
            "병원":60,
            "종합병원":80,
            "공원":100,
            "혐오시설":0,
            "인프라총점":45.0,
            "초등학군":90.0,
            "중학군":40.8,
            "학군총점":50.64,
            "인구수":41.61,
            "인구증감":-9.65,
            "인구총점":26.232,
            "일자리":19.56,
            "소득수준":100.0,
            "일자리총점":43.692,
            "가치 총점":54.596,
            "매매실거래년":20220223.0,
            "매매실거래가":44000.0,
            "전세실거래년":20220225.0,
            "전세실거래가":33000.0,
            "전세가율":75.0,
            "장기전세가율평균":73.1,
            "전세가율거품지수":-1.9,
            "검색코드":19015,
            "세대수":413.0,
            "준공년월":"2006-01-23",
            "준공년차":17.0,
            "가까운역이름":"오목천",
            "가까운역거리":364.02,
            "역세권여부":"역세권",
            "30분이내주요거점역":2,
            "30분거점역이름":"['수원시청', '수원']",
            "1시간이내주요거점역":8,
            "1시간거점역이름":"['판교', '정자', '수원시청', '평촌', '수원', '안산', '서현', 'GTX용인(2023년)']",
            "3km이내백화점수":0,
            "5km이내아울렛몰수":1,
            "1km이내대형먀트수":1,
            "500m이내은행수":1,
            "500m이내병원수":14,
            "5km이내대형병원수":1,
            "500m이내공원수":5,
            "3km이내혐오시설수":0,
            "초등학교학업성취도":90.0,
            "중학교학업성취도":67.0,
            "용적률":239,
            "건폐율":21,
            "Y":37.244145,
            "X":126.967895,
            "rank":49.0,
            "area_info":"24평(80.42), 32평(107.35), 33평(111.62)",
            "last_sales":"2022-02-23,44000.0,24평(80.42)",
            "rank_history":[
                [
                    "202203",
                    49
                ],
                [
                    "202202",
                    80
                ],
                [
                    "202201",
                    72
                ]
            ],
            "rank_gap":31
        },
        {
            "index":539,
            "아파트명":"청구2차",
            "투자타입":"일반",
            "전용면적(m2)":"80.89",
            "전용면적(평)":"24평",
            "법정동주소":"경기도 수원시 권선구 오목천동 381",
            "도로명주소":"경기도 수원시 권선구 매송고색로506번길 17",
            "세대수":50,
            "입주년차":20,
            "용적률점수":"--",
            "건폐율점수":"--",
            "세대당주차수":30,
            "난방방식":30,
            "공급면적":"--",
            "전용률":"--",
            "욕실수":100,
            "현관타입":100,
            "주거총점":49.0,
            "지역구공급총점":100.0,
            "역세권":80,
            "30분내 이동가능 거점":60,
            "1시간내 이동가능 거점":100,
            "교통총점":78.0,
            "백화점":0,
            "아울렛몰":80,
            "대형마트":0,
            "은행":0,
            "병원":60,
            "종합병원":80,
            "공원":100,
            "혐오시설":0,
            "인프라총점":33.0,
            "초등학군":89.99,
            "중학군":40.8,
            "학군총점":50.638,
            "인구수":41.61,
            "인구증감":-9.65,
            "인구총점":26.232,
            "일자리":19.56,
            "소득수준":100.0,
            "일자리총점":43.692,
            "가치 총점":54.5957,
            "매매실거래년":20211204.0,
            "매매실거래가":56000.0,
            "전세실거래년":20210809.0,
            "전세실거래가":30000.0,
            "전세가율":88.24,
            "장기전세가율평균":73.1,
            "전세가율거품지수":-15.14,
            "검색코드":11214,
            "세대수":490.0,
            "준공년월":"2002-09-30",
            "준공년차":21.0,
            "가까운역이름":"오목천",
            "가까운역거리":179.83,
            "역세권여부":"역세권",
            "30분이내주요거점역":3,
            "30분거점역이름":"['수원시청', '수원', '안산']",
            "1시간이내주요거점역":10,
            "1시간거점역이름":"['판교', '여의도', '정자', '수원시청', '평촌', '수원', '안산', '서현', 'GTX용인(2023년)', 'GTX동탄(2023년)']",
            "3km이내백화점수":0,
            "5km이내아울렛몰수":1,
            "1km이내대형먀트수":0,
            "500m이내은행수":1,
            "500m이내병원수":14,
            "5km이내대형병원수":1,
            "500m이내공원수":2,
            "3km이내혐오시설수":0,
            "초등학교학업성취도":89.99,
            "중학교학업성취도":67.0,
            "용적률":223,
            "건폐율":18,
            "Y":37.243697,
            "X":126.961916,
            "rank":50.0,
            "area_info":"24평(80.89), 33평(111.13), 47평(155.54)",
            "last_sales":"2021-12-04,56000.0,33평(111.13)",
            "rank_history":[
                [
                    "202203",
                    50
                ],
                [
                    "202202",
                    94
                ],
                [
                    "202201",
                    89
                ]
            ],
            "rank_gap":44
        },
        {
            "index":301,
            "아파트명":"우남2차",
            "투자타입":"일반",
            "전용면적(m2)":"130.59",
            "전용면적(평)":"39평",
            "법정동주소":"경기도 수원시 권선구 권선동 1320",
            "도로명주소":"경기도 수원시 권선구 덕영대로1323번길 26-7",
            "세대수":0,
            "입주년차":20,
            "용적률점수":"--",
            "건폐율점수":"--",
            "세대당주차수":60,
            "난방방식":100,
            "공급면적":"--",
            "전용률":"--",
            "욕실수":100,
            "현관타입":100,
            "주거총점":43.0,
            "지역구공급총점":100.0,
            "역세권":50,
            "30분내 이동가능 거점":40,
            "1시간내 이동가능 거점":100,
            "교통총점":57.0,
            "백화점":0,
            "아울렛몰":100,
            "대형마트":100,
            "은행":20,
            "병원":60,
            "종합병원":100,
            "공원":100,
            "혐오시설":0,
            "인프라총점":56.0,
            "초등학군":89.99,
            "중학군":51.6,
            "학군총점":59.278,
            "인구수":41.61,
            "인구증감":-9.65,
            "인구총점":26.232,
            "일자리":19.56,
            "소득수준":100.0,
            "일자리총점":43.692,
            "가치 총점":54.2417,
            "매매실거래년":20210904.0,
            "매매실거래가":70500.0,
            "전세실거래년":20220105.0,
            "전세실거래가":39000.0,
            "전세가율":63.93,
            "장기전세가율평균":73.1,
            "전세가율거품지수":9.17,
            "검색코드":9676,
            "세대수":179.0,
            "준공년월":"2000-08-09",
            "준공년차":23.0,
            "가까운역이름":"매탄권선",
            "가까운역거리":575.8,
            "역세권여부":"준역세권",
            "30분이내주요거점역":2,
            "30분거점역이름":"['수원시청', '수원']",
            "1시간이내주요거점역":10,
            "1시간거점역이름":"['판교', '정자', '수원시청', '평촌', '수원', '안산', '서현', 'GTX성남(2023년)', 'GTX용인(2023년)', 'GTX동탄(2023년)']",
            "3km이내백화점수":0,
            "5km이내아울렛몰수":2,
            "1km이내대형먀트수":2,
            "500m이내은행수":2,
            "500m이내병원수":22,
            "5km이내대형병원수":4,
            "500m이내공원수":8,
            "3km이내혐오시설수":0,
            "초등학교학업성취도":89.99,
            "중학교학업성취도":83.4,
            "용적률":219,
            "건폐율":21,
            "Y":37.248429,
            "X":127.036797,
            "rank":51.0,
            "area_info":"39평(130.59), 49평(162.7)",
            "last_sales":"2021-09-04,70500.0,49평(162.7)",
            "rank_history":[
                [
                    "202203",
                    51
                ],
                [
                    "202202",
                    33
                ],
                [
                    "202201",
                    32
                ]
            ],
            "rank_gap":-18
        },
        {
            "index":286,
            "아파트명":"신우",
            "투자타입":"일반",
            "전용면적(m2)":"93.31",
            "전용면적(평)":"28평",
            "법정동주소":"경기도 수원시 권선구 권선동 1263",
            "도로명주소":"경기도 수원시 권선구 권중로 82",
            "세대수":50,
            "입주년차":0,
            "용적률점수":"--",
            "건폐율점수":"--",
            "세대당주차수":60,
            "난방방식":100,
            "공급면적":"--",
            "전용률":"--",
            "욕실수":50,
            "현관타입":100,
            "주거총점":51.5,
            "지역구공급총점":100.0,
            "역세권":0,
            "30분내 이동가능 거점":40,
            "1시간내 이동가능 거점":80,
            "교통총점":28.0,
            "백화점":100,
            "아울렛몰":100,
            "대형마트":100,
            "은행":20,
            "병원":60,
            "종합병원":100,
            "공원":100,
            "혐오시설":0,
            "인프라총점":86.0,
            "초등학군":89.98,
            "중학군":43.48,
            "학군총점":52.78,
            "인구수":41.61,
            "인구증감":-9.65,
            "인구총점":26.232,
            "일자리":19.56,
            "소득수준":100.0,
            "일자리총점":43.692,
            "가치 총점":53.817,
            "매매실거래년":20211217.0,
            "매매실거래가":33000.0,
            "전세실거래년":20210909.0,
            "전세실거래가":35000.0,
            "전세가율":106.06,
            "장기전세가율평균":73.1,
            "전세가율거품지수":-32.96,
            "검색코드":1764,
            "세대수":518.0,
            "준공년월":"1996-04-25",
            "준공년차":27.0,
            "가까운역이름":"매탄권선",
            "가까운역거리":1106.93,
            "역세권여부":"비역세권",
            "30분이내주요거점역":2,
            "30분거점역이름":"['수원시청', '수원']",
            "1시간이내주요거점역":8,
            "1시간거점역이름":"['판교', '정자', '수원시청', '평촌', '수원', '안산', '서현', 'GTX용인(2023년)']",
            "3km이내백화점수":1,
            "5km이내아울렛몰수":2,
            "1km이내대형먀트수":3,
            "500m이내은행수":2,
            "500m이내병원수":21,
            "5km이내대형병원수":4,
            "500m이내공원수":12,
            "3km이내혐오시설수":0,
            "초등학교학업성취도":89.98,
            "중학교학업성취도":72.0,
            "용적률":210,
            "건폐율":18,
            "Y":37.251208,
            "X":127.028409,
            "rank":52.0,
            "area_info":"28평(93.31), 31평(105.57)",
            "last_sales":"2021-12-17,33000.0,28평(93.31)",
            "rank_history":[
                [
                    "202203",
                    52
                ],
                [
                    "202202",
                    36
                ],
                [
                    "202201",
                    34
                ]
            ],
            "rank_gap":-16
        },
        {
            "index":118,
            "아파트명":"권선3지구써미트빌",
            "투자타입":"일반",
            "전용면적(m2)":"127.62",
            "전용면적(평)":"38평",
            "법정동주소":"경기도 수원시 권선구 권선동 1323",
            "도로명주소":"경기도 수원시 권선구 덕영대로1323번길 26-24",
            "세대수":0,
            "입주년차":20,
            "용적률점수":"--",
            "건폐율점수":"--",
            "세대당주차수":60,
            "난방방식":100,
            "공급면적":"--",
            "전용률":"--",
            "욕실수":100,
            "현관타입":100,
            "주거총점":43.0,
            "지역구공급총점":100.0,
            "역세권":50,
            "30분내 이동가능 거점":40,
            "1시간내 이동가능 거점":90,
            "교통총점":55.0,
            "백화점":0,
            "아울렛몰":100,
            "대형마트":100,
            "은행":20,
            "병원":30,
            "종합병원":100,
            "공원":100,
            "혐오시설":0,
            "인프라총점":53.0,
            "초등학군":89.99,
            "중학군":51.6,
            "학군총점":59.278,
            "인구수":41.61,
            "인구증감":-9.65,
            "인구총점":26.232,
            "일자리":19.56,
            "소득수준":100.0,
            "일자리총점":43.692,
            "가치 총점":52.6417,
            "매매실거래년":20211112.0,
            "매매실거래가":70000.0,
            "전세실거래년":20200221.0,
            "전세실거래가":29500.0,
            "전세가율":59.0,
            "장기전세가율평균":73.1,
            "전세가율거품지수":14.1,
            "검색코드":3626,
            "세대수":223.0,
            "준공년월":"2001-09-19",
            "준공년차":22.0,
            "가까운역이름":"매탄권선",
            "가까운역거리":718.85,
            "역세권여부":"준역세권",
            "30분이내주요거점역":2,
            "30분거점역이름":"['수원시청', '수원']",
            "1시간이내주요거점역":9,
            "1시간거점역이름":"['판교', '정자', '수원시청', '평촌', '수원', '안산', '서현', 'GTX용인(2023년)', 'GTX동탄(2023년)']",
            "3km이내백화점수":0,
            "5km이내아울렛몰수":2,
            "1km이내대형먀트수":2,
            "500m이내은행수":2,
            "500m이내병원수":9,
            "5km이내대형병원수":5,
            "500m이내공원수":7,
            "3km이내혐오시설수":0,
            "초등학교학업성취도":89.99,
            "중학교학업성취도":83.4,
            "용적률":221,
            "건폐율":23,
            "Y":37.246465,
            "X":127.037915,
            "rank":53.0,
            "area_info":"38평(127.62), 39평(129.88), 42평(138.94), 42평(139.19), 47평(156.44)",
            "last_sales":"2021-11-12,70000.0,47평(156.44)",
            "rank_history":[
                [
                    "202203",
                    53
                ],
                [
                    "202202",
                    37
                ],
                [
                    "202201",
                    38
                ]
            ],
            "rank_gap":-16
        },
        {
            "index":299,
            "아파트명":"우남1차",
            "투자타입":"일반",
            "전용면적(m2)":"78.17",
            "전용면적(평)":"23평",
            "법정동주소":"경기도 수원시 권선구 권선동 1315",
            "도로명주소":"경기도 수원시 권선구 덕영대로1323번길 25-33",
            "세대수":0,
            "입주년차":20,
            "용적률점수":"--",
            "건폐율점수":"--",
            "세대당주차수":30,
            "난방방식":100,
            "공급면적":"--",
            "전용률":"--",
            "욕실수":100,
            "현관타입":100,
            "주거총점":38.5,
            "지역구공급총점":100.0,
            "역세권":50,
            "30분내 이동가능 거점":40,
            "1시간내 이동가능 거점":90,
            "교통총점":55.0,
            "백화점":0,
            "아울렛몰":100,
            "대형마트":100,
            "은행":20,
            "병원":60,
            "종합병원":100,
            "공원":100,
            "혐오시설":0,
            "인프라총점":56.0,
            "초등학군":89.99,
            "중학군":51.6,
            "학군총점":59.278,
            "인구수":41.61,
            "인구증감":-9.65,
            "인구총점":26.232,
            "일자리":19.56,
            "소득수준":100.0,
            "일자리총점":43.692,
            "가치 총점":52.6417,
            "매매실거래년":20220211.0,
            "매매실거래가":40500.0,
            "전세실거래년":20211214.0,
            "전세실거래가":19500.0,
            "전세가율":42.39,
            "장기전세가율평균":73.1,
            "전세가율거품지수":30.71,
            "검색코드":9675,
            "세대수":290.0,
            "준공년월":"2002-06-07",
            "준공년차":21.0,
            "가까운역이름":"매탄권선",
            "가까운역거리":856.31,
            "역세권여부":"준역세권",
            "30분이내주요거점역":2,
            "30분거점역이름":"['수원시청', '수원']",
            "1시간이내주요거점역":9,
            "1시간거점역이름":"['판교', '정자', '수원시청', '평촌', '수원', '안산', '서현', 'GTX용인(2023년)', 'GTX동탄(2023년)']",
            "3km이내백화점수":0,
            "5km이내아울렛몰수":2,
            "1km이내대형먀트수":2,
            "500m이내은행수":2,
            "500m이내병원수":29,
            "5km이내대형병원수":4,
            "500m이내공원수":8,
            "3km이내혐오시설수":0,
            "초등학교학업성취도":89.99,
            "중학교학업성취도":83.4,
            "용적률":204,
            "건폐율":24,
            "Y":37.247626,
            "X":127.033324,
            "rank":53.0,
            "area_info":"23평(78.17), 25평(82.74)",
            "last_sales":"2022-02-11,40500.0,25평(82.74)",
            "rank_history":[
                [
                    "202203",
                    53
                ],
                [
                    "202202",
                    39
                ],
                [
                    "202201",
                    41
                ]
            ],
            "rank_gap":-14
        },
        {
            "index":164,
            "아파트명":"벽산",
            "투자타입":"일반",
            "전용면적(m2)":"104.75",
            "전용면적(평)":"31평",
            "법정동주소":"경기도 수원시 권선구 권선동 1270",
            "도로명주소":"경기도 수원시 권선구 권중로 158",
            "세대수":30,
            "입주년차":0,
            "용적률점수":"--",
            "건폐율점수":"--",
            "세대당주차수":30,
            "난방방식":100,
            "공급면적":"--",
            "전용률":"--",
            "욕실수":100,
            "현관타입":100,
            "주거총점":45.0,
            "지역구공급총점":100.0,
            "역세권":50,
            "30분내 이동가능 거점":20,
            "1시간내 이동가능 거점":70,
            "교통총점":45.0,
            "백화점":0,
            "아울렛몰":100,
            "대형마트":100,
            "은행":70,
            "병원":80,
            "종합병원":100,
            "공원":100,
            "혐오시설":0,
            "인프라총점":63.0,
            "초등학군":89.99,
            "중학군":51.6,
            "학군총점":59.278,
            "인구수":41.61,
            "인구증감":-9.65,
            "인구총점":26.232,
            "일자리":19.56,
            "소득수준":100.0,
            "일자리총점":43.692,
            "가치 총점":52.5417,
            "매매실거래년":20211025.0,
            "매매실거래가":51300.0,
            "전세실거래년":20211111.0,
            "전세실거래가":38000.0,
            "전세가율":74.07,
            "장기전세가율평균":73.1,
            "전세가율거품지수":-0.97,
            "검색코드":1754,
            "세대수":368.0,
            "준공년월":"1996-02-17",
            "준공년차":27.0,
            "가까운역이름":"매탄권선",
            "가까운역거리":733.04,
            "역세권여부":"준역세권",
            "30분이내주요거점역":1,
            "30분거점역이름":"['수원시청']",
            "1시간이내주요거점역":7,
            "1시간거점역이름":"['판교', '정자', '수원시청', '수원', '안산', '서현', 'GTX용인(2023년)']",
            "3km이내백화점수":0,
            "5km이내아울렛몰수":2,
            "1km이내대형먀트수":3,
            "500m이내은행수":3,
            "500m이내병원수":34,
            "5km이내대형병원수":3,
            "500m이내공원수":13,
            "3km이내혐오시설수":0,
            "초등학교학업성취도":89.99,
            "중학교학업성취도":83.4,
            "용적률":218,
            "건폐율":24,
            "Y":37.250569,
            "X":127.032892,
            "rank":54.0,
            "area_info":"31평(104.75), 31평(105.06)",
            "last_sales":"2021-10-25,51300.0,31평(104.75)",
            "rank_history":[
                [
                    "202203",
                    54
                ],
                [
                    "202202",
                    35
                ],
                [
                    "202201",
                    36
                ]
            ],
            "rank_gap":-19
        },
        {
            "index":530,
            "아파트명":"오목천푸르지오1단지",
            "투자타입":"일반",
            "전용면적(m2)":"80.43",
            "전용면적(평)":"24평",
            "법정동주소":"경기도 수원시 권선구 오목천동 951",
            "도로명주소":"경기도 수원시 권선구 서수원로 219",
            "세대수":30,
            "입주년차":40,
            "용적률점수":"--",
            "건폐율점수":"--",
            "세대당주차수":0,
            "난방방식":30,
            "공급면적":"--",
            "전용률":"--",
            "욕실수":100,
            "현관타입":100,
            "주거총점":41.5,
            "지역구공급총점":100.0,
            "역세권":80,
            "30분내 이동가능 거점":40,
            "1시간내 이동가능 거점":70,
            "교통총점":66.0,
            "백화점":0,
            "아울렛몰":80,
            "대형마트":80,
            "은행":0,
            "병원":60,
            "종합병원":80,
            "공원":100,
            "혐오시설":0,
            "인프라총점":45.0,
            "초등학군":90.0,
            "중학군":40.8,
            "학군총점":50.64,
            "인구수":41.61,
            "인구증감":-9.65,
            "인구총점":26.232,
            "일자리":19.56,
            "소득수준":100.0,
            "일자리총점":43.692,
            "가치 총점":52.496,
            "매매실거래년":20211120.0,
            "매매실거래가":59500.0,
            "전세실거래년":20210814.0,
            "전세실거래가":32000.0,
            "전세가율":65.31,
            "장기전세가율평균":73.1,
            "전세가율거품지수":7.79,
            "검색코드":19014,
            "세대수":380.0,
            "준공년월":"2006-01-23",
            "준공년차":17.0,
            "가까운역이름":"오목천",
            "가까운역거리":441.06,
            "역세권여부":"역세권",
            "30분이내주요거점역":2,
            "30분거점역이름":"['수원시청', '수원']",
            "1시간이내주요거점역":7,
            "1시간거점역이름":"['정자', '수원시청', '평촌', '수원', '안산', '서현', 'GTX용인(2023년)']",
            "3km이내백화점수":0,
            "5km이내아울렛몰수":1,
            "1km이내대형먀트수":1,
            "500m이내은행수":1,
            "500m이내병원수":13,
            "5km이내대형병원수":1,
            "500m이내공원수":5,
            "3km이내혐오시설수":0,
            "초등학교학업성취도":90.0,
            "중학교학업성취도":67.0,
            "용적률":239,
            "건폐율":21,
            "Y":37.246373,
            "X":126.967143,
            "rank":55.0,
            "area_info":"24평(80.43), 32평(107.4), 33평(111.67)",
            "last_sales":"2021-11-20,59500.0,33평(111.67)",
            "rank_history":[
                [
                    "202203",
                    55
                ],
                [
                    "202202",
                    90
                ],
                [
                    "202201",
                    81
                ]
            ],
            "rank_gap":35
        },
        {
            "index":113,
            "아파트명":"권선3주공1단지",
            "투자타입":"일반",
            "전용면적(m2)":"66.57",
            "전용면적(평)":"20평",
            "법정동주소":"경기도 수원시 권선구 권선동 1312",
            "도로명주소":"경기도 수원시 권선구 덕영대로1323번길 25-30",
            "세대수":30,
            "입주년차":20,
            "용적률점수":"--",
            "건폐율점수":"--",
            "세대당주차수":0,
            "난방방식":100,
            "공급면적":"--",
            "전용률":"--",
            "욕실수":50,
            "현관타입":100,
            "주거총점":39.5,
            "지역구공급총점":100.0,
            "역세권":50,
            "30분내 이동가능 거점":40,
            "1시간내 이동가능 거점":80,
            "교통총점":53.0,
            "백화점":0,
            "아울렛몰":100,
            "대형마트":100,
            "은행":20,
            "병원":60,
            "종합병원":100,
            "공원":100,
            "혐오시설":0,
            "인프라총점":56.0,
            "초등학군":89.99,
            "중학군":51.6,
            "학군총점":59.278,
            "인구수":41.61,
            "인구증감":-9.65,
            "인구총점":26.232,
            "일자리":19.56,
            "소득수준":100.0,
            "일자리총점":43.692,
            "가치 총점":52.1417,
            "매매실거래년":20220115.0,
            "매매실거래가":53500.0,
            "전세실거래년":20220112.0,
            "전세실거래가":18000.0,
            "전세가율":60.0,
            "장기전세가율평균":73.1,
            "전세가율거품지수":13.1,
            "검색코드":3625,
            "세대수":397.0,
            "준공년월":"2001-05-03",
            "준공년차":22.0,
            "가까운역이름":"매탄권선",
            "가까운역거리":765.02,
            "역세권여부":"준역세권",
            "30분이내주요거점역":2,
            "30분거점역이름":"['수원시청', '수원']",
            "1시간이내주요거점역":8,
            "1시간거점역이름":"['판교', '정자', '수원시청', '수원', '안산', '서현', 'GTX용인(2023년)', 'GTX동탄(2023년)']",
            "3km이내백화점수":0,
            "5km이내아울렛몰수":2,
            "1km이내대형먀트수":2,
            "500m이내은행수":2,
            "500m이내병원수":29,
            "5km이내대형병원수":4,
            "500m이내공원수":8,
            "3km이내혐오시설수":0,
            "초등학교학업성취도":89.99,
            "중학교학업성취도":83.4,
            "용적률":184,
            "건폐율":19,
            "Y":37.248584,
            "X":127.033707,
            "rank":56.0,
            "area_info":"20평(66.57), 24평(80.72), 34평(114.56), 34평(114.66)",
            "last_sales":"2022-01-15,53500.0,34평(114.66)",
            "rank_history":[
                [
                    "202203",
                    56
                ],
                [
                    "202202",
                    38
                ],
                [
                    "202201",
                    40
                ]
            ],
            "rank_gap":-18
        },
        {
            "index":497,
            "아파트명":"전원",
            "투자타입":"재건축",
            "전용면적(m2)":"75.29",
            "전용면적(평)":"22평",
            "법정동주소":"경기도 수원시 권선구 세류동 1010-1",
            "도로명주소":"경기도 수원시 권선구 세지로 21-1",
            "세대수":0,
            "입주년차":"--",
            "용적률점수":100,
            "건폐율점수":80,
            "세대당주차수":"--",
            "난방방식":"--",
            "공급면적":50,
            "전용률":60,
            "욕실수":"--",
            "현관타입":"--",
            "주거총점":61.5,
            "지역구공급총점":100.0,
            "역세권":0,
            "30분내 이동가능 거점":40,
            "1시간내 이동가능 거점":70,
            "교통총점":26.0,
            "백화점":100,
            "아울렛몰":80,
            "대형마트":100,
            "은행":0,
            "병원":60,
            "종합병원":100,
            "공원":100,
            "혐오시설":0,
            "인프라총점":82.0,
            "초등학군":90.0,
            "중학군":28.56,
            "학군총점":40.848,
            "인구수":41.61,
            "인구증감":-9.65,
            "인구총점":26.232,
            "일자리":19.56,
            "소득수준":100.0,
            "일자리총점":43.692,
            "가치 총점":52.1272,
            "매매실거래년":20210915.0,
            "매매실거래가":17600.0,
            "전세실거래년":20211105.0,
            "전세실거래가":13000.0,
            "전세가율":73.86,
            "장기전세가율평균":73.1,
            "전세가율거품지수":-0.76,
            "검색코드":25068,
            "세대수":50.0,
            "준공년월":"1989-12-20",
            "준공년차":34.0,
            "가까운역이름":"세류",
            "가까운역거리":1173.04,
            "역세권여부":"비역세권",
            "30분이내주요거점역":2,
            "30분거점역이름":"['수원시청', '수원']",
            "1시간이내주요거점역":7,
            "1시간거점역이름":"['정자', '수원시청', '평촌', '수원', '안산', 'GTX용인(2023년)', 'GTX동탄(2023년)']",
            "3km이내백화점수":2,
            "5km이내아울렛몰수":1,
            "1km이내대형먀트수":2,
            "500m이내은행수":1,
            "500m이내병원수":28,
            "5km이내대형병원수":6,
            "500m이내공원수":3,
            "3km이내혐오시설수":0,
            "초등학교학업성취도":90.0,
            "중학교학업성취도":47.6,
            "용적률":137,
            "건폐율":27,
            "Y":37.25439,
            "X":127.01483,
            "rank":57.0,
            "area_info":"22평(75.29), 23평(79.01), 24평(81.12), 25평(84.74), 29평(97.37)",
            "last_sales":"2021-09-15,17600.0,22평(75.29)",
            "rank_history":[
                [
                    "202203",
                    57
                ],
                [
                    "202202",
                    9999
                ]
            ],
            "rank_gap":9999
        },
        {
            "index":518,
            "아파트명":"영조아름다운나날1단지",
            "투자타입":"일반",
            "전용면적(m2)":"104.76",
            "전용면적(평)":"31평",
            "법정동주소":"경기도 수원시 권선구 오목천동 961",
            "도로명주소":"경기도 수원시 권선구 서수원로 161-11",
            "세대수":0,
            "입주년차":40,
            "용적률점수":"--",
            "건폐율점수":"--",
            "세대당주차수":30,
            "난방방식":30,
            "공급면적":"--",
            "전용률":"--",
            "욕실수":100,
            "현관타입":100,
            "주거총점":35.5,
            "지역구공급총점":100.0,
            "역세권":80,
            "30분내 이동가능 거점":40,
            "1시간내 이동가능 거점":90,
            "교통총점":70.0,
            "백화점":0,
            "아울렛몰":80,
            "대형마트":80,
            "은행":0,
            "병원":0,
            "종합병원":100,
            "공원":100,
            "혐오시설":0,
            "인프라총점":43.0,
            "초등학군":89.99,
            "중학군":40.8,
            "학군총점":50.638,
            "인구수":41.61,
            "인구증감":-9.65,
            "인구총점":26.232,
            "일자리":19.56,
            "소득수준":100.0,
            "일자리총점":43.692,
            "가치 총점":52.0957,
            "매매실거래년":20220115.0,
            "매매실거래가":52000.0,
            "전세실거래년":20211029.0,
            "전세실거래가":5000.0,
            "전세가율":9.62,
            "장기전세가율평균":73.1,
            "전세가율거품지수":63.48,
            "검색코드":19013,
            "세대수":178.0,
            "준공년월":"2006-12-15",
            "준공년차":17.0,
            "가까운역이름":"오목천",
            "가까운역거리":497.47,
            "역세권여부":"역세권",
            "30분이내주요거점역":2,
            "30분거점역이름":"['수원시청', '수원']",
            "1시간이내주요거점역":9,
            "1시간거점역이름":"['정자', '수원시청', '평촌', '가산디지털단지', '수원', '안산', '서현', 'GTX용인(2023년)', 'GTX동탄(2023년)']",
            "3km이내백화점수":0,
            "5km이내아울렛몰수":1,
            "1km이내대형먀트수":1,
            "500m이내은행수":0,
            "500m이내병원수":1,
            "5km이내대형병원수":2,
            "500m이내공원수":3,
            "3km이내혐오시설수":0,
            "초등학교학업성취도":89.99,
            "중학교학업성취도":67.0,
            "용적률":226,
            "건폐율":22,
            "Y":37.241352,
            "X":126.968925,
            "rank":58.0,
            "area_info":"31평(104.76), 33평(109.56), 34평(112.75)",
            "last_sales":"2022-01-15,52000.0,31평(104.76)",
            "rank_history":[
                [
                    "202203",
                    58
                ],
                [
                    "202202",
                    96
                ],
                [
                    "202201",
                    88
                ]
            ],
            "rank_gap":38
        },
        {
            "index":521,
            "아파트명":"영조아름다운나날2단지",
            "투자타입":"일반",
            "전용면적(m2)":"108.09",
            "전용면적(평)":"32평",
            "법정동주소":"경기도 수원시 권선구 오목천동 960",
            "도로명주소":"경기도 수원시 권선구 서수원로 161-12",
            "세대수":0,
            "입주년차":40,
            "용적률점수":"--",
            "건폐율점수":"--",
            "세대당주차수":30,
            "난방방식":30,
            "공급면적":"--",
            "전용률":"--",
            "욕실수":100,
            "현관타입":100,
            "주거총점":35.5,
            "지역구공급총점":100.0,
            "역세권":80,
            "30분내 이동가능 거점":40,
            "1시간내 이동가능 거점":90,
            "교통총점":70.0,
            "백화점":0,
            "아울렛몰":80,
            "대형마트":80,
            "은행":0,
            "병원":0,
            "종합병원":100,
            "공원":100,
            "혐오시설":0,
            "인프라총점":43.0,
            "초등학군":89.99,
            "중학군":40.8,
            "학군총점":50.638,
            "인구수":41.61,
            "인구증감":-9.65,
            "인구총점":26.232,
            "일자리":19.56,
            "소득수준":100.0,
            "일자리총점":43.692,
            "가치 총점":52.0957,
            "매매실거래년":20211022.0,
            "매매실거래가":50700.0,
            "전세실거래년":20220104.0,
            "전세실거래가":34000.0,
            "전세가율":67.06,
            "장기전세가율평균":73.1,
            "전세가율거품지수":6.04,
            "검색코드":22203,
            "세대수":194.0,
            "준공년월":"2006-12-15",
            "준공년차":17.0,
            "가까운역이름":"오목천",
            "가까운역거리":456.79,
            "역세권여부":"역세권",
            "30분이내주요거점역":2,
            "30분거점역이름":"['수원시청', '수원']",
            "1시간이내주요거점역":9,
            "1시간거점역이름":"['정자', '수원시청', '평촌', '가산디지털단지', '수원', '안산', '서현', 'GTX용인(2023년)', 'GTX동탄(2023년)']",
            "3km이내백화점수":0,
            "5km이내아울렛몰수":1,
            "1km이내대형먀트수":1,
            "500m이내은행수":0,
            "500m이내병원수":1,
            "5km이내대형병원수":2,
            "500m이내공원수":3,
            "3km이내혐오시설수":0,
            "초등학교학업성취도":89.99,
            "중학교학업성취도":67.0,
            "용적률":225,
            "건폐율":21,
            "Y":37.241592,
            "X":126.968561,
            "rank":58.0,
            "area_info":"32평(108.09), 33평(109.75), 33평(111.92), 44평(146.1)",
            "last_sales":"2021-10-22,50700.0,32평(108.09)",
            "rank_history":[
                [
                    "202203",
                    58
                ],
                [
                    "202202",
                    96
                ],
                [
                    "202201",
                    88
                ]
            ],
            "rank_gap":38
        },
        {
            "index":525,
            "아파트명":"오목천역서희스타힐스",
            "투자타입":"일반",
            "전용면적(m2)":"78.54",
            "전용면적(평)":"23평",
            "법정동주소":"경기도 수원시 권선구 오목천동 1170",
            "도로명주소":"경기도 수원시 권선구 온정로9번길 36",
            "세대수":80,
            "입주년차":80,
            "용적률점수":"--",
            "건폐율점수":"--",
            "세대당주차수":30,
            "난방방식":100,
            "공급면적":"--",
            "전용률":"--",
            "욕실수":100,
            "현관타입":100,
            "주거총점":78.5,
            "지역구공급총점":100.0,
            "역세권":50,
            "30분내 이동가능 거점":40,
            "1시간내 이동가능 거점":70,
            "교통총점":51.0,
            "백화점":0,
            "아울렛몰":80,
            "대형마트":0,
            "은행":0,
            "병원":60,
            "종합병원":80,
            "공원":100,
            "혐오시설":0,
            "인프라총점":33.0,
            "초등학군":90.0,
            "중학군":40.8,
            "학군총점":50.64,
            "인구수":41.61,
            "인구증감":-9.65,
            "인구총점":26.232,
            "일자리":19.56,
            "소득수준":100.0,
            "일자리총점":43.692,
            "가치 총점":51.046,
            "매매실거래년":20220106.0,
            "매매실거래가":62000.0,
            "전세실거래년":20220216.0,
            "전세실거래가":25000.0,
            "전세가율":42.09,
            "장기전세가율평균":73.1,
            "전세가율거품지수":31.01,
            "검색코드":110169,
            "세대수":844.0,
            "준공년월":"2016-12-28",
            "준공년차":7.0,
            "가까운역이름":"오목천",
            "가까운역거리":544.46,
            "역세권여부":"준역세권",
            "30분이내주요거점역":2,
            "30분거점역이름":"['수원시청', '수원']",
            "1시간이내주요거점역":7,
            "1시간거점역이름":"['정자', '수원시청', '평촌', '수원', '안산', '서현', 'GTX용인(2023년)']",
            "3km이내백화점수":0,
            "5km이내아울렛몰수":1,
            "1km이내대형먀트수":0,
            "500m이내은행수":1,
            "500m이내병원수":14,
            "5km이내대형병원수":1,
            "500m이내공원수":3,
            "3km이내혐오시설수":0,
            "초등학교학업성취도":90.0,
            "중학교학업성취도":67.0,
            "용적률":199,
            "건폐율":16,
            "Y":37.248176,
            "X":126.962795,
            "rank":59.0,
            "area_info":"23평(78.54), 29평(97.8), 33평(110.52), 33평(111.11), 33평(111.4)",
            "last_sales":"2022-01-06,62000.0,33평(110.52)",
            "rank_history":[
                [
                    "202203",
                    59
                ],
                [
                    "202202",
                    68
                ],
                [
                    "202201",
                    66
                ]
            ],
            "rank_gap":9
        },
        {
            "index":0,
            "아파트명":"거산",
            "투자타입":"일반",
            "전용면적(m2)":"78.82",
            "전용면적(평)":"23평",
            "법정동주소":"경기도 수원시 권선구 고색동 306-1",
            "도로명주소":"경기도 수원시 권선구 고현로5번길 25",
            "세대수":30,
            "입주년차":20,
            "용적률점수":"--",
            "건폐율점수":"--",
            "세대당주차수":0,
            "난방방식":30,
            "공급면적":"--",
            "전용률":"--",
            "욕실수":50,
            "현관타입":10,
            "주거총점":23.5,
            "지역구공급총점":100.0,
            "역세권":50,
            "30분내 이동가능 거점":40,
            "1시간내 이동가능 거점":100,
            "교통총점":57.0,
            "백화점":100,
            "아울렛몰":80,
            "대형마트":0,
            "은행":0,
            "병원":10,
            "종합병원":100,
            "공원":80,
            "혐오시설":0,
            "인프라총점":61.4,
            "초등학군":89.97,
            "중학군":42.4,
            "학군총점":51.914,
            "인구수":41.61,
            "인구증감":-9.65,
            "인구총점":26.232,
            "일자리":19.56,
            "소득수준":100.0,
            "일자리총점":43.692,
            "가치 총점":50.8571,
            "매매실거래년":20211129.0,
            "매매실거래가":29000.0,
            "전세실거래년":20210827.0,
            "전세실거래가":10000.0,
            "전세가율":34.48,
            "장기전세가율평균":73.1,
            "전세가율거품지수":38.62,
            "검색코드":2666,
            "세대수":323.0,
            "준공년월":"2000-05-10",
            "준공년차":23.0,
            "가까운역이름":"고색",
            "가까운역거리":526.74,
            "역세권여부":"준역세권",
            "30분이내주요거점역":2,
            "30분거점역이름":"['수원시청', '수원']",
            "1시간이내주요거점역":10,
            "1시간거점역이름":"['정자', '수원시청', '평촌', '가산디지털단지', '수원', '구로디지털단지', '안산', '서현', 'GTX용인(2023년)', 'GTX동탄(2023년)']",
            "3km이내백화점수":2,
            "5km이내아울렛몰수":1,
            "1km이내대형먀트수":0,
            "500m이내은행수":0,
            "500m이내병원수":4,
            "5km이내대형병원수":4,
            "500m이내공원수":1,
            "3km이내혐오시설수":0,
            "초등학교학업성취도":89.97,
            "중학교학업성취도":70.2,
            "용적률":266,
            "건폐율":30,
            "Y":37.24812,
            "X":126.98615,
            "rank":60.0,
            "area_info":"23평(78.82), 23평(79.04), 33평(111.69)",
            "last_sales":"2021-11-29,29000.0,23평(78.82)",
            "rank_history":[
                [
                    "202203",
                    60
                ],
                [
                    "202202",
                    83
                ],
                [
                    "202201",
                    79
                ]
            ],
            "rank_gap":23
        },
        {
            "index":13,
            "아파트명":"상우",
            "투자타입":"일반",
            "전용면적(m2)":"74.64",
            "전용면적(평)":"22평",
            "법정동주소":"경기도 수원시 권선구 고색동 5-4",
            "도로명주소":"경기도 수원시 권선구 매송고색로 751-17",
            "세대수":0,
            "입주년차":20,
            "용적률점수":"--",
            "건폐율점수":"--",
            "세대당주차수":30,
            "난방방식":30,
            "공급면적":"--",
            "전용률":"--",
            "욕실수":50,
            "현관타입":100,
            "주거총점":26.5,
            "지역구공급총점":100.0,
            "역세권":50,
            "30분내 이동가능 거점":40,
            "1시간내 이동가능 거점":80,
            "교통총점":53.0,
            "백화점":100,
            "아울렛몰":80,
            "대형마트":0,
            "은행":0,
            "병원":30,
            "종합병원":100,
            "공원":100,
            "혐오시설":0,
            "인프라총점":64.0,
            "초등학군":89.97,
            "중학군":42.4,
            "학군총점":51.914,
            "인구수":41.61,
            "인구증감":-9.65,
            "인구총점":26.232,
            "일자리":19.56,
            "소득수준":100.0,
            "일자리총점":43.692,
            "가치 총점":50.8371,
            "매매실거래년":20211022.0,
            "매매실거래가":22500.0,
            "전세실거래년":20180501.0,
            "전세실거래가":12000.0,
            "전세가율":53.33,
            "장기전세가율평균":73.1,
            "전세가율거품지수":19.77,
            "검색코드":10220,
            "세대수":199.0,
            "준공년월":"2000-05-26",
            "준공년차":23.0,
            "가까운역이름":"고색",
            "가까운역거리":634.55,
            "역세권여부":"준역세권",
            "30분이내주요거점역":2,
            "30분거점역이름":"['수원시청', '수원']",
            "1시간이내주요거점역":8,
            "1시간거점역이름":"['정자', '수원시청', '평촌', '수원', '안산', '서현', 'GTX용인(2023년)', 'GTX동탄(2023년)']",
            "3km이내백화점수":2,
            "5km이내아울렛몰수":1,
            "1km이내대형먀트수":0,
            "500m이내은행수":1,
            "500m이내병원수":7,
            "5km이내대형병원수":3,
            "500m이내공원수":2,
            "3km이내혐오시설수":0,
            "초등학교학업성취도":89.97,
            "중학교학업성취도":70.2,
            "용적률":216,
            "건폐율":32,
            "Y":37.253743,
            "X":126.985721,
            "rank":61.0,
            "area_info":"22평(74.64), 23평(77.91), 30평(101.45), 32평(106.01)",
            "last_sales":"2021-10-22,22500.0,22평(74.64)",
            "rank_history":[
                [
                    "202203",
                    61
                ],
                [
                    "202202",
                    71
                ],
                [
                    "202201",
                    70
                ]
            ],
            "rank_gap":10
        },
        {
            "index":335,
            "아파트명":"공작",
            "투자타입":"재건축",
            "전용면적(m2)":"48.85",
            "전용면적(평)":"14평",
            "법정동주소":"경기도 수원시 권선구 금곡동 243-1",
            "도로명주소":"경기도 수원시 권선구 매곡로 110",
            "세대수":0,
            "입주년차":"--",
            "용적률점수":100,
            "건폐율점수":80,
            "세대당주차수":"--",
            "난방방식":"--",
            "공급면적":50,
            "전용률":60,
            "욕실수":"--",
            "현관타입":"--",
            "주거총점":61.5,
            "지역구공급총점":100.0,
            "역세권":50,
            "30분내 이동가능 거점":20,
            "1시간내 이동가능 거점":60,
            "교통총점":43.0,
            "백화점":0,
            "아울렛몰":80,
            "대형마트":80,
            "은행":0,
            "병원":60,
            "종합병원":100,
            "공원":100,
            "혐오시설":0,
            "인프라총점":49.0,
            "초등학군":89.99,
            "중학군":48.22,
            "학군총점":56.574,
            "인구수":41.61,
            "인구증감":-9.65,
            "인구총점":26.232,
            "일자리":19.56,
            "소득수준":100.0,
            "일자리총점":43.692,
            "가치 총점":50.5361,
            "매매실거래년":20210922.0,
            "매매실거래가":15500.0,
            "전세실거래년":20211110.0,
            "전세실거래가":12000.0,
            "전세가율":86.33,
            "장기전세가율평균":73.1,
            "전세가율거품지수":-13.23,
            "검색코드":2680,
            "세대수":120.0,
            "준공년월":"1987-08-25",
            "준공년차":36.0,
            "가까운역이름":"호매실 (2028년 예정)",
            "가까운역거리":634.01,
            "역세권여부":"준역세권",
            "30분이내주요거점역":1,
            "30분거점역이름":"['수원']",
            "1시간이내주요거점역":6,
            "1시간거점역이름":"['강남', '역삼', '수원시청', '평촌', '수원', 'GTX용인(2023년)']",
            "3km이내백화점수":0,
            "5km이내아울렛몰수":1,
            "1km이내대형먀트수":1,
            "500m이내은행수":0,
            "500m이내병원수":21,
            "5km이내대형병원수":2,
            "500m이내공원수":6,
            "3km이내혐오시설수":0,
            "초등학교학업성취도":89.99,
            "중학교학업성취도":79.7,
            "용적률":130,
            "건폐율":26,
            "Y":37.27072,
            "X":126.95757,
            "rank":62.0,
            "area_info":"14평(48.85), 14평(49.49)",
            "last_sales":"2021-09-22,15500.0,14평(49.49)",
            "rank_history":[
                [
                    "202203",
                    62
                ],
                [
                    "202202",
                    76
                ],
                [
                    "202201",
                    75
                ]
            ],
            "rank_gap":14
        },
        {
            "index":176,
            "아파트명":"성지",
            "투자타입":"일반",
            "전용면적(m2)":"66.96",
            "전용면적(평)":"20평",
            "법정동주소":"경기도 수원시 권선구 권선동 1188-1",
            "도로명주소":"경기도 수원시 권선구 경수대로302번길 32",
            "세대수":50,
            "입주년차":0,
            "용적률점수":"--",
            "건폐율점수":"--",
            "세대당주차수":0,
            "난방방식":30,
            "공급면적":"--",
            "전용률":"--",
            "욕실수":50,
            "현관타입":100,
            "주거총점":35.5,
            "지역구공급총점":100.0,
            "역세권":0,
            "30분내 이동가능 거점":40,
            "1시간내 이동가능 거점":60,
            "교통총점":24.0,
            "백화점":100,
            "아울렛몰":100,
            "대형마트":80,
            "은행":70,
            "병원":80,
            "종합병원":100,
            "공원":100,
            "혐오시설":0,
            "인프라총점":90.0,
            "초등학군":89.98,
            "중학군":43.48,
            "학군총점":52.78,
            "인구수":41.61,
            "인구증감":-9.65,
            "인구총점":26.232,
            "일자리":19.56,
            "소득수준":100.0,
            "일자리총점":43.692,
            "가치 총점":50.417,
            "매매실거래년":20211126.0,
            "매매실거래가":33500.0,
            "전세실거래년":null,
            "전세실거래가":null,
            "전세가율":null,
            "장기전세가율평균":73.1,
            "전세가율거품지수":null,
            "검색코드":1761,
            "세대수":650.0,
            "준공년월":"1994-11-19",
            "준공년차":29.0,
            "가까운역이름":"세류",
            "가까운역거리":1198.75,
            "역세권여부":"비역세권",
            "30분이내주요거점역":2,
            "30분거점역이름":"['수원시청', '수원']",
            "1시간이내주요거점역":6,
            "1시간거점역이름":"['정자', '수원시청', '평촌', '수원', '서현', 'GTX용인(2023년)']",
            "3km이내백화점수":2,
            "5km이내아울렛몰수":2,
            "1km이내대형먀트수":1,
            "500m이내은행수":3,
            "500m이내병원수":44,
            "5km이내대형병원수":5,
            "500m이내공원수":9,
            "3km이내혐오시설수":0,
            "초등학교학업성취도":89.98,
            "중학교학업성취도":72.0,
            "용적률":241,
            "건폐율":22,
            "Y":37.252186,
            "X":127.022422,
            "rank":63.0,
            "area_info":"20평(66.96), 20평(67.59)",
            "last_sales":"2021-11-26,33500.0,20평(67.59)",
            "rank_history":[
                [
                    "202203",
                    63
                ],
                [
                    "202202",
                    44
                ],
                [
                    "202201",
                    42
                ]
            ],
            "rank_gap":-19
        },
        {
            "index":35,
            "아파트명":"수원하늘채더퍼스트1단지",
            "투자타입":"일반",
            "전용면적(m2)":"83.3",
            "전용면적(평)":"25평",
            "법정동주소":"경기도 수원시 권선구 곡반정동 116-2",
            "도로명주소":"경기도 수원시 권선구 곡반정로 188",
            "세대수":90,
            "입주년차":100,
            "용적률점수":"--",
            "건폐율점수":"--",
            "세대당주차수":60,
            "난방방식":100,
            "공급면적":"--",
            "전용률":"--",
            "욕실수":100,
            "현관타입":100,
            "주거총점":90.5,
            "지역구공급총점":100.0,
            "역세권":0,
            "30분내 이동가능 거점":40,
            "1시간내 이동가능 거점":80,
            "교통총점":28.0,
            "백화점":0,
            "아울렛몰":80,
            "대형마트":100,
            "은행":0,
            "병원":0,
            "종합병원":100,
            "공원":100,
            "혐오시설":0,
            "인프라총점":46.0,
            "초등학군":89.99,
            "중학군":48.38,
            "학군총점":56.702,
            "인구수":41.61,
            "인구증감":-9.65,
            "인구총점":26.232,
            "일자리":19.56,
            "소득수준":100.0,
            "일자리총점":43.692,
            "가치 총점":50.2053,
            "매매실거래년":20210523.0,
            "매매실거래가":57880.0,
            "전세실거래년":null,
            "전세실거래가":null,
            "전세가율":null,
            "장기전세가율평균":73.1,
            "전세가율거품지수":null,
            "검색코드":130135,
            "세대수":1403.0,
            "준공년월":"2021-12-01",
            "준공년차":2.0,
            "가까운역이름":"매탄권선",
            "가까운역거리":1107.14,
            "역세권여부":"비역세권",
            "30분이내주요거점역":2,
            "30분거점역이름":"['수원시청', '수원']",
            "1시간이내주요거점역":8,
            "1시간거점역이름":"['정자', '수원시청', '평촌', '수원', '안산', '서현', 'GTX용인(2023년)', 'GTX동탄(2023년)']",
            "3km이내백화점수":0,
            "5km이내아울렛몰수":1,
            "1km이내대형먀트수":3,
            "500m이내은행수":1,
            "500m이내병원수":1,
            "5km이내대형병원수":5,
            "500m이내공원수":2,
            "3km이내혐오시설수":0,
            "초등학교학업성취도":89.99,
            "중학교학업성취도":78.5,
            "용적률":198,
            "건폐율":22,
            "Y":37.24332,
            "X":127.035982,
            "rank":64.0,
            "area_info":"25평(83.3), 25평(83.37), 30평(100.04), 30평(100.0), 33평(110.5), 33평(110.51)",
            "last_sales":"2021-05-23,57880.0,33평(110.51)",
            "rank_history":[
                [
                    "202203",
                    64
                ],
                [
                    "202202",
                    57
                ],
                [
                    "202201",
                    56
                ]
            ],
            "rank_gap":-7
        },
        {
            "index":536,
            "아파트명":"청구1차",
            "투자타입":"일반",
            "전용면적(m2)":"75.86",
            "전용면적(평)":"22평",
            "법정동주소":"경기도 수원시 권선구 오목천동 542",
            "도로명주소":"경기도 수원시 권선구 오목천로39번길 8",
            "세대수":30,
            "입주년차":20,
            "용적률점수":"--",
            "건폐율점수":"--",
            "세대당주차수":30,
            "난방방식":30,
            "공급면적":"--",
            "전용률":"--",
            "욕실수":100,
            "현관타입":100,
            "주거총점":42.0,
            "지역구공급총점":100.0,
            "역세권":80,
            "30분내 이동가능 거점":40,
            "1시간내 이동가능 거점":90,
            "교통총점":70.0,
            "백화점":0,
            "아울렛몰":80,
            "대형마트":0,
            "은행":0,
            "병원":0,
            "종합병원":100,
            "공원":100,
            "혐오시설":0,
            "인프라총점":31.0,
            "초등학군":89.99,
            "중학군":40.8,
            "학군총점":50.638,
            "인구수":41.61,
            "인구증감":-9.65,
            "인구총점":26.232,
            "일자리":19.56,
            "소득수준":100.0,
            "일자리총점":43.692,
            "가치 총점":49.7957,
            "매매실거래년":20211016.0,
            "매매실거래가":37300.0,
            "전세실거래년":20211011.0,
            "전세실거래가":26000.0,
            "전세가율":69.71,
            "장기전세가율평균":73.1,
            "전세가율거품지수":3.39,
            "검색코드":10698,
            "세대수":314.0,
            "준공년월":"2000-10-14",
            "준공년차":23.0,
            "가까운역이름":"오목천",
            "가까운역거리":447.38,
            "역세권여부":"역세권",
            "30분이내주요거점역":2,
            "30분거점역이름":"['수원시청', '수원']",
            "1시간이내주요거점역":9,
            "1시간거점역이름":"['정자', '수원시청', '평촌', '가산디지털단지', '수원', '안산', '서현', 'GTX용인(2023년)', 'GTX동탄(2023년)']",
            "3km이내백화점수":0,
            "5km이내아울렛몰수":1,
            "1km이내대형먀트수":0,
            "500m이내은행수":0,
            "500m이내병원수":1,
            "5km이내대형병원수":2,
            "500m이내공원수":3,
            "3km이내혐오시설수":0,
            "초등학교학업성취도":89.99,
            "중학교학업성취도":67.0,
            "용적률":227,
            "건폐율":20,
            "Y":37.240592,
            "X":126.967571,
            "rank":65.0,
            "area_info":"22평(75.86), 26평(88.94), 31평(103.41)",
            "last_sales":"2021-10-16,37300.0,22평(75.86)",
            "rank_history":[
                [
                    "202203",
                    65
                ],
                [
                    "202202",
                    107
                ],
                [
                    "202201",
                    98
                ]
            ],
            "rank_gap":42
        },
        {
            "index":611,
            "아파트명":"호매실GS",
            "투자타입":"일반",
            "전용면적(m2)":"82.11",
            "전용면적(평)":"24평",
            "법정동주소":"경기도 수원시 권선구 호매실동 377",
            "도로명주소":"경기도 수원시 권선구 매실로 70",
            "세대수":100,
            "입주년차":0,
            "용적률점수":"--",
            "건폐율점수":"--",
            "세대당주차수":30,
            "난방방식":30,
            "공급면적":"--",
            "전용률":"--",
            "욕실수":50,
            "현관타입":100,
            "주거총점":57.5,
            "지역구공급총점":100.0,
            "역세권":50,
            "30분내 이동가능 거점":20,
            "1시간내 이동가능 거점":60,
            "교통총점":43.0,
            "백화점":0,
            "아울렛몰":80,
            "대형마트":80,
            "은행":0,
            "병원":60,
            "종합병원":100,
            "공원":100,
            "혐오시설":0,
            "인프라총점":49.0,
            "초등학군":89.97,
            "중학군":48.22,
            "학군총점":56.57,
            "인구수":41.61,
            "인구증감":-9.65,
            "인구총점":26.232,
            "일자리":19.56,
            "소득수준":100.0,
            "일자리총점":43.692,
            "가치 총점":49.7355,
            "매매실거래년":20220221.0,
            "매매실거래가":50000.0,
            "전세실거래년":20211229.0,
            "전세실거래가":26500.0,
            "전세가율":88.33,
            "장기전세가율평균":73.1,
            "전세가율거품지수":-15.23,
            "검색코드":2721,
            "세대수":1754.0,
            "준공년월":"1998-06-11",
            "준공년차":25.0,
            "가까운역이름":"호매실 (2028년 예정)",
            "가까운역거리":966.53,
            "역세권여부":"준역세권",
            "30분이내주요거점역":1,
            "30분거점역이름":"['수원']",
            "1시간이내주요거점역":6,
            "1시간거점역이름":"['수원시청', '평촌', '가산디지털단지', '수원', '안산', 'GTX용인(2023년)']",
            "3km이내백화점수":0,
            "5km이내아울렛몰수":1,
            "1km이내대형먀트수":1,
            "500m이내은행수":0,
            "500m이내병원수":17,
            "5km이내대형병원수":2,
            "500m이내공원수":5,
            "3km이내혐오시설수":0,
            "초등학교학업성취도":89.97,
            "중학교학업성취도":79.7,
            "용적률":276,
            "건폐율":20,
            "Y":37.268088,
            "X":126.959755,
            "rank":66.0,
            "area_info":"24평(82.11), 24평(82.22), 33평(109.31), 47평(155.61)",
            "last_sales":"2022-02-21,50000.0,33평(109.31)",
            "rank_history":[
                [
                    "202203",
                    66
                ],
                [
                    "202202",
                    87
                ],
                [
                    "202201",
                    83
                ]
            ],
            "rank_gap":21
        },
        {
            "index":419,
            "아파트명":"성일",
            "투자타입":"재건축",
            "전용면적(m2)":"58.75",
            "전용면적(평)":"17평",
            "법정동주소":"경기도 수원시 권선구 서둔동 361-1",
            "도로명주소":"경기도 수원시 권선구 여기산로 42",
            "세대수":30,
            "입주년차":"--",
            "용적률점수":100,
            "건폐율점수":80,
            "세대당주차수":"--",
            "난방방식":"--",
            "공급면적":50,
            "전용률":80,
            "욕실수":"--",
            "현관타입":"--",
            "주거총점":71.5,
            "지역구공급총점":100.0,
            "역세권":0,
            "30분내 이동가능 거점":20,
            "1시간내 이동가능 거점":50,
            "교통총점":16.0,
            "백화점":100,
            "아울렛몰":80,
            "대형마트":80,
            "은행":0,
            "병원":30,
            "종합병원":100,
            "공원":100,
            "혐오시설":0,
            "인프라총점":76.0,
            "초등학군":90.02,
            "중학군":35.94,
            "학군총점":46.756,
            "인구수":41.61,
            "인구증감":-9.65,
            "인구총점":26.232,
            "일자리":19.56,
            "소득수준":100.0,
            "일자리총점":43.692,
            "가치 총점":49.7134,
            "매매실거래년":20210916.0,
            "매매실거래가":45200.0,
            "전세실거래년":20220215.0,
            "전세실거래가":7000.0,
            "전세가율":15.49,
            "장기전세가율평균":73.1,
            "전세가율거품지수":57.61,
            "검색코드":8614,
            "세대수":370.0,
            "준공년월":"1987-12-03",
            "준공년차":36.0,
            "가까운역이름":"화서",
            "가까운역거리":1010.32,
            "역세권여부":"비역세권",
            "30분이내주요거점역":1,
            "30분거점역이름":"['수원']",
            "1시간이내주요거점역":5,
            "1시간거점역이름":"['수원시청', '평촌', '가산디지털단지', '수원', 'GTX용인(2023년)']",
            "3km이내백화점수":2,
            "5km이내아울렛몰수":1,
            "1km이내대형먀트수":1,
            "500m이내은행수":0,
            "500m이내병원수":6,
            "5km이내대형병원수":4,
            "500m이내공원수":4,
            "3km이내혐오시설수":0,
            "초등학교학업성취도":90.02,
            "중학교학업성취도":59.9,
            "용적률":12,
            "건폐율":26,
            "Y":37.2806,
            "X":126.979023,
            "rank":67.0,
            "area_info":"17평(58.75), 18평(60.79)",
            "last_sales":"2021-09-16,45200.0,17평(58.75)",
            "rank_history":[
                [
                    "202203",
                    67
                ],
                [
                    "202202",
                    43
                ],
                [
                    "202201",
                    44
                ]
            ],
            "rank_gap":-24
        },
        {
            "index":95,
            "아파트명":"선경",
            "투자타입":"재건축",
            "전용면적(m2)":"92.92",
            "전용면적(평)":"28평",
            "법정동주소":"경기도 수원시 권선구 구운동 466",
            "도로명주소":"경기도 수원시 권선구 여기산로 19",
            "세대수":0,
            "입주년차":"--",
            "용적률점수":60,
            "건폐율점수":80,
            "세대당주차수":"--",
            "난방방식":"--",
            "공급면적":70,
            "전용률":60,
            "욕실수":"--",
            "현관타입":"--",
            "주거총점":46.5,
            "지역구공급총점":100.0,
            "역세권":0,
            "30분내 이동가능 거점":40,
            "1시간내 이동가능 거점":70,
            "교통총점":26.0,
            "백화점":100,
            "아울렛몰":80,
            "대형마트":80,
            "은행":0,
            "병원":60,
            "종합병원":100,
            "공원":100,
            "혐오시설":0,
            "인프라총점":79.0,
            "초등학군":90.02,
            "중학군":35.94,
            "학군총점":46.756,
            "인구수":41.61,
            "인구증감":-9.65,
            "인구총점":26.232,
            "일자리":19.56,
            "소득수준":100.0,
            "일자리총점":43.692,
            "가치 총점":49.1134,
            "매매실거래년":20211118.0,
            "매매실거래가":38000.0,
            "전세실거래년":20210313.0,
            "전세실거래가":20000.0,
            "전세가율":60.61,
            "장기전세가율평균":73.1,
            "전세가율거품지수":12.49,
            "검색코드":2676,
            "세대수":260.0,
            "준공년월":"1990-05-24",
            "준공년차":33.0,
            "가까운역이름":"화서",
            "가까운역거리":1177.35,
            "역세권여부":"비역세권",
            "30분이내주요거점역":2,
            "30분거점역이름":"['수원시청', '수원']",
            "1시간이내주요거점역":7,
            "1시간거점역이름":"['정자', '수원시청', '평촌', '가산디지털단지', '수원', 'GTX용인(2023년)', 'GTX동탄(2023년)']",
            "3km이내백화점수":2,
            "5km이내아울렛몰수":1,
            "1km이내대형먀트수":1,
            "500m이내은행수":0,
            "500m이내병원수":16,
            "5km이내대형병원수":3,
            "500m이내공원수":5,
            "3km이내혐오시설수":0,
            "초등학교학업성취도":90.02,
            "중학교학업성취도":59.9,
            "용적률":185,
            "건폐율":20,
            "Y":37.27925,
            "X":126.97772,
            "rank":68.0,
            "area_info":"28평(92.92), 31평(104.16), 46평(155.02)",
            "last_sales":"2021-11-18,38000.0,46평(155.02)",
            "rank_history":[
                [
                    "202203",
                    68
                ],
                [
                    "202202",
                    60
                ],
                [
                    "202201",
                    59
                ]
            ],
            "rank_gap":-8
        },
        {
            "index":303,
            "아파트명":"전원",
            "투자타입":"재건축",
            "전용면적(m2)":"58.11",
            "전용면적(평)":"17평",
            "법정동주소":"경기도 수원시 권선구 권선동 1059-6",
            "도로명주소":"경기도 수원시 권선구 세권로166번길 21",
            "세대수":0,
            "입주년차":"--",
            "용적률점수":80,
            "건폐율점수":40,
            "세대당주차수":"--",
            "난방방식":"--",
            "공급면적":50,
            "전용률":60,
            "욕실수":"--",
            "현관타입":"--",
            "주거총점":45.5,
            "지역구공급총점":100.0,
            "역세권":0,
            "30분내 이동가능 거점":40,
            "1시간내 이동가능 거점":50,
            "교통총점":22.0,
            "백화점":100,
            "아울렛몰":100,
            "대형마트":80,
            "은행":0,
            "병원":60,
            "종합병원":100,
            "공원":100,
            "혐오시설":0,
            "인프라총점":81.0,
            "초등학군":89.98,
            "중학군":43.48,
            "학군총점":52.78,
            "인구수":41.61,
            "인구증감":-9.65,
            "인구총점":26.232,
            "일자리":19.56,
            "소득수준":100.0,
            "일자리총점":43.692,
            "가치 총점":49.017,
            "매매실거래년":20211012.0,
            "매매실거래가":16000.0,
            "전세실거래년":20210620.0,
            "전세실거래가":3000.0,
            "전세가율":22.73,
            "장기전세가율평균":73.1,
            "전세가율거품지수":50.37,
            "검색코드":27138,
            "세대수":50.0,
            "준공년월":"1989-05-19",
            "준공년차":34.0,
            "가까운역이름":"수원시청",
            "가까운역거리":1074.78,
            "역세권여부":"비역세권",
            "30분이내주요거점역":2,
            "30분거점역이름":"['수원시청', '수원']",
            "1시간이내주요거점역":5,
            "1시간거점역이름":"['수원시청', '평촌', '수원', '안산', 'GTX용인(2023년)']",
            "3km이내백화점수":2,
            "5km이내아울렛몰수":2,
            "1km이내대형먀트수":1,
            "500m이내은행수":1,
            "500m이내병원수":29,
            "5km이내대형병원수":4,
            "500m이내공원수":8,
            "3km이내혐오시설수":0,
            "초등학교학업성취도":89.98,
            "중학교학업성취도":72.0,
            "용적률":153,
            "건폐율":38,
            "Y":37.25508,
            "X":127.02228,
            "rank":69.0,
            "area_info":"17평(58.11), 18평(59.77), 18평(61.59), 19평(65.66), 20평(66.59), 21평(70.72), 21평(72.15)",
            "last_sales":"2021-10-12,16000.0,21평(70.72)",
            "rank_history":[
                [
                    "202203",
                    69
                ],
                [
                    "202202",
                    9999
                ]
            ],
            "rank_gap":9999
        },
        {
            "index":98,
            "아파트명":"성원",
            "투자타입":"일반",
            "전용면적(m2)":"77.1",
            "전용면적(평)":"23평",
            "법정동주소":"경기도 수원시 권선구 구운동 893",
            "도로명주소":"경기도 수원시 권선구 일월천로4번길 74",
            "세대수":50,
            "입주년차":20,
            "용적률점수":"--",
            "건폐율점수":"--",
            "세대당주차수":60,
            "난방방식":30,
            "공급면적":"--",
            "전용률":"--",
            "욕실수":50,
            "현관타입":100,
            "주거총점":48.5,
            "지역구공급총점":100.0,
            "역세권":0,
            "30분내 이동가능 거점":20,
            "1시간내 이동가능 거점":50,
            "교통총점":16.0,
            "백화점":100,
            "아울렛몰":80,
            "대형마트":100,
            "은행":0,
            "병원":60,
            "종합병원":100,
            "공원":100,
            "혐오시설":0,
            "인프라총점":82.0,
            "초등학군":89.98,
            "중학군":52.06,
            "학군총점":59.644,
            "인구수":41.61,
            "인구증감":-9.65,
            "인구총점":26.232,
            "일자리":19.56,
            "소득수준":100.0,
            "일자리총점":43.692,
            "가치 총점":48.8466,
            "매매실거래년":20210830.0,
            "매매실거래가":68000.0,
            "전세실거래년":20220120.0,
            "전세실거래가":20475.0,
            "전세가율":66.48,
            "장기전세가율평균":73.1,
            "전세가율거품지수":6.62,
            "검색코드":2677,
            "세대수":458.0,
            "준공년월":"1999-10-29",
            "준공년차":24.0,
            "가까운역이름":"화서",
            "가까운역거리":1190.76,
            "역세권여부":"비역세권",
            "30분이내주요거점역":1,
            "30분거점역이름":"['수원']",
            "1시간이내주요거점역":5,
            "1시간거점역이름":"['수원시청', '평촌', '가산디지털단지', '수원', 'GTX용인(2023년)']",
            "3km이내백화점수":2,
            "5km이내아울렛몰수":1,
            "1km이내대형먀트수":2,
            "500m이내은행수":0,
            "500m이내병원수":17,
            "5km이내대형병원수":3,
            "500m이내공원수":7,
            "3km이내혐오시설수":0,
            "초등학교학업성취도":89.98,
            "중학교학업성취도":86.3,
            "용적률":249,
            "건폐율":23,
            "Y":37.28346,
            "X":126.97617,
            "rank":70.0,
            "area_info":"23평(77.1), 32평(106.67), 49평(162.06)",
            "last_sales":"2021-08-30,68000.0,49평(162.06)",
            "rank_history":[
                [
                    "202203",
                    70
                ],
                [
                    "202202",
                    46
                ],
                [
                    "202201",
                    46
                ]
            ],
            "rank_gap":-24
        },
        {
            "index":205,
            "아파트명":"수원아이파크시티2단지",
            "투자타입":"일반",
            "전용면적(m2)":"111.97",
            "전용면적(평)":"33평",
            "법정동주소":"경기도 수원시 권선구 권선동 1361",
            "도로명주소":"경기도 수원시 권선구 동수원로145번길 24",
            "세대수":90,
            "입주년차":60,
            "용적률점수":"--",
            "건폐율점수":"--",
            "세대당주차수":60,
            "난방방식":100,
            "공급면적":"--",
            "전용률":"--",
            "욕실수":100,
            "현관타입":100,
            "주거총점":82.5,
            "지역구공급총점":100.0,
            "역세권":0,
            "30분내 이동가능 거점":40,
            "1시간내 이동가능 거점":70,
            "교통총점":26.0,
            "백화점":0,
            "아울렛몰":80,
            "대형마트":100,
            "은행":0,
            "병원":30,
            "종합병원":100,
            "공원":100,
            "혐오시설":0,
            "인프라총점":49.0,
            "초등학군":89.99,
            "중학군":48.38,
            "학군총점":56.702,
            "인구수":41.61,
            "인구증감":-9.65,
            "인구총점":26.232,
            "일자리":19.56,
            "소득수준":100.0,
            "일자리총점":43.692,
            "가치 총점":48.8053,
            "매매실거래년":20211029.0,
            "매매실거래가":104000.0,
            "전세실거래년":20220120.0,
            "전세실거래가":37800.0,
            "전세가율":47.25,
            "장기전세가율평균":73.1,
            "전세가율거품지수":25.85,
            "검색코드":101370,
            "세대수":1135.0,
            "준공년월":"2012-01-20",
            "준공년차":11.0,
            "가까운역이름":"매탄권선",
            "가까운역거리":1312.26,
            "역세권여부":"비역세권",
            "30분이내주요거점역":2,
            "30분거점역이름":"['수원시청', '수원']",
            "1시간이내주요거점역":7,
            "1시간거점역이름":"['정자', '수원시청', '평촌', '수원', '서현', 'GTX용인(2023년)', 'GTX동탄(2023년)']",
            "3km이내백화점수":0,
            "5km이내아울렛몰수":1,
            "1km이내대형먀트수":4,
            "500m이내은행수":0,
            "500m이내병원수":8,
            "5km이내대형병원수":4,
            "500m이내공원수":6,
            "3km이내혐오시설수":0,
            "초등학교학업성취도":89.99,
            "중학교학업성취도":78.5,
            "용적률":185,
            "건폐율":22,
            "Y":37.244945,
            "X":127.029425,
            "rank":71.0,
            "area_info":"33평(111.97), 34평(112.85), 33평(112.03), 34평(113.36), 34평(113.03), 40평(134.26), 49평(162.52), 49평(162.92), 53평(176.41), 59평(195.19), 79평(261.65)",
            "last_sales":"2021-10-29,104000.0,59평(195.19)",
            "rank_history":[
                [
                    "202203",
                    71
                ],
                [
                    "202202",
                    47
                ],
                [
                    "202201",
                    49
                ]
            ],
            "rank_gap":-24
        },
        {
            "index":128,
            "아파트명":"권선삼성",
            "투자타입":"일반",
            "전용면적(m2)":"71.57",
            "전용면적(평)":"21평",
            "법정동주소":"경기도 수원시 권선구 권선동 1185-1",
            "도로명주소":"경기도 수원시 권선구 경수대로302번길 29",
            "세대수":50,
            "입주년차":0,
            "용적률점수":"--",
            "건폐율점수":"--",
            "세대당주차수":0,
            "난방방식":30,
            "공급면적":"--",
            "전용률":"--",
            "욕실수":50,
            "현관타입":10,
            "주거총점":26.5,
            "지역구공급총점":100.0,
            "역세권":0,
            "30분내 이동가능 거점":40,
            "1시간내 이동가능 거점":60,
            "교통총점":24.0,
            "백화점":100,
            "아울렛몰":100,
            "대형마트":80,
            "은행":70,
            "병원":80,
            "종합병원":100,
            "공원":100,
            "혐오시설":0,
            "인프라총점":90.0,
            "초등학군":89.98,
            "중학군":43.48,
            "학군총점":52.78,
            "인구수":41.61,
            "인구증감":-9.65,
            "인구총점":26.232,
            "일자리":19.56,
            "소득수준":100.0,
            "일자리총점":43.692,
            "가치 총점":48.617,
            "매매실거래년":20211227.0,
            "매매실거래가":35500.0,
            "전세실거래년":20220209.0,
            "전세실거래가":22000.0,
            "전세가율":61.97,
            "장기전세가율평균":73.1,
            "전세가율거품지수":11.13,
            "검색코드":1757,
            "세대수":634.0,
            "준공년월":"1993-07-01",
            "준공년차":30.0,
            "가까운역이름":"수원시청",
            "가까운역거리":1142.3,
            "역세권여부":"비역세권",
            "30분이내주요거점역":2,
            "30분거점역이름":"['수원시청', '수원']",
            "1시간이내주요거점역":6,
            "1시간거점역이름":"['정자', '수원시청', '평촌', '수원', 'GTX용인(2023년)', 'GTX동탄(2023년)']",
            "3km이내백화점수":2,
            "5km이내아울렛몰수":2,
            "1km이내대형먀트수":1,
            "500m이내은행수":3,
            "500m이내병원수":48,
            "5km이내대형병원수":4,
            "500m이내공원수":9,
            "3km이내혐오시설수":0,
            "초등학교학업성취도":89.98,
            "중학교학업성취도":72.0,
            "용적률":169,
            "건폐율":22,
            "Y":37.253901,
            "X":127.022794,
            "rank":72.0,
            "area_info":"21평(71.57)",
            "last_sales":"2021-12-27,35500.0,21평(71.57)",
            "rank_history":[
                [
                    "202203",
                    72
                ],
                [
                    "202202",
                    53
                ],
                [
                    "202201",
                    54
                ]
            ],
            "rank_gap":-19
        },
        {
            "index":316,
            "아파트명":"한효",
            "투자타입":"재건축",
            "전용면적(m2)":"91.14",
            "전용면적(평)":"27평",
            "법정동주소":"경기도 수원시 권선구 권선동 1063-1",
            "도로명주소":"경기도 수원시 권선구 세권로196번길 22",
            "세대수":0,
            "입주년차":"--",
            "용적률점수":0,
            "건폐율점수":80,
            "세대당주차수":"--",
            "난방방식":"--",
            "공급면적":70,
            "전용률":60,
            "욕실수":"--",
            "현관타입":"--",
            "주거총점":22.5,
            "지역구공급총점":100.0,
            "역세권":0,
            "30분내 이동가능 거점":40,
            "1시간내 이동가능 거점":80,
            "교통총점":28.0,
            "백화점":100,
            "아울렛몰":100,
            "대형마트":100,
            "은행":20,
            "병원":80,
            "종합병원":100,
            "공원":100,
            "혐오시설":0,
            "인프라총점":88.0,
            "초등학군":89.98,
            "중학군":43.48,
            "학군총점":52.78,
            "인구수":41.61,
            "인구증감":-9.65,
            "인구총점":26.232,
            "일자리":19.56,
            "소득수준":100.0,
            "일자리총점":43.692,
            "가치 총점":48.617,
            "매매실거래년":20220121.0,
            "매매실거래가":36000.0,
            "전세실거래년":20220221.0,
            "전세실거래가":25000.0,
            "전세가율":69.44,
            "장기전세가율평균":73.1,
            "전세가율거품지수":3.66,
            "검색코드":1772,
            "세대수":240.0,
            "준공년월":"1991-11-23",
            "준공년차":32.0,
            "가까운역이름":"수원시청",
            "가까운역거리":1000.25,
            "역세권여부":"비역세권",
            "30분이내주요거점역":2,
            "30분거점역이름":"['수원시청', '수원']",
            "1시간이내주요거점역":8,
            "1시간거점역이름":"['정자', '수원시청', '평촌', '수원', '안산', '서현', 'GTX용인(2023년)', 'GTX동탄(2023년)']",
            "3km이내백화점수":2,
            "5km이내아울렛몰수":2,
            "1km이내대형먀트수":2,
            "500m이내은행수":2,
            "500m이내병원수":36,
            "5km이내대형병원수":4,
            "500m이내공원수":8,
            "3km이내혐오시설수":0,
            "초등학교학업성취도":89.98,
            "중학교학업성취도":72.0,
            "용적률":273,
            "건폐율":27,
            "Y":37.25443,
            "X":127.024603,
            "rank":73.0,
            "area_info":"27평(91.14), 30평(100.8), 34평(113.53), 36평(121.03)",
            "last_sales":"2022-01-21,36000.0,27평(91.14)",
            "rank_history":[
                [
                    "202203",
                    73
                ],
                [
                    "202202",
                    26
                ],
                [
                    "202201",
                    26
                ]
            ],
            "rank_gap":-47
        },
        {
            "index":585,
            "아파트명":"극동스타클래스",
            "투자타입":"일반",
            "전용면적(m2)":"101.07",
            "전용면적(평)":"30평",
            "법정동주소":"경기도 수원시 권선구 호매실동 1352",
            "도로명주소":"경기도 수원시 권선구 금곡로140번길 73",
            "세대수":90,
            "입주년차":80,
            "용적률점수":"--",
            "건폐율점수":"--",
            "세대당주차수":30,
            "난방방식":100,
            "공급면적":"--",
            "전용률":"--",
            "욕실수":100,
            "현관타입":100,
            "주거총점":82.0,
            "지역구공급총점":100.0,
            "역세권":50,
            "30분내 이동가능 거점":0,
            "1시간내 이동가능 거점":30,
            "교통총점":31.0,
            "백화점":0,
            "아울렛몰":80,
            "대형마트":80,
            "은행":20,
            "병원":30,
            "종합병원":80,
            "공원":100,
            "혐오시설":0,
            "인프라총점":44.0,
            "초등학군":89.98,
            "중학군":41.76,
            "학군총점":51.404,
            "인구수":41.61,
            "인구증감":-9.65,
            "인구총점":26.232,
            "일자리":19.56,
            "소득수준":100.0,
            "일자리총점":43.692,
            "가치 총점":48.1606,
            "매매실거래년":20220122.0,
            "매매실거래가":65000.0,
            "전세실거래년":20220219.0,
            "전세실거래가":28300.0,
            "전세가율":42.56,
            "장기전세가율평균":73.1,
            "전세가율거품지수":30.54,
            "검색코드":117005,
            "세대수":999.0,
            "준공년월":"2017-11-21",
            "준공년차":6.0,
            "가까운역이름":"호매실 (2028년 예정)",
            "가까운역거리":647.72,
            "역세권여부":"준역세권",
            "30분이내주요거점역":0,
            "30분거점역이름":"[]",
            "1시간이내주요거점역":3,
            "1시간거점역이름":"['수원시청', '평촌', '수원']",
            "3km이내백화점수":0,
            "5km이내아울렛몰수":1,
            "1km이내대형먀트수":1,
            "500m이내은행수":2,
            "500m이내병원수":8,
            "5km이내대형병원수":1,
            "500m이내공원수":13,
            "3km이내혐오시설수":0,
            "초등학교학업성취도":89.98,
            "중학교학업성취도":69.6,
            "용적률":191,
            "건폐율":15,
            "Y":37.270102,
            "X":126.946004,
            "rank":74.0,
            "area_info":"30평(101.07), 32평(106.53), 34평(113.19), 34평(113.19), 34평(113.23), 34평(113.19), 34평(113.23)",
            "last_sales":"2022-01-22,65000.0,34평(113.19)",
            "rank_history":[
                [
                    "202203",
                    74
                ],
                [
                    "202202",
                    78
                ],
                [
                    "202201",
                    94
                ]
            ],
            "rank_gap":4
        },
        {
            "index":172,
            "아파트명":"삼천리권선1차",
            "투자타입":"일반",
            "전용면적(m2)":"83.24",
            "전용면적(평)":"25평",
            "법정동주소":"경기도 수원시 권선구 권선동 1186",
            "도로명주소":"경기도 수원시 권선구 권광로27번길 62",
            "세대수":50,
            "입주년차":0,
            "용적률점수":"--",
            "건폐율점수":"--",
            "세대당주차수":0,
            "난방방식":30,
            "공급면적":"--",
            "전용률":"--",
            "욕실수":50,
            "현관타입":10,
            "주거총점":26.5,
            "지역구공급총점":100.0,
            "역세권":0,
            "30분내 이동가능 거점":40,
            "1시간내 이동가능 거점":40,
            "교통총점":20.0,
            "백화점":100,
            "아울렛몰":100,
            "대형마트":100,
            "은행":70,
            "병원":80,
            "종합병원":100,
            "공원":100,
            "혐오시설":0,
            "인프라총점":93.0,
            "초등학군":89.98,
            "중학군":43.48,
            "학군총점":52.78,
            "인구수":41.61,
            "인구증감":-9.65,
            "인구총점":26.232,
            "일자리":19.56,
            "소득수준":100.0,
            "일자리총점":43.692,
            "가치 총점":48.117,
            "매매실거래년":20220211.0,
            "매매실거래가":40000.0,
            "전세실거래년":20220113.0,
            "전세실거래가":22500.0,
            "전세가율":57.84,
            "장기전세가율평균":73.1,
            "전세가율거품지수":15.26,
            "검색코드":1758,
            "세대수":496.0,
            "준공년월":"1994-05-09",
            "준공년차":29.0,
            "가까운역이름":"수원시청",
            "가까운역거리":1217.12,
            "역세권여부":"비역세권",
            "30분이내주요거점역":2,
            "30분거점역이름":"['수원시청', '수원']",
            "1시간이내주요거점역":4,
            "1시간거점역이름":"['수원시청', '평촌', '수원', 'GTX용인(2023년)']",
            "3km이내백화점수":2,
            "5km이내아울렛몰수":2,
            "1km이내대형먀트수":2,
            "500m이내은행수":3,
            "500m이내병원수":55,
            "5km이내대형병원수":4,
            "500m이내공원수":10,
            "3km이내혐오시설수":0,
            "초등학교학업성취도":89.98,
            "중학교학업성취도":72.0,
            "용적률":202,
            "건폐율":25,
            "Y":37.252478,
            "X":127.023906,
            "rank":75.0,
            "area_info":"25평(83.24), 28평(94.05), 31평(103.22)",
            "last_sales":"2022-02-11,40000.0,28평(94.05)",
            "rank_history":[
                [
                    "202203",
                    75
                ],
                [
                    "202202",
                    45
                ],
                [
                    "202201",
                    43
                ]
            ],
            "rank_gap":-30
        },
        {
            "index":288,
            "아파트명":"신현대",
            "투자타입":"일반",
            "전용면적(m2)":"108.04",
            "전용면적(평)":"32평",
            "법정동주소":"경기도 수원시 권선구 권선동 1187-1",
            "도로명주소":"경기도 수원시 권선구 권광로27번길 22",
            "세대수":0,
            "입주년차":0,
            "용적률점수":"--",
            "건폐율점수":"--",
            "세대당주차수":0,
            "난방방식":30,
            "공급면적":"--",
            "전용률":"--",
            "욕실수":100,
            "현관타입":100,
            "주거총점":23.0,
            "지역구공급총점":100.0,
            "역세권":0,
            "30분내 이동가능 거점":40,
            "1시간내 이동가능 거점":70,
            "교통총점":26.0,
            "백화점":100,
            "아울렛몰":100,
            "대형마트":100,
            "은행":20,
            "병원":80,
            "종합병원":100,
            "공원":100,
            "혐오시설":0,
            "인프라총점":88.0,
            "초등학군":89.98,
            "중학군":43.48,
            "학군총점":52.78,
            "인구수":41.61,
            "인구증감":-9.65,
            "인구총점":26.232,
            "일자리":19.56,
            "소득수준":100.0,
            "일자리총점":43.692,
            "가치 총점":48.017,
            "매매실거래년":20220217.0,
            "매매실거래가":41000.0,
            "전세실거래년":20211220.0,
            "전세실거래가":29000.0,
            "전세가율":70.73,
            "장기전세가율평균":73.1,
            "전세가율거품지수":2.37,
            "검색코드":1765,
            "세대수":188.0,
            "준공년월":"1993-11-03",
            "준공년차":30.0,
            "가까운역이름":"수원시청",
            "가까운역거리":1238.08,
            "역세권여부":"비역세권",
            "30분이내주요거점역":2,
            "30분거점역이름":"['수원시청', '수원']",
            "1시간이내주요거점역":7,
            "1시간거점역이름":"['정자', '수원시청', '평촌', '수원', '안산', '서현', 'GTX용인(2023년)']",
            "3km이내백화점수":2,
            "5km이내아울렛몰수":2,
            "1km이내대형먀트수":3,
            "500m이내은행수":2,
            "500m이내병원수":45,
            "5km이내대형병원수":4,
            "500m이내공원수":14,
            "3km이내혐오시설수":0,
            "초등학교학업성취도":89.98,
            "중학교학업성취도":72.0,
            "용적률":204,
            "건폐율":21,
            "Y":37.251241,
            "X":127.026909,
            "rank":76.0,
            "area_info":"32평(108.04)",
            "last_sales":"2022-02-17,41000.0,32평(108.04)",
            "rank_history":[
                [
                    "202203",
                    76
                ],
                [
                    "202202",
                    48
                ],
                [
                    "202201",
                    50
                ]
            ],
            "rank_gap":-28
        },
        {
            "index":352,
            "아파트명":"삼익3차",
            "투자타입":"일반",
            "전용면적(m2)":"83.26",
            "전용면적(평)":"25평",
            "법정동주소":"경기도 수원시 권선구 금곡동 79",
            "도로명주소":"경기도 수원시 권선구 서수원로 589",
            "세대수":80,
            "입주년차":0,
            "용적률점수":"--",
            "건폐율점수":"--",
            "세대당주차수":0,
            "난방방식":30,
            "공급면적":"--",
            "전용률":"--",
            "욕실수":50,
            "현관타입":10,
            "주거총점":37.0,
            "지역구공급총점":100.0,
            "역세권":80,
            "30분내 이동가능 거점":0,
            "1시간내 이동가능 거점":60,
            "교통총점":52.0,
            "백화점":0,
            "아울렛몰":80,
            "대형마트":80,
            "은행":0,
            "병원":60,
            "종합병원":100,
            "공원":100,
            "혐오시설":0,
            "인프라총점":49.0,
            "초등학군":90.0,
            "중학군":41.76,
            "학군총점":51.408,
            "인구수":41.61,
            "인구증감":-9.65,
            "인구총점":26.232,
            "일자리":19.56,
            "소득수준":100.0,
            "일자리총점":43.692,
            "가치 총점":48.0112,
            "매매실거래년":20220129.0,
            "매매실거래가":48000.0,
            "전세실거래년":20220223.0,
            "전세실거래가":25000.0,
            "전세가율":62.5,
            "장기전세가율평균":73.1,
            "전세가율거품지수":10.6,
            "검색코드":1779,
            "세대수":712.0,
            "준공년월":"1998-06-23",
            "준공년차":25.0,
            "가까운역이름":"호매실 (2028년 예정)",
            "가까운역거리":415.85,
            "역세권여부":"역세권",
            "30분이내주요거점역":0,
            "30분거점역이름":"[]",
            "1시간이내주요거점역":6,
            "1시간거점역이름":"['강남', '역삼', '수원시청', '평촌', '가산디지털단지', '수원']",
            "3km이내백화점수":0,
            "5km이내아울렛몰수":1,
            "1km이내대형먀트수":1,
            "500m이내은행수":0,
            "500m이내병원수":24,
            "5km이내대형병원수":2,
            "500m이내공원수":6,
            "3km이내혐오시설수":0,
            "초등학교학업성취도":90.0,
            "중학교학업성취도":69.6,
            "용적률":247,
            "건폐율":19,
            "Y":37.277146,
            "X":126.953846,
            "rank":77.0,
            "area_info":"25평(83.26), 32평(107.72), 48평(161.73)",
            "last_sales":"2022-01-29,48000.0,32평(107.72)",
            "rank_history":[
                [
                    "202203",
                    77
                ],
                [
                    "202202",
                    113
                ],
                [
                    "202201",
                    109
                ]
            ],
            "rank_gap":36
        },
        {
            "index":142,
            "아파트명":"권선한양",
            "투자타입":"일반",
            "전용면적(m2)":"56.83",
            "전용면적(평)":"17평",
            "법정동주소":"경기도 수원시 권선구 권선동 1188",
            "도로명주소":"경기도 수원시 권선구 경수대로302번길 22",
            "세대수":50,
            "입주년차":0,
            "용적률점수":"--",
            "건폐율점수":"--",
            "세대당주차수":0,
            "난방방식":30,
            "공급면적":"--",
            "전용률":"--",
            "욕실수":50,
            "현관타입":10,
            "주거총점":26.5,
            "지역구공급총점":100.0,
            "역세권":0,
            "30분내 이동가능 거점":40,
            "1시간내 이동가능 거점":50,
            "교통총점":22.0,
            "백화점":100,
            "아울렛몰":100,
            "대형마트":80,
            "은행":70,
            "병원":80,
            "종합병원":100,
            "공원":100,
            "혐오시설":0,
            "인프라총점":90.0,
            "초등학군":89.98,
            "중학군":43.48,
            "학군총점":52.78,
            "인구수":41.61,
            "인구증감":-9.65,
            "인구총점":26.232,
            "일자리":19.56,
            "소득수준":100.0,
            "일자리총점":43.692,
            "가치 총점":47.917,
            "매매실거래년":20220110.0,
            "매매실거래가":40000.0,
            "전세실거래년":20220207.0,
            "전세실거래가":12600.0,
            "전세가율":50.4,
            "장기전세가율평균":73.1,
            "전세가율거품지수":22.7,
            "검색코드":1771,
            "세대수":664.0,
            "준공년월":"1994-08-26",
            "준공년차":29.0,
            "가까운역이름":"세류",
            "가까운역거리":1210.35,
            "역세권여부":"비역세권",
            "30분이내주요거점역":2,
            "30분거점역이름":"['수원시청', '수원']",
            "1시간이내주요거점역":5,
            "1시간거점역이름":"['수원시청', '평촌', '수원', '서현', 'GTX용인(2023년)']",
            "3km이내백화점수":2,
            "5km이내아울렛몰수":2,
            "1km이내대형먀트수":1,
            "500m이내은행수":3,
            "500m이내병원수":46,
            "5km이내대형병원수":5,
            "500m이내공원수":9,
            "3km이내혐오시설수":0,
            "초등학교학업성취도":89.98,
            "중학교학업성취도":72.0,
            "용적률":198,
            "건폐율":22,
            "Y":37.252988,
            "X":127.021273,
            "rank":78.0,
            "area_info":"17평(56.83), 31평(104.06)",
            "last_sales":"2022-01-10,40000.0,31평(104.06)",
            "rank_history":[
                [
                    "202203",
                    78
                ],
                [
                    "202202",
                    49
                ],
                [
                    "202201",
                    52
                ]
            ],
            "rank_gap":-29
        },
        {
            "index":502,
            "아파트명":"한라녹턴",
            "투자타입":"일반",
            "전용면적(m2)":"82.91",
            "전용면적(평)":"25평",
            "법정동주소":"경기도 수원시 권선구 세류동 1248",
            "도로명주소":"경기도 수원시 권선구 세지로 35",
            "세대수":0,
            "입주년차":40,
            "용적률점수":"--",
            "건폐율점수":"--",
            "세대당주차수":30,
            "난방방식":30,
            "공급면적":"--",
            "전용률":"--",
            "욕실수":100,
            "현관타입":100,
            "주거총점":35.5,
            "지역구공급총점":100.0,
            "역세권":0,
            "30분내 이동가능 거점":40,
            "1시간내 이동가능 거점":40,
            "교통총점":20.0,
            "백화점":100,
            "아울렛몰":100,
            "대형마트":100,
            "은행":0,
            "병원":80,
            "종합병원":100,
            "공원":100,
            "혐오시설":0,
            "인프라총점":86.0,
            "초등학군":90.0,
            "중학군":43.48,
            "학군총점":52.784,
            "인구수":41.61,
            "인구증감":-9.65,
            "인구총점":26.232,
            "일자리":19.56,
            "소득수준":100.0,
            "일자리총점":43.692,
            "가치 총점":47.8176,
            "매매실거래년":20211029.0,
            "매매실거래가":33000.0,
            "전세실거래년":20210522.0,
            "전세실거래가":28000.0,
            "전세가율":84.85,
            "장기전세가율평균":73.1,
            "전세가율거품지수":-11.75,
            "검색코드":24225,
            "세대수":195.0,
            "준공년월":"2006-07-27",
            "준공년차":17.0,
            "가까운역이름":"매교",
            "가까운역거리":1130.1,
            "역세권여부":"비역세권",
            "30분이내주요거점역":2,
            "30분거점역이름":"['수원시청', '수원']",
            "1시간이내주요거점역":4,
            "1시간거점역이름":"['수원시청', '수원', '안산', 'GTX용인(2023년)']",
            "3km이내백화점수":2,
            "5km이내아울렛몰수":2,
            "1km이내대형먀트수":2,
            "500m이내은행수":1,
            "500m이내병원수":30,
            "5km이내대형병원수":5,
            "500m이내공원수":3,
            "3km이내혐오시설수":0,
            "초등학교학업성취도":90.0,
            "중학교학업성취도":72.0,
            "용적률":249,
            "건폐율":31,
            "Y":37.255362,
            "X":127.015336,
            "rank":79.0,
            "area_info":"25평(82.91), 30평(99.39), 31평(103.87), 34평(114.02)",
            "last_sales":"2021-10-29,33000.0,25평(82.91)",
            "rank_history":[
                [
                    "202203",
                    79
                ],
                [
                    "202202",
                    41
                ],
                [
                    "202201",
                    53
                ]
            ],
            "rank_gap":-38
        },
        {
            "index":460,
            "아파트명":"수원권선데시앙",
            "투자타입":"일반",
            "전용면적(m2)":"111.57",
            "전용면적(평)":"33평",
            "법정동주소":"경기도 수원시 권선구 세류동 1249",
            "도로명주소":"경기도 수원시 권선구 세권로36번길 17",
            "세대수":0,
            "입주년차":60,
            "용적률점수":"--",
            "건폐율점수":"--",
            "세대당주차수":30,
            "난방방식":30,
            "공급면적":"--",
            "전용률":"--",
            "욕실수":100,
            "현관타입":100,
            "주거총점":39.5,
            "지역구공급총점":100.0,
            "역세권":0,
            "30분내 이동가능 거점":40,
            "1시간내 이동가능 거점":80,
            "교통총점":28.0,
            "백화점":100,
            "아울렛몰":80,
            "대형마트":80,
            "은행":0,
            "병원":60,
            "종합병원":100,
            "공원":100,
            "혐오시설":0,
            "인프라총점":79.0,
            "초등학군":90.0,
            "중학군":30.74,
            "학군총점":42.592,
            "인구수":41.61,
            "인구증감":-9.65,
            "인구총점":26.232,
            "일자리":19.56,
            "소득수준":100.0,
            "일자리총점":43.692,
            "가치 총점":47.7888,
            "매매실거래년":20210916.0,
            "매매실거래가":64500.0,
            "전세실거래년":20210518.0,
            "전세실거래가":33000.0,
            "전세가율":89.19,
            "장기전세가율평균":73.1,
            "전세가율거품지수":-16.09,
            "검색코드":26650,
            "세대수":222.0,
            "준공년월":"2009-09-09",
            "준공년차":14.0,
            "가까운역이름":"매교",
            "가까운역거리":1020.34,
            "역세권여부":"비역세권",
            "30분이내주요거점역":2,
            "30분거점역이름":"['수원시청', '수원']",
            "1시간이내주요거점역":8,
            "1시간거점역이름":"['정자', '수원시청', '평촌', '가산디지털단지', '수원', '안산', '서현', 'GTX용인(2023년)']",
            "3km이내백화점수":2,
            "5km이내아울렛몰수":1,
            "1km이내대형먀트수":1,
            "500m이내은행수":1,
            "500m이내병원수":21,
            "5km이내대형병원수":5,
            "500m이내공원수":3,
            "3km이내혐오시설수":0,
            "초등학교학업성취도":90.0,
            "중학교학업성취도":50.7,
            "용적률":225,
            "건폐율":21,
            "Y":37.258326,
            "X":127.008736,
            "rank":80.0,
            "area_info":"33평(111.57), 33평(112.14), 34평(114.28), 44평(147.74), 45평(150.8)",
            "last_sales":"2021-09-16,64500.0,44평(147.74)",
            "rank_history":[
                [
                    "202203",
                    80
                ],
                [
                    "202202",
                    50
                ],
                [
                    "202201",
                    60
                ]
            ],
            "rank_gap":-30
        },
        {
            "index":103,
            "아파트명":"일월청구",
            "투자타입":"일반",
            "전용면적(m2)":"78.06",
            "전용면적(평)":"23평",
            "법정동주소":"경기도 수원시 권선구 구운동 889",
            "도로명주소":"경기도 수원시 권선구 수성로35번길 60",
            "세대수":50,
            "입주년차":20,
            "용적률점수":"--",
            "건폐율점수":"--",
            "세대당주차수":30,
            "난방방식":100,
            "공급면적":"--",
            "전용률":"--",
            "욕실수":50,
            "현관타입":100,
            "주거총점":51.0,
            "지역구공급총점":100.0,
            "역세권":0,
            "30분내 이동가능 거점":0,
            "1시간내 이동가능 거점":50,
            "교통총점":10.0,
            "백화점":100,
            "아울렛몰":80,
            "대형마트":100,
            "은행":0,
            "병원":60,
            "종합병원":100,
            "공원":100,
            "혐오시설":0,
            "인프라총점":82.0,
            "초등학군":89.98,
            "중학군":52.06,
            "학군총점":59.644,
            "인구수":41.61,
            "인구증감":-9.65,
            "인구총점":26.232,
            "일자리":19.56,
            "소득수준":100.0,
            "일자리총점":43.692,
            "가치 총점":47.2466,
            "매매실거래년":20210313.0,
            "매매실거래가":62000.0,
            "전세실거래년":20210826.0,
            "전세실거래가":22000.0,
            "전세가율":85.44,
            "장기전세가율평균":73.1,
            "전세가율거품지수":-12.34,
            "검색코드":3980,
            "세대수":524.0,
            "준공년월":"2001-03-12",
            "준공년차":22.0,
            "가까운역이름":"화서",
            "가까운역거리":1044.31,
            "역세권여부":"비역세권",
            "30분이내주요거점역":0,
            "30분거점역이름":"[]",
            "1시간이내주요거점역":5,
            "1시간거점역이름":"['강남', '수원시청', '평촌', '가산디지털단지', '수원']",
            "3km이내백화점수":1,
            "5km이내아울렛몰수":1,
            "1km이내대형먀트수":2,
            "500m이내은행수":0,
            "500m이내병원수":18,
            "5km이내대형병원수":3,
            "500m이내공원수":5,
            "3km이내혐오시설수":0,
            "초등학교학업성취도":89.98,
            "중학교학업성취도":86.3,
            "용적률":204,
            "건폐율":18,
            "Y":37.285719,
            "X":126.978007,
            "rank":81.0,
            "area_info":"23평(78.06), 24평(82.03), 24평(82.06), 33평(112.32), 51평(170.37)",
            "last_sales":"2021-03-13,62000.0,51평(170.37)",
            "rank_history":[
                [
                    "202203",
                    81
                ],
                [
                    "202202",
                    55
                ],
                [
                    "202201",
                    57
                ]
            ],
            "rank_gap":-26
        },
        {
            "index":363,
            "아파트명":"신미주",
            "투자타입":"일반",
            "전용면적(m2)":"81.16",
            "전용면적(평)":"24평",
            "법정동주소":"경기도 수원시 권선구 금곡동 262-10",
            "도로명주소":"경기도 수원시 권선구 금호로15번길 15",
            "세대수":50,
            "입주년차":0,
            "용적률점수":"--",
            "건폐율점수":"--",
            "세대당주차수":0,
            "난방방식":30,
            "공급면적":"--",
            "전용률":"--",
            "욕실수":50,
            "현관타입":10,
            "주거총점":26.5,
            "지역구공급총점":100.0,
            "역세권":80,
            "30분내 이동가능 거점":20,
            "1시간내 이동가능 거점":30,
            "교통총점":52.0,
            "백화점":0,
            "아울렛몰":80,
            "대형마트":80,
            "은행":0,
            "병원":60,
            "종합병원":100,
            "공원":100,
            "혐오시설":0,
            "인프라총점":49.0,
            "초등학군":89.99,
            "중학군":48.22,
            "학군총점":56.574,
            "인구수":41.61,
            "인구증감":-9.65,
            "인구총점":26.232,
            "일자리":19.56,
            "소득수준":100.0,
            "일자리총점":43.692,
            "가치 총점":46.6861,
            "매매실거래년":20220115.0,
            "매매실거래가":30500.0,
            "전세실거래년":20220207.0,
            "전세실거래가":20000.0,
            "전세가율":65.57,
            "장기전세가율평균":73.1,
            "전세가율거품지수":7.53,
            "검색코드":1780,
            "세대수":646.0,
            "준공년월":"1994-12-01",
            "준공년차":29.0,
            "가까운역이름":"호매실 (2028년 예정)",
            "가까운역거리":478.8,
            "역세권여부":"역세권",
            "30분이내주요거점역":1,
            "30분거점역이름":"['수원']",
            "1시간이내주요거점역":3,
            "1시간거점역이름":"['수원시청', '수원', 'GTX용인(2023년)']",
            "3km이내백화점수":0,
            "5km이내아울렛몰수":1,
            "1km이내대형먀트수":1,
            "500m이내은행수":0,
            "500m이내병원수":15,
            "5km이내대형병원수":2,
            "500m이내공원수":10,
            "3km이내혐오시설수":0,
            "초등학교학업성취도":89.99,
            "중학교학업성취도":79.7,
            "용적률":381,
            "건폐율":28,
            "Y":37.2697,
            "X":126.95297,
            "rank":82.0,
            "area_info":"24평(81.16), 31평(102.54), 35평(118.17), 51평(170.36)",
            "last_sales":"2022-01-15,30500.0,24평(81.16)",
            "rank_history":[
                [
                    "202203",
                    82
                ],
                [
                    "202202",
                    110
                ],
                [
                    "202201",
                    104
                ]
            ],
            "rank_gap":28
        },
        {
            "index":377,
            "아파트명":"일신건영",
            "투자타입":"일반",
            "전용면적(m2)":"80.09",
            "전용면적(평)":"24평",
            "법정동주소":"경기도 수원시 권선구 금곡동 252",
            "도로명주소":"경기도 수원시 권선구 매곡로 68",
            "세대수":0,
            "입주년차":0,
            "용적률점수":"--",
            "건폐율점수":"--",
            "세대당주차수":30,
            "난방방식":30,
            "공급면적":"--",
            "전용률":"--",
            "욕실수":50,
            "현관타입":100,
            "주거총점":22.5,
            "지역구공급총점":100.0,
            "역세권":80,
            "30분내 이동가능 거점":20,
            "1시간내 이동가능 거점":40,
            "교통총점":54.0,
            "백화점":0,
            "아울렛몰":80,
            "대형마트":80,
            "은행":0,
            "병원":60,
            "종합병원":100,
            "공원":100,
            "혐오시설":0,
            "인프라총점":49.0,
            "초등학군":89.99,
            "중학군":48.22,
            "학군총점":56.574,
            "인구수":41.61,
            "인구증감":-9.65,
            "인구총점":26.232,
            "일자리":19.56,
            "소득수준":100.0,
            "일자리총점":43.692,
            "가치 총점":46.5861,
            "매매실거래년":20211215.0,
            "매매실거래가":55000.0,
            "전세실거래년":20211015.0,
            "전세실거래가":20000.0,
            "전세가율":67.8,
            "장기전세가율평균":73.1,
            "전세가율거품지수":5.3,
            "검색코드":1778,
            "세대수":237.0,
            "준공년월":"1998-11-21",
            "준공년차":25.0,
            "가까운역이름":"호매실 (2028년 예정)",
            "가까운역거리":477.37,
            "역세권여부":"역세권",
            "30분이내주요거점역":1,
            "30분거점역이름":"['수원']",
            "1시간이내주요거점역":4,
            "1시간거점역이름":"['수원시청', '평촌', '수원', 'GTX용인(2023년)']",
            "3km이내백화점수":0,
            "5km이내아울렛몰수":1,
            "1km이내대형먀트수":1,
            "500m이내은행수":0,
            "500m이내병원수":27,
            "5km이내대형병원수":2,
            "500m이내공원수":9,
            "3km이내혐오시설수":0,
            "초등학교학업성취도":89.99,
            "중학교학업성취도":79.7,
            "용적률":259,
            "건폐율":25,
            "Y":37.27016,
            "X":126.95432,
            "rank":83.0,
            "area_info":"24평(80.09), 34평(113.37)",
            "last_sales":"2021-12-15,55000.0,34평(113.37)",
            "rank_history":[
                [
                    "202203",
                    83
                ],
                [
                    "202202",
                    114
                ],
                [
                    "202201",
                    108
                ]
            ],
            "rank_gap":31
        },
        {
            "index":90,
            "아파트명":"서수원엠코타운르본느",
            "투자타입":"일반",
            "전용면적(m2)":"81.11",
            "전용면적(평)":"24평",
            "법정동주소":"경기도 수원시 권선구 구운동 973",
            "도로명주소":"경기도 수원시 권선구 구운로47번길 59",
            "세대수":0,
            "입주년차":60,
            "용적률점수":"--",
            "건폐율점수":"--",
            "세대당주차수":30,
            "난방방식":30,
            "공급면적":"--",
            "전용률":"--",
            "욕실수":100,
            "현관타입":100,
            "주거총점":39.5,
            "지역구공급총점":100.0,
            "역세권":0,
            "30분내 이동가능 거점":20,
            "1시간내 이동가능 거점":80,
            "교통총점":22.0,
            "백화점":100,
            "아울렛몰":80,
            "대형마트":100,
            "은행":0,
            "병원":30,
            "종합병원":100,
            "공원":100,
            "혐오시설":0,
            "인프라총점":79.0,
            "초등학군":90.0,
            "중학군":35.94,
            "학군총점":46.752,
            "인구수":41.61,
            "인구증감":-9.65,
            "인구총점":26.232,
            "일자리":19.56,
            "소득수준":100.0,
            "일자리총점":43.692,
            "가치 총점":46.3128,
            "매매실거래년":20210721.0,
            "매매실거래가":39800.0,
            "전세실거래년":20211023.0,
            "전세실거래가":25000.0,
            "전세가율":76.92,
            "장기전세가율평균":73.1,
            "전세가율거품지수":-3.82,
            "검색코드":104971,
            "세대수":204.0,
            "준공년월":"2013-02-08",
            "준공년차":10.0,
            "가까운역이름":"호매실 (2028년 예정)",
            "가까운역거리":1663.93,
            "역세권여부":"비역세권",
            "30분이내주요거점역":1,
            "30분거점역이름":"['수원']",
            "1시간이내주요거점역":8,
            "1시간거점역이름":"['강남', '역삼', '수원시청', '평촌', '가산디지털단지', '수원', 'GTX용인(2023년)', 'GTX동탄(2023년)']",
            "3km이내백화점수":1,
            "5km이내아울렛몰수":1,
            "1km이내대형먀트수":2,
            "500m이내은행수":0,
            "500m이내병원수":7,
            "5km이내대형병원수":2,
            "500m이내공원수":5,
            "3km이내혐오시설수":0,
            "초등학교학업성취도":90.0,
            "중학교학업성취도":59.9,
            "용적률":217,
            "건폐율":23,
            "Y":37.277322,
            "X":126.969889,
            "rank":84.0,
            "area_info":"24평(81.11), 34평(112.77), 34평(113.41), 34평(113.41), 34평(113.19)",
            "last_sales":"2021-07-21,39800.0,34평(113.41)",
            "rank_history":[
                [
                    "202203",
                    84
                ],
                [
                    "202202",
                    63
                ],
                [
                    "202201",
                    61
                ]
            ],
            "rank_gap":-21
        },
        {
            "index":101,
            "아파트명":"아이엘오페라하우스",
            "투자타입":"일반",
            "전용면적(m2)":"86.06",
            "전용면적(평)":"26평",
            "법정동주소":"경기도 수원시 권선구 구운동 971",
            "도로명주소":"경기도 수원시 권선구 서부로1880번길 20",
            "세대수":0,
            "입주년차":40,
            "용적률점수":"--",
            "건폐율점수":"--",
            "세대당주차수":30,
            "난방방식":30,
            "공급면적":"--",
            "전용률":"--",
            "욕실수":50,
            "현관타입":100,
            "주거총점":30.5,
            "지역구공급총점":100.0,
            "역세권":0,
            "30분내 이동가능 거점":20,
            "1시간내 이동가능 거점":90,
            "교통총점":24.0,
            "백화점":100,
            "아울렛몰":80,
            "대형마트":100,
            "은행":0,
            "병원":60,
            "종합병원":100,
            "공원":100,
            "혐오시설":0,
            "인프라총점":82.0,
            "초등학군":90.0,
            "중학군":35.94,
            "학군총점":46.752,
            "인구수":41.61,
            "인구증감":-9.65,
            "인구총점":26.232,
            "일자리":19.56,
            "소득수준":100.0,
            "일자리총점":43.692,
            "가치 총점":46.1128,
            "매매실거래년":20210906.0,
            "매매실거래가":30900.0,
            "전세실거래년":20211007.0,
            "전세실거래가":16000.0,
            "전세가율":74.42,
            "장기전세가율평균":73.1,
            "전세가율거품지수":-1.32,
            "검색코드":26985,
            "세대수":129.0,
            "준공년월":"2006-12-27",
            "준공년차":17.0,
            "가까운역이름":"호매실 (2028년 예정)",
            "가까운역거리":1592.31,
            "역세권여부":"비역세권",
            "30분이내주요거점역":1,
            "30분거점역이름":"['수원']",
            "1시간이내주요거점역":9,
            "1시간거점역이름":"['강남', '역삼', '수원시청', '평촌', '가산디지털단지', '수원', '안산', 'GTX용인(2023년)', 'GTX동탄(2023년)']",
            "3km이내백화점수":2,
            "5km이내아울렛몰수":1,
            "1km이내대형먀트수":2,
            "500m이내은행수":0,
            "500m이내병원수":12,
            "5km이내대형병원수":2,
            "500m이내공원수":3,
            "3km이내혐오시설수":0,
            "초등학교학업성취도":90.0,
            "중학교학업성취도":59.9,
            "용적률":302,
            "건폐율":26,
            "Y":37.275643,
            "X":126.969449,
            "rank":85.0,
            "area_info":"26평(86.06), 32평(107.83)",
            "last_sales":"2021-09-06,30900.0,32평(107.83)",
            "rank_history":[
                [
                    "202203",
                    85
                ],
                [
                    "202202",
                    61
                ],
                [
                    "202201",
                    62
                ]
            ],
            "rank_gap":-24
        },
        {
            "index":542,
            "아파트명":"태산",
            "투자타입":"일반",
            "전용면적(m2)":"81.06",
            "전용면적(평)":"24평",
            "법정동주소":"경기도 수원시 권선구 오목천동 323-2",
            "도로명주소":"경기도 수원시 권선구 매송고색로533번길 7",
            "세대수":0,
            "입주년차":0,
            "용적률점수":"--",
            "건폐율점수":"--",
            "세대당주차수":30,
            "난방방식":30,
            "공급면적":"--",
            "전용률":"--",
            "욕실수":50,
            "현관타입":100,
            "주거총점":22.5,
            "지역구공급총점":100.0,
            "역세권":80,
            "30분내 이동가능 거점":40,
            "1시간내 이동가능 거점":80,
            "교통총점":68.0,
            "백화점":0,
            "아울렛몰":80,
            "대형마트":0,
            "은행":0,
            "병원":60,
            "종합병원":80,
            "공원":100,
            "혐오시설":0,
            "인프라총점":33.0,
            "초등학군":90.0,
            "중학군":40.8,
            "학군총점":50.64,
            "인구수":41.61,
            "인구증감":-9.65,
            "인구총점":26.232,
            "일자리":19.56,
            "소득수준":100.0,
            "일자리총점":43.692,
            "가치 총점":45.796,
            "매매실거래년":20211002.0,
            "매매실거래가":31000.0,
            "전세실거래년":20211231.0,
            "전세실거래가":24000.0,
            "전세가율":77.42,
            "장기전세가율평균":73.1,
            "전세가율거품지수":-4.32,
            "검색코드":2698,
            "세대수":278.0,
            "준공년월":"1997-12-10",
            "준공년차":26.0,
            "가까운역이름":"오목천",
            "가까운역거리":313.61,
            "역세권여부":"역세권",
            "30분이내주요거점역":2,
            "30분거점역이름":"['수원시청', '수원']",
            "1시간이내주요거점역":8,
            "1시간거점역이름":"['판교', '정자', '수원시청', '평촌', '수원', '안산', '서현', 'GTX용인(2023년)']",
            "3km이내백화점수":0,
            "5km이내아울렛몰수":1,
            "1km이내대형먀트수":0,
            "500m이내은행수":1,
            "500m이내병원수":14,
            "5km이내대형병원수":1,
            "500m이내공원수":4,
            "3km이내혐오시설수":0,
            "초등학교학업성취도":90.0,
            "중학교학업성취도":67.0,
            "용적률":287,
            "건폐율":23,
            "Y":37.24591,
            "X":126.96239,
            "rank":86.0,
            "area_info":"24평(81.06), 32평(108.6)",
            "last_sales":"2021-10-02,31000.0,24평(81.06)",
            "rank_history":[
                [
                    "202203",
                    86
                ],
                [
                    "202202",
                    118
                ],
                [
                    "202201",
                    116
                ]
            ],
            "rank_gap":32
        },
        {
            "index":170,
            "아파트명":"보성,유원",
            "투자타입":"일반",
            "전용면적(m2)":"79.95",
            "전용면적(평)":"24평",
            "법정동주소":"경기도 수원시 권선구 권선동 1265",
            "도로명주소":"경기도 수원시 권선구 권중로 110",
            "세대수":90,
            "입주년차":0,
            "용적률점수":"--",
            "건폐율점수":"--",
            "세대당주차수":30,
            "난방방식":100,
            "공급면적":"--",
            "전용률":"--",
            "욕실수":50,
            "현관타입":100,
            "주거총점":61.0,
            "지역구공급총점":100.0,
            "역세권":0,
            "30분내 이동가능 거점":20,
            "1시간내 이동가능 거점":80,
            "교통총점":22.0,
            "백화점":0,
            "아울렛몰":100,
            "대형마트":100,
            "은행":0,
            "병원":80,
            "종합병원":100,
            "공원":100,
            "혐오시설":0,
            "인프라총점":56.0,
            "초등학군":89.99,
            "중학군":51.6,
            "학군총점":59.278,
            "인구수":41.61,
            "인구증감":-9.65,
            "인구총점":26.232,
            "일자리":19.56,
            "소득수준":100.0,
            "일자리총점":43.692,
            "가치 총점":45.5917,
            "매매실거래년":20220125.0,
            "매매실거래가":37500.0,
            "전세실거래년":20220115.0,
            "전세실거래가":20475.0,
            "전세가율":55.49,
            "장기전세가율평균":73.1,
            "전세가율거품지수":17.61,
            "검색코드":1766,
            "세대수":1200.0,
            "준공년월":"1996-02-28",
            "준공년차":27.0,
            "가까운역이름":"매탄권선",
            "가까운역거리":1184.88,
            "역세권여부":"비역세권",
            "30분이내주요거점역":1,
            "30분거점역이름":"['수원']",
            "1시간이내주요거점역":8,
            "1시간거점역이름":"['판교', '정자', '수원시청', '평촌', '수원', '서현', 'GTX용인(2023년)', 'GTX동탄(2023년)']",
            "3km이내백화점수":0,
            "5km이내아울렛몰수":2,
            "1km이내대형먀트수":3,
            "500m이내은행수":1,
            "500m이내병원수":39,
            "5km이내대형병원수":4,
            "500m이내공원수":10,
            "3km이내혐오시설수":0,
            "초등학교학업성취도":89.99,
            "중학교학업성취도":83.4,
            "용적률":0,
            "건폐율":0,
            "Y":37.249277,
            "X":127.028051,
            "rank":87.0,
            "area_info":"24평(79.95), 25평(83.44)",
            "last_sales":"2022-01-25,37500.0,25평(83.44)",
            "rank_history":[
                [
                    "202203",
                    87
                ],
                [
                    "202202",
                    56
                ],
                [
                    "202201",
                    55
                ]
            ],
            "rank_gap":-31
        },
        {
            "index":77,
            "아파트명":"강남",
            "투자타입":"재건축",
            "전용면적(m2)":"78.7",
            "전용면적(평)":"23평",
            "법정동주소":"경기도 수원시 권선구 구운동 463",
            "도로명주소":"경기도 수원시 권선구 수성로 18",
            "세대수":50,
            "입주년차":"--",
            "용적률점수":20,
            "건폐율점수":100,
            "세대당주차수":"--",
            "난방방식":"--",
            "공급면적":50,
            "전용률":80,
            "욕실수":"--",
            "현관타입":"--",
            "주거총점":49.5,
            "지역구공급총점":100.0,
            "역세권":0,
            "30분내 이동가능 거점":20,
            "1시간내 이동가능 거점":40,
            "교통총점":14.0,
            "백화점":100,
            "아울렛몰":80,
            "대형마트":100,
            "은행":0,
            "병원":30,
            "종합병원":100,
            "공원":100,
            "혐오시설":0,
            "인프라총점":79.0,
            "초등학군":90.02,
            "중학군":35.94,
            "학군총점":46.756,
            "인구수":41.61,
            "인구증감":-9.65,
            "인구총점":26.232,
            "일자리":19.56,
            "소득수준":100.0,
            "일자리총점":43.692,
            "가치 총점":45.5134,
            "매매실거래년":20211129.0,
            "매매실거래가":49800.0,
            "전세실거래년":20220207.0,
            "전세실거래가":15000.0,
            "전세가율":47.02,
            "장기전세가율평균":73.1,
            "전세가율거품지수":26.08,
            "검색코드":2671,
            "세대수":552.0,
            "준공년월":"1991-02-13",
            "준공년차":32.0,
            "가까운역이름":"화서",
            "가까운역거리":1178.22,
            "역세권여부":"비역세권",
            "30분이내주요거점역":1,
            "30분거점역이름":"['수원']",
            "1시간이내주요거점역":4,
            "1시간거점역이름":"['수원시청', '평촌', '수원', 'GTX용인(2023년)']",
            "3km이내백화점수":2,
            "5km이내아울렛몰수":1,
            "1km이내대형먀트수":2,
            "500m이내은행수":0,
            "500m이내병원수":6,
            "5km이내대형병원수":3,
            "500m이내공원수":6,
            "3km이내혐오시설수":0,
            "초등학교학업성취도":90.02,
            "중학교학업성취도":59.9,
            "용적률":206,
            "건폐율":19,
            "Y":37.28182,
            "X":126.97658,
            "rank":88.0,
            "area_info":"23평(78.7), 26평(87.24), 28평(93.4), 28평(93.41), 30평(101.89), 30평(102.45)",
            "last_sales":"2021-11-29,49800.0,30평(101.89)",
            "rank_history":[
                [
                    "202203",
                    88
                ],
                [
                    "202202",
                    58
                ],
                [
                    "202201",
                    59
                ]
            ],
            "rank_gap":-30
        },
        {
            "index":280,
            "아파트명":"신명",
            "투자타입":"일반",
            "전용면적(m2)":"86.63",
            "전용면적(평)":"26평",
            "법정동주소":"경기도 수원시 권선구 권선동 1185",
            "도로명주소":"경기도 수원시 권선구 경수대로302번길 7",
            "세대수":0,
            "입주년차":0,
            "용적률점수":"--",
            "건폐율점수":"--",
            "세대당주차수":0,
            "난방방식":30,
            "공급면적":"--",
            "전용률":"--",
            "욕실수":50,
            "현관타입":10,
            "주거총점":9.0,
            "지역구공급총점":100.0,
            "역세권":0,
            "30분내 이동가능 거점":40,
            "1시간내 이동가능 거점":50,
            "교통총점":22.0,
            "백화점":100,
            "아울렛몰":100,
            "대형마트":80,
            "은행":70,
            "병원":80,
            "종합병원":100,
            "공원":100,
            "혐오시설":0,
            "인프라총점":90.0,
            "초등학군":89.98,
            "중학군":43.48,
            "학군총점":52.78,
            "인구수":41.61,
            "인구증감":-9.65,
            "인구총점":26.232,
            "일자리":19.56,
            "소득수준":100.0,
            "일자리총점":43.692,
            "가치 총점":44.417,
            "매매실거래년":20210923.0,
            "매매실거래가":36000.0,
            "전세실거래년":20211101.0,
            "전세실거래가":20000.0,
            "전세가율":55.56,
            "장기전세가율평균":73.1,
            "전세가율거품지수":17.54,
            "검색코드":1760,
            "세대수":156.0,
            "준공년월":"1994-07-23",
            "준공년차":29.0,
            "가까운역이름":"수원시청",
            "가까운역거리":1195.18,
            "역세권여부":"비역세권",
            "30분이내주요거점역":2,
            "30분거점역이름":"['수원시청', '수원']",
            "1시간이내주요거점역":5,
            "1시간거점역이름":"['수원시청', '평촌', '수원', 'GTX용인(2023년)', 'GTX동탄(2023년)']",
            "3km이내백화점수":2,
            "5km이내아울렛몰수":2,
            "1km이내대형먀트수":1,
            "500m이내은행수":3,
            "500m이내병원수":39,
            "5km이내대형병원수":4,
            "500m이내공원수":7,
            "3km이내혐오시설수":0,
            "초등학교학업성취도":89.98,
            "중학교학업성취도":72.0,
            "용적률":212,
            "건폐율":25,
            "Y":37.254099,
            "X":127.021597,
            "rank":89.0,
            "area_info":"26평(86.63), 31평(103.22)",
            "last_sales":"2021-09-23,36000.0,26평(86.63)",
            "rank_history":[
                [
                    "202203",
                    89
                ],
                [
                    "202202",
                    62
                ],
                [
                    "202201",
                    63
                ]
            ],
            "rank_gap":-27
        },
        {
            "index":258,
            "아파트명":"수원아이파크시티8단지",
            "투자타입":"일반",
            "전용면적(m2)":"68.97",
            "전용면적(평)":"20평",
            "법정동주소":"경기도 수원시 권선구 권선동 1364",
            "도로명주소":"경기도 수원시 권선구 동수원로177번길 40",
            "세대수":0,
            "입주년차":80,
            "용적률점수":"--",
            "건폐율점수":"--",
            "세대당주차수":30,
            "난방방식":100,
            "공급면적":"--",
            "전용률":"--",
            "욕실수":50,
            "현관타입":100,
            "주거총점":45.5,
            "지역구공급총점":100.0,
            "역세권":0,
            "30분내 이동가능 거점":40,
            "1시간내 이동가능 거점":80,
            "교통총점":28.0,
            "백화점":0,
            "아울렛몰":100,
            "대형마트":100,
            "은행":0,
            "병원":60,
            "종합병원":100,
            "공원":100,
            "혐오시설":0,
            "인프라총점":54.0,
            "초등학군":89.99,
            "중학군":48.38,
            "학군총점":56.702,
            "인구수":41.61,
            "인구증감":-9.65,
            "인구총점":26.232,
            "일자리":19.56,
            "소득수준":100.0,
            "일자리총점":43.692,
            "가치 총점":43.6053,
            "매매실거래년":20210709.0,
            "매매실거래가":62500.0,
            "전세실거래년":20210706.0,
            "전세실거래가":25700.0,
            "전세가율":57.11,
            "장기전세가율평균":73.1,
            "전세가율거품지수":15.99,
            "검색코드":111345,
            "세대수":282.0,
            "준공년월":"2017-06-29",
            "준공년차":6.0,
            "가까운역이름":"매탄권선",
            "가까운역거리":1123.44,
            "역세권여부":"비역세권",
            "30분이내주요거점역":2,
            "30분거점역이름":"['수원시청', '수원']",
            "1시간이내주요거점역":8,
            "1시간거점역이름":"['판교', '정자', '수원시청', '평촌', '수원', '서현', 'GTX용인(2023년)', 'GTX동탄(2023년)']",
            "3km이내백화점수":0,
            "5km이내아울렛몰수":2,
            "1km이내대형먀트수":4,
            "500m이내은행수":1,
            "500m이내병원수":11,
            "5km이내대형병원수":4,
            "500m이내공원수":7,
            "3km이내혐오시설수":0,
            "초등학교학업성취도":89.99,
            "중학교학업성취도":78.5,
            "용적률":398,
            "건폐율":69,
            "Y":37.246676,
            "X":127.030442,
            "rank":90.0,
            "area_info":"20평(68.97), 20평(68.93), 20평(69.22), 22평(74.85), 22평(75.98), 24평(81.85), 29평(98.29), 30평(100.76), 30평(100.4), 30평(101.35), 30평(101.53), 30평(102.38), 31평(103.59)",
            "last_sales":"2021-07-09,62500.0,31평(103.59)",
            "rank_history":[
                [
                    "202203",
                    90
                ],
                [
                    "202202",
                    65
                ],
                [
                    "202201",
                    68
                ]
            ],
            "rank_gap":-25
        },
        {
            "index":349,
            "아파트명":"삼익1차",
            "투자타입":"일반",
            "전용면적(m2)":"78.73",
            "전용면적(평)":"23평",
            "법정동주소":"경기도 수원시 권선구 금곡동 241",
            "도로명주소":"경기도 수원시 권선구 금호로 45",
            "세대수":50,
            "입주년차":0,
            "용적률점수":"--",
            "건폐율점수":"--",
            "세대당주차수":0,
            "난방방식":30,
            "공급면적":"--",
            "전용률":"--",
            "욕실수":50,
            "현관타입":10,
            "주거총점":26.5,
            "지역구공급총점":100.0,
            "역세권":50,
            "30분내 이동가능 거점":20,
            "1시간내 이동가능 거점":60,
            "교통총점":43.0,
            "백화점":0,
            "아울렛몰":80,
            "대형마트":80,
            "은행":0,
            "병원":60,
            "종합병원":100,
            "공원":100,
            "혐오시설":0,
            "인프라총점":49.0,
            "초등학군":89.99,
            "중학군":48.22,
            "학군총점":56.574,
            "인구수":41.61,
            "인구증감":-9.65,
            "인구총점":26.232,
            "일자리":19.56,
            "소득수준":100.0,
            "일자리총점":43.692,
            "가치 총점":43.5361,
            "매매실거래년":20220209.0,
            "매매실거래가":35700.0,
            "전세실거래년":20220108.0,
            "전세실거래가":25000.0,
            "전세가율":70.03,
            "장기전세가율평균":73.1,
            "전세가율거품지수":3.07,
            "검색코드":1776,
            "세대수":400.0,
            "준공년월":"1995-05-29",
            "준공년차":28.0,
            "가까운역이름":"호매실 (2028년 예정)",
            "가까운역거리":642.63,
            "역세권여부":"준역세권",
            "30분이내주요거점역":1,
            "30분거점역이름":"['수원']",
            "1시간이내주요거점역":6,
            "1시간거점역이름":"['강남', '역삼', '수원시청', '평촌', '수원', 'GTX용인(2023년)']",
            "3km이내백화점수":0,
            "5km이내아울렛몰수":1,
            "1km이내대형먀트수":1,
            "500m이내은행수":0,
            "500m이내병원수":19,
            "5km이내대형병원수":2,
            "500m이내공원수":6,
            "3km이내혐오시설수":0,
            "초등학교학업성취도":89.99,
            "중학교학업성취도":79.7,
            "용적률":277,
            "건폐율":22,
            "Y":37.269728,
            "X":126.956665,
            "rank":91.0,
            "area_info":"23평(78.73), 32평(105.93), 42평(140.44)",
            "last_sales":"2022-02-09,35700.0,23평(78.73)",
            "rank_history":[
                [
                    "202203",
                    91
                ],
                [
                    "202202",
                    110
                ],
                [
                    "202201",
                    104
                ]
            ],
            "rank_gap":19
        },
        {
            "index":379,
            "아파트명":"호매실더센트라고",
            "투자타입":"일반",
            "전용면적(m2)":"80.54",
            "전용면적(평)":"24평",
            "법정동주소":"경기도 수원시 권선구 금곡동 1076",
            "도로명주소":"경기도 수원시 권선구 서수원로577번길 263",
            "세대수":50,
            "입주년차":80,
            "용적률점수":"--",
            "건폐율점수":"--",
            "세대당주차수":30,
            "난방방식":100,
            "공급면적":"--",
            "전용률":"--",
            "욕실수":100,
            "현관타입":100,
            "주거총점":68.0,
            "지역구공급총점":100.0,
            "역세권":50,
            "30분내 이동가능 거점":0,
            "1시간내 이동가능 거점":30,
            "교통총점":31.0,
            "백화점":0,
            "아울렛몰":0,
            "대형마트":80,
            "은행":0,
            "병원":60,
            "종합병원":80,
            "공원":100,
            "혐오시설":0,
            "인프라총점":37.0,
            "초등학군":89.98,
            "중학군":41.76,
            "학군총점":51.404,
            "인구수":41.61,
            "인구증감":-9.65,
            "인구총점":26.232,
            "일자리":19.56,
            "소득수준":100.0,
            "일자리총점":43.692,
            "가치 총점":43.2606,
            "매매실거래년":20210817.0,
            "매매실거래가":58000.0,
            "전세실거래년":20220115.0,
            "전세실거래가":33000.0,
            "전세가율":56.9,
            "장기전세가율평균":73.1,
            "전세가율거품지수":16.2,
            "검색코드":107018,
            "세대수":450.0,
            "준공년월":"2014-06-10",
            "준공년차":9.0,
            "가까운역이름":"호매실 (2028년 예정)",
            "가까운역거리":821.73,
            "역세권여부":"준역세권",
            "30분이내주요거점역":0,
            "30분거점역이름":"[]",
            "1시간이내주요거점역":3,
            "1시간거점역이름":"['수원시청', '평촌', '수원']",
            "3km이내백화점수":0,
            "5km이내아울렛몰수":0,
            "1km이내대형먀트수":1,
            "500m이내은행수":0,
            "500m이내병원수":29,
            "5km이내대형병원수":1,
            "500m이내공원수":8,
            "3km이내혐오시설수":0,
            "초등학교학업성취도":89.98,
            "중학교학업성취도":69.6,
            "용적률":169,
            "건폐율":20,
            "Y":37.276047,
            "X":126.94272,
            "rank":92.0,
            "area_info":"24평(80.54), 24평(80.73), 34평(113.94), 34평(114.37), 34평(114.15), 34평(114.34), 35평(116.29)",
            "last_sales":"2021-08-17,58000.0,24평(80.54)",
            "rank_history":[
                [
                    "202203",
                    92
                ],
                [
                    "202202",
                    104
                ],
                [
                    "202201",
                    100
                ]
            ],
            "rank_gap":12
        },
        {
            "index":347,
            "아파트명":"동성",
            "투자타입":"일반",
            "전용면적(m2)":"78.33",
            "전용면적(평)":"23평",
            "법정동주소":"경기도 수원시 권선구 금곡동 243",
            "도로명주소":"경기도 수원시 권선구 매곡로 100",
            "세대수":0,
            "입주년차":20,
            "용적률점수":"--",
            "건폐율점수":"--",
            "세대당주차수":0,
            "난방방식":30,
            "공급면적":"--",
            "전용률":"--",
            "욕실수":50,
            "현관타입":100,
            "주거총점":22.0,
            "지역구공급총점":100.0,
            "역세권":50,
            "30분내 이동가능 거점":20,
            "1시간내 이동가능 거점":60,
            "교통총점":43.0,
            "백화점":0,
            "아울렛몰":80,
            "대형마트":80,
            "은행":0,
            "병원":80,
            "종합병원":100,
            "공원":100,
            "혐오시설":0,
            "인프라총점":51.0,
            "초등학군":89.99,
            "중학군":48.22,
            "학군총점":56.574,
            "인구수":41.61,
            "인구증감":-9.65,
            "인구총점":26.232,
            "일자리":19.56,
            "소득수준":100.0,
            "일자리총점":43.692,
            "가치 총점":43.2361,
            "매매실거래년":20220125.0,
            "매매실거래가":45500.0,
            "전세실거래년":20211204.0,
            "전세실거래가":18900.0,
            "전세가율":45.0,
            "장기전세가율평균":73.1,
            "전세가율거품지수":28.1,
            "검색코드":9097,
            "세대수":219.0,
            "준공년월":"1999-06-25",
            "준공년차":24.0,
            "가까운역이름":"호매실 (2028년 예정)",
            "가까운역거리":515.32,
            "역세권여부":"준역세권",
            "30분이내주요거점역":1,
            "30분거점역이름":"['수원']",
            "1시간이내주요거점역":6,
            "1시간거점역이름":"['강남', '역삼', '수원시청', '평촌', '수원', 'GTX용인(2023년)']",
            "3km이내백화점수":0,
            "5km이내아울렛몰수":1,
            "1km이내대형먀트수":1,
            "500m이내은행수":0,
            "500m이내병원수":38,
            "5km이내대형병원수":2,
            "500m이내공원수":7,
            "3km이내혐오시설수":0,
            "초등학교학업성취도":89.99,
            "중학교학업성취도":79.7,
            "용적률":223,
            "건폐율":18,
            "Y":37.27126,
            "X":126.95641,
            "rank":93.0,
            "area_info":"23평(78.33), 33평(110.93)",
            "last_sales":"2022-01-25,45500.0,33평(110.93)",
            "rank_history":[
                [
                    "202203",
                    93
                ],
                [
                    "202202",
                    112
                ],
                [
                    "202201",
                    106
                ]
            ],
            "rank_gap":19
        },
        {
            "index":191,
            "아파트명":"수원아이파크시티1단지",
            "투자타입":"일반",
            "전용면적(m2)":"110.47",
            "전용면적(평)":"33평",
            "법정동주소":"경기도 수원시 권선구 권선동 1360",
            "도로명주소":"경기도 수원시 권선구 동수원로145번길 74",
            "세대수":50,
            "입주년차":60,
            "용적률점수":"--",
            "건폐율점수":"--",
            "세대당주차수":60,
            "난방방식":100,
            "공급면적":"--",
            "전용률":"--",
            "욕실수":100,
            "현관타입":100,
            "주거총점":68.5,
            "지역구공급총점":100.0,
            "역세권":0,
            "30분내 이동가능 거점":20,
            "1시간내 이동가능 거점":60,
            "교통총점":18.0,
            "백화점":0,
            "아울렛몰":80,
            "대형마트":100,
            "은행":0,
            "병원":30,
            "종합병원":100,
            "공원":100,
            "혐오시설":0,
            "인프라총점":49.0,
            "초등학군":89.99,
            "중학군":48.38,
            "학군총점":56.702,
            "인구수":41.61,
            "인구증감":-9.65,
            "인구총점":26.232,
            "일자리":19.56,
            "소득수준":100.0,
            "일자리총점":43.692,
            "가치 총점":43.2053,
            "매매실거래년":20211022.0,
            "매매실거래가":160000.0,
            "전세실거래년":20210718.0,
            "전세실거래가":33600.0,
            "전세가율":48.0,
            "장기전세가율평균":73.1,
            "전세가율거품지수":25.1,
            "검색코드":101122,
            "세대수":543.0,
            "준공년월":"2011-10-29",
            "준공년차":12.0,
            "가까운역이름":"세류",
            "가까운역거리":1196.85,
            "역세권여부":"비역세권",
            "30분이내주요거점역":1,
            "30분거점역이름":"['수원']",
            "1시간이내주요거점역":6,
            "1시간거점역이름":"['정자', '수원시청', '평촌', '수원', 'GTX용인(2023년)', 'GTX동탄(2023년)']",
            "3km이내백화점수":0,
            "5km이내아울렛몰수":1,
            "1km이내대형먀트수":4,
            "500m이내은행수":0,
            "500m이내병원수":7,
            "5km이내대형병원수":4,
            "500m이내공원수":4,
            "3km이내혐오시설수":0,
            "초등학교학업성취도":89.99,
            "중학교학업성취도":78.5,
            "용적률":189,
            "건폐율":25,
            "Y":37.245899,
            "X":127.027079,
            "rank":94.0,
            "area_info":"33평(110.47), 33평(110.46), 33평(111.8), 33평(111.46), 33평(111.29), 40평(132.38), 48평(159.25), 48평(160.25), 48평(160.13), 48평(160.65), 52평(173.9), 52평(173.47), 58평(191.89), 78평(257.93)",
            "last_sales":"2021-10-22,160000.0,78평(257.93)",
            "rank_history":[
                [
                    "202203",
                    94
                ],
                [
                    "202202",
                    59
                ],
                [
                    "202201",
                    58
                ]
            ],
            "rank_gap":-35
        },
        {
            "index":594,
            "아파트명":"삼익2차",
            "투자타입":"일반",
            "전용면적(m2)":"82.29",
            "전용면적(평)":"24평",
            "법정동주소":"경기도 수원시 권선구 호매실동 82-5",
            "도로명주소":"경기도 수원시 권선구 매실로 61",
            "세대수":30,
            "입주년차":0,
            "용적률점수":"--",
            "건폐율점수":"--",
            "세대당주차수":30,
            "난방방식":100,
            "공급면적":"--",
            "전용률":"--",
            "욕실수":50,
            "현관타입":10,
            "주거총점":31.0,
            "지역구공급총점":100.0,
            "역세권":50,
            "30분내 이동가능 거점":20,
            "1시간내 이동가능 거점":40,
            "교통총점":39.0,
            "백화점":0,
            "아울렛몰":80,
            "대형마트":80,
            "은행":0,
            "병원":60,
            "종합병원":100,
            "공원":100,
            "혐오시설":0,
            "인프라총점":49.0,
            "초등학군":89.97,
            "중학군":48.22,
            "학군총점":56.57,
            "인구수":41.61,
            "인구증감":-9.65,
            "인구총점":26.232,
            "일자리":19.56,
            "소득수준":100.0,
            "일자리총점":43.692,
            "가치 총점":43.0355,
            "매매실거래년":20211231.0,
            "매매실거래가":38000.0,
            "전세실거래년":20211222.0,
            "전세실거래가":25000.0,
            "전세가율":65.79,
            "장기전세가율평균":73.1,
            "전세가율거품지수":7.31,
            "검색코드":2722,
            "세대수":354.0,
            "준공년월":"1998-06-23",
            "준공년차":25.0,
            "가까운역이름":"호매실 (2028년 예정)",
            "가까운역거리":768.12,
            "역세권여부":"준역세권",
            "30분이내주요거점역":1,
            "30분거점역이름":"['수원']",
            "1시간이내주요거점역":4,
            "1시간거점역이름":"['수원시청', '평촌', '수원', 'GTX용인(2023년)']",
            "3km이내백화점수":0,
            "5km이내아울렛몰수":1,
            "1km이내대형먀트수":1,
            "500m이내은행수":0,
            "500m이내병원수":20,
            "5km이내대형병원수":2,
            "500m이내공원수":6,
            "3km이내혐오시설수":0,
            "초등학교학업성취도":89.97,
            "중학교학업성취도":79.7,
            "용적률":290,
            "건폐율":22,
            "Y":37.268771,
            "X":126.957457,
            "rank":95.0,
            "area_info":"24평(82.29), 32평(107.51), 32평(107.71)",
            "last_sales":"2021-12-31,38000.0,24평(82.29)",
            "rank_history":[
                [
                    "202203",
                    95
                ],
                [
                    "202202",
                    108
                ],
                [
                    "202201",
                    102
                ]
            ],
            "rank_gap":13
        },
        {
            "index":216,
            "아파트명":"수원아이파크시티3단지",
            "투자타입":"일반",
            "전용면적(m2)":"111.08",
            "전용면적(평)":"33평",
            "법정동주소":"경기도 수원시 권선구 권선동 1359",
            "도로명주소":"경기도 수원시 권선구 동수원로145번길 73",
            "세대수":80,
            "입주년차":60,
            "용적률점수":"--",
            "건폐율점수":"--",
            "세대당주차수":60,
            "난방방식":100,
            "공급면적":"--",
            "전용률":"--",
            "욕실수":100,
            "현관타입":100,
            "주거총점":79.0,
            "지역구공급총점":100.0,
            "역세권":0,
            "30분내 이동가능 거점":20,
            "1시간내 이동가능 거점":40,
            "교통총점":14.0,
            "백화점":0,
            "아울렛몰":80,
            "대형마트":100,
            "은행":0,
            "병원":0,
            "종합병원":100,
            "공원":100,
            "혐오시설":0,
            "인프라총점":46.0,
            "초등학군":89.98,
            "중학군":48.38,
            "학군총점":56.7,
            "인구수":41.61,
            "인구증감":-9.65,
            "인구총점":26.232,
            "일자리":19.56,
            "소득수준":100.0,
            "일자리총점":43.692,
            "가치 총점":43.005,
            "매매실거래년":20210928.0,
            "매매실거래가":77000.0,
            "전세실거래년":20220115.0,
            "전세실거래가":36750.0,
            "전세가율":52.5,
            "장기전세가율평균":73.1,
            "전세가율거품지수":20.6,
            "검색코드":101132,
            "세대수":793.0,
            "준공년월":"2011-10-29",
            "준공년차":12.0,
            "가까운역이름":"세류",
            "가까운역거리":1072.94,
            "역세권여부":"비역세권",
            "30분이내주요거점역":1,
            "30분거점역이름":"['수원']",
            "1시간이내주요거점역":4,
            "1시간거점역이름":"['수원시청', '평촌', '수원', 'GTX용인(2023년)']",
            "3km이내백화점수":0,
            "5km이내아울렛몰수":1,
            "1km이내대형먀트수":2,
            "500m이내은행수":0,
            "500m이내병원수":1,
            "5km이내대형병원수":4,
            "500m이내공원수":3,
            "3km이내혐오시설수":0,
            "초등학교학업성취도":89.98,
            "중학교학업성취도":78.5,
            "용적률":198,
            "건폐율":25,
            "Y":37.242663,
            "X":127.025825,
            "rank":96.0,
            "area_info":"33평(111.08), 33평(111.9), 33평(111.01), 33평(112.07), 34평(112.4), 48평(160.13), 48평(161.13), 52평(174.87), 52평(174.43), 58평(192.95), 78평(259.37)",
            "last_sales":"2021-09-28,77000.0,34평(112.4)",
            "rank_history":[
                [
                    "202203",
                    96
                ],
                [
                    "202202",
                    69
                ],
                [
                    "202201",
                    71
                ]
            ],
            "rank_gap":-27
        },
        {
            "index":333,
            "아파트명":"거산",
            "투자타입":"일반",
            "전용면적(m2)":"84.47",
            "전용면적(평)":"25평",
            "법정동주소":"경기도 수원시 권선구 금곡동 104-3",
            "도로명주소":"경기도 수원시 권선구 서수원로591번길 43",
            "세대수":0,
            "입주년차":0,
            "용적률점수":"--",
            "건폐율점수":"--",
            "세대당주차수":30,
            "난방방식":30,
            "공급면적":"--",
            "전용률":"--",
            "욕실수":50,
            "현관타입":10,
            "주거총점":13.5,
            "지역구공급총점":100.0,
            "역세권":80,
            "30분내 이동가능 거점":0,
            "1시간내 이동가능 거점":50,
            "교통총점":50.0,
            "백화점":0,
            "아울렛몰":80,
            "대형마트":80,
            "은행":0,
            "병원":60,
            "종합병원":100,
            "공원":100,
            "혐오시설":0,
            "인프라총점":49.0,
            "초등학군":90.0,
            "중학군":41.76,
            "학군총점":51.408,
            "인구수":41.61,
            "인구증감":-9.65,
            "인구총점":26.232,
            "일자리":19.56,
            "소득수준":100.0,
            "일자리총점":43.692,
            "가치 총점":42.6112,
            "매매실거래년":20211208.0,
            "매매실거래가":44000.0,
            "전세실거래년":20220222.0,
            "전세실거래가":23000.0,
            "전세가율":58.97,
            "장기전세가율평균":73.1,
            "전세가율거품지수":14.13,
            "검색코드":1775,
            "세대수":237.0,
            "준공년월":"1995-11-27",
            "준공년차":28.0,
            "가까운역이름":"호매실 (2028년 예정)",
            "가까운역거리":466.55,
            "역세권여부":"역세권",
            "30분이내주요거점역":0,
            "30분거점역이름":"[]",
            "1시간이내주요거점역":5,
            "1시간거점역이름":"['강남', '수원시청', '평촌', '가산디지털단지', '수원']",
            "3km이내백화점수":0,
            "5km이내아울렛몰수":1,
            "1km이내대형먀트수":1,
            "500m이내은행수":0,
            "500m이내병원수":23,
            "5km이내대형병원수":2,
            "500m이내공원수":5,
            "3km이내혐오시설수":0,
            "초등학교학업성취도":90.0,
            "중학교학업성취도":69.6,
            "용적률":244,
            "건폐율":25,
            "Y":37.27788,
            "X":126.95312,
            "rank":97.0,
            "area_info":"25평(84.47), 31평(105.51)",
            "last_sales":"2021-12-08,44000.0,31평(105.51)",
            "rank_history":[
                [
                    "202203",
                    97
                ],
                [
                    "202202",
                    124
                ],
                [
                    "202201",
                    124
                ]
            ],
            "rank_gap":27
        },
        {
            "index":271,
            "아파트명":"수원아이파크시티9단지",
            "투자타입":"일반",
            "전용면적(m2)":"45.63",
            "전용면적(평)":"13평",
            "법정동주소":"경기도 수원시 권선구 권선동 1362",
            "도로명주소":"경기도 수원시 권선구 동수원로177번길 90",
            "세대수":0,
            "입주년차":80,
            "용적률점수":"--",
            "건폐율점수":"--",
            "세대당주차수":30,
            "난방방식":100,
            "공급면적":"--",
            "전용률":"--",
            "욕실수":50,
            "현관타입":100,
            "주거총점":45.5,
            "지역구공급총점":100.0,
            "역세권":0,
            "30분내 이동가능 거점":40,
            "1시간내 이동가능 거점":70,
            "교통총점":26.0,
            "백화점":0,
            "아울렛몰":80,
            "대형마트":100,
            "은행":0,
            "병원":60,
            "종합병원":100,
            "공원":100,
            "혐오시설":0,
            "인프라총점":52.0,
            "초등학군":89.99,
            "중학군":48.38,
            "학군총점":56.702,
            "인구수":41.61,
            "인구증감":-9.65,
            "인구총점":26.232,
            "일자리":19.56,
            "소득수준":100.0,
            "일자리총점":43.692,
            "가치 총점":42.3053,
            "매매실거래년":20220127.0,
            "매매실거래가":48500.0,
            "전세실거래년":20220209.0,
            "전세실거래가":20300.0,
            "전세가율":70.0,
            "장기전세가율평균":73.1,
            "전세가율거품지수":3.1,
            "검색코드":110473,
            "세대수":268.0,
            "준공년월":"2017-06-29",
            "준공년차":6.0,
            "가까운역이름":"세류",
            "가까운역거리":1267.94,
            "역세권여부":"비역세권",
            "30분이내주요거점역":2,
            "30분거점역이름":"['수원시청', '수원']",
            "1시간이내주요거점역":7,
            "1시간거점역이름":"['정자', '수원시청', '평촌', '수원', '서현', 'GTX용인(2023년)', 'GTX동탄(2023년)']",
            "3km이내백화점수":0,
            "5km이내아울렛몰수":1,
            "1km이내대형먀트수":4,
            "500m이내은행수":0,
            "500m이내병원수":23,
            "5km이내대형병원수":4,
            "500m이내공원수":6,
            "3km이내혐오시설수":0,
            "초등학교학업성취도":89.99,
            "중학교학업성취도":78.5,
            "용적률":399,
            "건폐율":46,
            "Y":37.247369,
            "X":127.027434,
            "rank":98.0,
            "area_info":"13평(45.63), 19평(63.7), 21평(69.51), 21평(70.09), 30평(102.47), 31평(103.51), 31평(103.25)",
            "last_sales":"2022-01-27,48500.0,19평(63.7)",
            "rank_history":[
                [
                    "202203",
                    98
                ],
                [
                    "202202",
                    70
                ],
                [
                    "202201",
                    67
                ]
            ],
            "rank_gap":-28
        },
        {
            "index":41,
            "아파트명":"수원하늘채더퍼스트2단지",
            "투자타입":"일반",
            "전용면적(m2)":"83.6",
            "전용면적(평)":"25평",
            "법정동주소":"경기도 수원시 권선구 곡반정동 186-2",
            "도로명주소":"경기도 수원시 권선구 곡반정로 158",
            "세대수":100,
            "입주년차":100,
            "용적률점수":"--",
            "건폐율점수":"--",
            "세대당주차수":30,
            "난방방식":100,
            "공급면적":"--",
            "전용률":"--",
            "욕실수":100,
            "현관타입":100,
            "주거총점":89.5,
            "지역구공급총점":100.0,
            "역세권":0,
            "30분내 이동가능 거점":0,
            "1시간내 이동가능 거점":30,
            "교통총점":6.0,
            "백화점":0,
            "아울렛몰":80,
            "대형마트":80,
            "은행":0,
            "병원":30,
            "종합병원":100,
            "공원":100,
            "혐오시설":0,
            "인프라총점":46.0,
            "초등학군":89.98,
            "중학군":48.38,
            "학군총점":56.7,
            "인구수":41.61,
            "인구증감":-9.65,
            "인구총점":26.232,
            "일자리":19.56,
            "소득수준":100.0,
            "일자리총점":43.692,
            "가치 총점":42.305,
            "매매실거래년":20220117.0,
            "매매실거래가":53440.0,
            "전세실거래년":null,
            "전세실거래가":null,
            "전세가율":null,
            "장기전세가율평균":73.1,
            "전세가율거품지수":null,
            "검색코드":130136,
            "세대수":1833.0,
            "준공년월":"2021-12-01",
            "준공년차":2.0,
            "가까운역이름":"매탄권선",
            "가까운역거리":1603.57,
            "역세권여부":"비역세권",
            "30분이내주요거점역":0,
            "30분거점역이름":"[]",
            "1시간이내주요거점역":3,
            "1시간거점역이름":"['수원시청', '수원', 'GTX용인(2023년)']",
            "3km이내백화점수":0,
            "5km이내아울렛몰수":1,
            "1km이내대형먀트수":1,
            "500m이내은행수":0,
            "500m이내병원수":5,
            "5km이내대형병원수":5,
            "500m이내공원수":4,
            "3km이내혐오시설수":0,
            "초등학교학업성취도":89.98,
            "중학교학업성취도":78.5,
            "용적률":197,
            "건폐율":21,
            "Y":37.239222,
            "X":127.033756,
            "rank":99.0,
            "area_info":"25평(83.6), 25평(83.66), 25평(84.4), 30평(99.68), 30평(99.64), 33평(110.47), 33평(110.48)",
            "last_sales":"2022-01-17,53440.0,30평(99.64)",
            "rank_history":[
                [
                    "202203",
                    99
                ],
                [
                    "202202",
                    64
                ],
                [
                    "202201",
                    84
                ]
            ],
            "rank_gap":-35
        },
        {
            "index":237,
            "아파트명":"수원아이파크시티5,6단지",
            "투자타입":"일반",
            "전용면적(m2)":"81.97",
            "전용면적(평)":"24평",
            "법정동주소":"경기도 수원시 권선구 권선동 1355",
            "도로명주소":"경기도 수원시 권선구 곡선로 10",
            "세대수":90,
            "입주년차":80,
            "용적률점수":"--",
            "건폐율점수":"--",
            "세대당주차수":30,
            "난방방식":100,
            "공급면적":"--",
            "전용률":"--",
            "욕실수":100,
            "현관타입":100,
            "주거총점":82.0,
            "지역구공급총점":100.0,
            "역세권":0,
            "30분내 이동가능 거점":0,
            "1시간내 이동가능 거점":40,
            "교통총점":8.0,
            "백화점":0,
            "아울렛몰":80,
            "대형마트":80,
            "은행":0,
            "병원":30,
            "종합병원":100,
            "공원":100,
            "혐오시설":0,
            "인프라총점":46.0,
            "초등학군":89.98,
            "중학군":48.38,
            "학군총점":56.7,
            "인구수":41.61,
            "인구증감":-9.65,
            "인구총점":26.232,
            "일자리":19.56,
            "소득수준":100.0,
            "일자리총점":43.692,
            "가치 총점":41.505,
            "매매실거래년":20201223.0,
            "매매실거래가":70500.0,
            "전세실거래년":null,
            "전세실거래가":null,
            "전세가율":null,
            "장기전세가율평균":73.1,
            "전세가율거품지수":null,
            "검색코드":107330,
            "세대수":1152.0,
            "준공년월":"2015-08-25",
            "준공년차":8.0,
            "가까운역이름":"세류",
            "가까운역거리":1121.08,
            "역세권여부":"비역세권",
            "30분이내주요거점역":0,
            "30분거점역이름":"[]",
            "1시간이내주요거점역":4,
            "1시간거점역이름":"['수원시청', '평촌', '수원', 'GTX용인(2023년)']",
            "3km이내백화점수":0,
            "5km이내아울렛몰수":1,
            "1km이내대형먀트수":1,
            "500m이내은행수":0,
            "500m이내병원수":6,
            "5km이내대형병원수":4,
            "500m이내공원수":7,
            "3km이내혐오시설수":0,
            "초등학교학업성취도":89.98,
            "중학교학업성취도":78.5,
            "용적률":177,
            "건폐율":22,
            "Y":37.239568,
            "X":127.025252,
            "rank":100.0,
            "area_info":"24평(81.97), 24평(82.14), 25평(83.06), 25평(83.41), 25평(83.83), 25평(84.5), 30평(102.33), 31평(103.69), 34평(115.32), 35평(115.96), 35평(116.6), 35평(116.87), 35평(117.49), 41평(137.28)",
            "last_sales":"2020-12-23,70500.0,41평(137.28)",
            "rank_history":[
                [
                    "202203",
                    100
                ],
                [
                    "202202",
                    73
                ],
                [
                    "202201",
                    93
                ]
            ],
            "rank_gap":-27
        },
        {
            "index":574,
            "아파트명":"수원탑동우방파크타운",
            "투자타입":"일반",
            "전용면적(m2)":"78.81",
            "전용면적(평)":"23평",
            "법정동주소":"경기도 수원시 권선구 탑동 860",
            "도로명주소":"경기도 수원시 권선구 효탑로 50",
            "세대수":50,
            "입주년차":20,
            "용적률점수":"--",
            "건폐율점수":"--",
            "세대당주차수":30,
            "난방방식":100,
            "공급면적":"--",
            "전용률":"--",
            "욕실수":50,
            "현관타입":100,
            "주거총점":51.0,
            "지역구공급총점":100.0,
            "역세권":0,
            "30분내 이동가능 거점":20,
            "1시간내 이동가능 거점":40,
            "교통총점":14.0,
            "백화점":100,
            "아울렛몰":80,
            "대형마트":0,
            "은행":0,
            "병원":30,
            "종합병원":100,
            "공원":100,
            "혐오시설":0,
            "인프라총점":64.0,
            "초등학군":89.98,
            "중학군":35.94,
            "학군총점":46.748,
            "인구수":41.61,
            "인구증감":-9.65,
            "인구총점":26.232,
            "일자리":19.56,
            "소득수준":100.0,
            "일자리총점":43.692,
            "가치 총점":41.3122,
            "매매실거래년":20210927.0,
            "매매실거래가":48500.0,
            "전세실거래년":20220122.0,
            "전세실거래가":16000.0,
            "전세가율":65.31,
            "장기전세가율평균":73.1,
            "전세가율거품지수":7.79,
            "검색코드":9513,
            "세대수":458.0,
            "준공년월":"1999-09-28",
            "준공년차":24.0,
            "가까운역이름":"고색",
            "가까운역거리":2076.18,
            "역세권여부":"비역세권",
            "30분이내주요거점역":1,
            "30분거점역이름":"['수원']",
            "1시간이내주요거점역":4,
            "1시간거점역이름":"['수원시청', '평촌', '수원', 'GTX용인(2023년)']",
            "3km이내백화점수":2,
            "5km이내아울렛몰수":1,
            "1km이내대형먀트수":0,
            "500m이내은행수":0,
            "500m이내병원수":8,
            "5km이내대형병원수":3,
            "500m이내공원수":2,
            "3km이내혐오시설수":0,
            "초등학교학업성취도":89.98,
            "중학교학업성취도":59.9,
            "용적률":196,
            "건폐율":23,
            "Y":37.267774,
            "X":126.974348,
            "rank":101.0,
            "area_info":"23평(78.81), 32평(106.18), 40평(133.03), 49평(163.83)",
            "last_sales":"2021-09-27,48500.0,49평(163.83)",
            "rank_history":[
                [
                    "202203",
                    101
                ],
                [
                    "202202",
                    89
                ],
                [
                    "202201",
                    85
                ]
            ],
            "rank_gap":-12
        },
        {
            "index":506,
            "아파트명":"한주",
            "투자타입":"일반",
            "전용면적(m2)":"85.21",
            "전용면적(평)":"25평",
            "법정동주소":"경기도 수원시 권선구 세류동 1021-4",
            "도로명주소":"경기도 수원시 권선구 정조로514번길 32",
            "세대수":0,
            "입주년차":0,
            "용적률점수":"--",
            "건폐율점수":"--",
            "세대당주차수":0,
            "난방방식":30,
            "공급면적":"--",
            "전용률":"--",
            "욕실수":50,
            "현관타입":10,
            "주거총점":9.0,
            "지역구공급총점":100.0,
            "역세권":0,
            "30분내 이동가능 거점":40,
            "1시간내 이동가능 거점":60,
            "교통총점":24.0,
            "백화점":100,
            "아울렛몰":80,
            "대형마트":100,
            "은행":0,
            "병원":60,
            "종합병원":100,
            "공원":100,
            "혐오시설":0,
            "인프라총점":82.0,
            "초등학군":90.0,
            "중학군":30.74,
            "학군총점":42.592,
            "인구수":41.61,
            "인구증감":-9.65,
            "인구총점":26.232,
            "일자리":19.56,
            "소득수준":100.0,
            "일자리총점":43.692,
            "가치 총점":41.1888,
            "매매실거래년":20211129.0,
            "매매실거래가":30000.0,
            "전세실거래년":20220209.0,
            "전세실거래가":18000.0,
            "전세가율":66.67,
            "장기전세가율평균":73.1,
            "전세가율거품지수":6.43,
            "검색코드":2585,
            "세대수":180.0,
            "준공년월":"1995-06-28",
            "준공년차":28.0,
            "가까운역이름":"세류",
            "가까운역거리":1211.97,
            "역세권여부":"비역세권",
            "30분이내주요거점역":2,
            "30분거점역이름":"['수원시청', '수원']",
            "1시간이내주요거점역":6,
            "1시간거점역이름":"['수원시청', '평촌', '수원', '안산', 'GTX용인(2023년)', 'GTX동탄(2023년)']",
            "3km이내백화점수":2,
            "5km이내아울렛몰수":1,
            "1km이내대형먀트수":2,
            "500m이내은행수":1,
            "500m이내병원수":22,
            "5km이내대형병원수":6,
            "500m이내공원수":5,
            "3km이내혐오시설수":0,
            "초등학교학업성취도":90.0,
            "중학교학업성취도":50.7,
            "용적률":208,
            "건폐율":25,
            "Y":37.25475,
            "X":127.01293,
            "rank":102.0,
            "area_info":"25평(85.21), 31평(105.78)",
            "last_sales":"2021-11-29,30000.0,31평(105.78)",
            "rank_history":[
                [
                    "202203",
                    102
                ],
                [
                    "202202",
                    75
                ],
                [
                    "202201",
                    78
                ]
            ],
            "rank_gap":-27
        },
        {
            "index":600,
            "아파트명":"쌍용",
            "투자타입":"일반",
            "전용면적(m2)":"81.78",
            "전용면적(평)":"24평",
            "법정동주소":"경기도 수원시 권선구 호매실동 453-6",
            "도로명주소":"경기도 수원시 권선구 매실로19번길 19",
            "세대수":0,
            "입주년차":0,
            "용적률점수":"--",
            "건폐율점수":"--",
            "세대당주차수":30,
            "난방방식":30,
            "공급면적":"--",
            "전용률":"--",
            "욕실수":50,
            "현관타입":100,
            "주거총점":22.5,
            "지역구공급총점":100.0,
            "역세권":50,
            "30분내 이동가능 거점":20,
            "1시간내 이동가능 거점":50,
            "교통총점":41.0,
            "백화점":0,
            "아울렛몰":80,
            "대형마트":80,
            "은행":0,
            "병원":30,
            "종합병원":100,
            "공원":100,
            "혐오시설":0,
            "인프라총점":46.0,
            "초등학군":89.99,
            "중학군":48.22,
            "학군총점":56.574,
            "인구수":41.61,
            "인구증감":-9.65,
            "인구총점":26.232,
            "일자리":19.56,
            "소득수준":100.0,
            "일자리총점":43.692,
            "가치 총점":41.1361,
            "매매실거래년":20210703.0,
            "매매실거래가":33000.0,
            "전세실거래년":20210712.0,
            "전세실거래가":20000.0,
            "전세가율":64.94,
            "장기전세가율평균":73.1,
            "전세가율거품지수":8.16,
            "검색코드":2724,
            "세대수":294.0,
            "준공년월":"1998-07-29",
            "준공년차":25.0,
            "가까운역이름":"호매실 (2028년 예정)",
            "가까운역거리":634.43,
            "역세권여부":"준역세권",
            "30분이내주요거점역":1,
            "30분거점역이름":"['수원']",
            "1시간이내주요거점역":5,
            "1시간거점역이름":"['수원시청', '평촌', '가산디지털단지', '수원', 'GTX용인(2023년)']",
            "3km이내백화점수":0,
            "5km이내아울렛몰수":1,
            "1km이내대형먀트수":1,
            "500m이내은행수":0,
            "500m이내병원수":5,
            "5km이내대형병원수":2,
            "500m이내공원수":5,
            "3km이내혐오시설수":0,
            "초등학교학업성취도":89.99,
            "중학교학업성취도":79.7,
            "용적률":269,
            "건폐율":22,
            "Y":37.268194,
            "X":126.952391,
            "rank":103.0,
            "area_info":"24평(81.78), 32평(107.8), 44평(148.4)",
            "last_sales":"2021-07-03,33000.0,32평(107.8)",
            "rank_history":[
                [
                    "202203",
                    103
                ],
                [
                    "202202",
                    119
                ],
                [
                    "202201",
                    118
                ]
            ],
            "rank_gap":16
        },
        {
            "index":227,
            "아파트명":"수원아이파크시티4단지",
            "투자타입":"일반",
            "전용면적(m2)":"112.64",
            "전용면적(평)":"34평",
            "법정동주소":"경기도 수원시 권선구 권선동 1357",
            "도로명주소":"경기도 수원시 권선구 동수원로145번길 23",
            "세대수":80,
            "입주년차":60,
            "용적률점수":"--",
            "건폐율점수":"--",
            "세대당주차수":60,
            "난방방식":100,
            "공급면적":"--",
            "전용률":"--",
            "욕실수":100,
            "현관타입":100,
            "주거총점":79.0,
            "지역구공급총점":100.0,
            "역세권":0,
            "30분내 이동가능 거점":0,
            "1시간내 이동가능 거점":40,
            "교통총점":8.0,
            "백화점":0,
            "아울렛몰":80,
            "대형마트":80,
            "은행":0,
            "병원":30,
            "종합병원":100,
            "공원":100,
            "혐오시설":0,
            "인프라총점":46.0,
            "초등학군":89.98,
            "중학군":48.38,
            "학군총점":56.7,
            "인구수":41.61,
            "인구증감":-9.65,
            "인구총점":26.232,
            "일자리":19.56,
            "소득수준":100.0,
            "일자리총점":43.692,
            "가치 총점":40.905,
            "매매실거래년":20211027.0,
            "매매실거래가":77600.0,
            "전세실거래년":20220109.0,
            "전세실거래가":33600.0,
            "전세가율":43.3,
            "장기전세가율평균":73.1,
            "전세가율거품지수":29.8,
            "검색코드":101371,
            "세대수":889.0,
            "준공년월":"2012-01-20",
            "준공년차":11.0,
            "가까운역이름":"세류",
            "가까운역거리":1275.11,
            "역세권여부":"비역세권",
            "30분이내주요거점역":0,
            "30분거점역이름":"[]",
            "1시간이내주요거점역":4,
            "1시간거점역이름":"['수원시청', '평촌', '수원', 'GTX용인(2023년)']",
            "3km이내백화점수":0,
            "5km이내아울렛몰수":1,
            "1km이내대형먀트수":1,
            "500m이내은행수":0,
            "500m이내병원수":5,
            "5km이내대형병원수":4,
            "500m이내공원수":4,
            "3km이내혐오시설수":0,
            "초등학교학업성취도":89.98,
            "중학교학업성취도":78.5,
            "용적률":192,
            "건폐율":23,
            "Y":37.241752,
            "X":127.027956,
            "rank":104.0,
            "area_info":"34평(112.64), 34평(112.7), 34평(113.52), 34평(113.7), 34평(114.03), 40평(135.06), 49평(163.5), 49평(163.9), 53평(177.48), 59평(196.36)",
            "last_sales":"2021-10-27,77600.0,34평(112.64)",
            "rank_history":[
                [
                    "202203",
                    104
                ],
                [
                    "202202",
                    69
                ],
                [
                    "202201",
                    86
                ]
            ],
            "rank_gap":-35
        },
        {
            "index":386,
            "아파트명":"호매실역서희스타힐스",
            "투자타입":"일반",
            "전용면적(m2)":"99.69",
            "전용면적(평)":"30평",
            "법정동주소":"경기도 수원시 권선구 금곡동 1081",
            "도로명주소":"경기도 수원시 권선구 금곡로 46",
            "세대수":90,
            "입주년차":60,
            "용적률점수":"--",
            "건폐율점수":"--",
            "세대당주차수":60,
            "난방방식":100,
            "공급면적":"--",
            "전용률":"--",
            "욕실수":100,
            "현관타입":100,
            "주거총점":82.5,
            "지역구공급총점":100.0,
            "역세권":0,
            "30분내 이동가능 거점":0,
            "1시간내 이동가능 거점":40,
            "교통총점":8.0,
            "백화점":0,
            "아울렛몰":0,
            "대형마트":80,
            "은행":70,
            "병원":80,
            "종합병원":80,
            "공원":100,
            "혐오시설":0,
            "인프라총점":46.0,
            "초등학군":89.97,
            "중학군":41.76,
            "학군총점":51.402,
            "인구수":41.61,
            "인구증감":-9.65,
            "인구총점":26.232,
            "일자리":19.56,
            "소득수준":100.0,
            "일자리총점":43.692,
            "가치 총점":40.8103,
            "매매실거래년":20211025.0,
            "매매실거래가":57000.0,
            "전세실거래년":20210503.0,
            "전세실거래가":30000.0,
            "전세가율":49.18,
            "장기전세가율평균":73.1,
            "전세가율거품지수":23.92,
            "검색코드":132751,
            "세대수":1318.0,
            "준공년월":"2011-11-18",
            "준공년차":12.0,
            "가까운역이름":"호매실 (2028년 예정)",
            "가까운역거리":1039.5,
            "역세권여부":"비역세권",
            "30분이내주요거점역":0,
            "30분거점역이름":"[]",
            "1시간이내주요거점역":4,
            "1시간거점역이름":"['수원시청', '평촌', '가산디지털단지', '수원']",
            "3km이내백화점수":0,
            "5km이내아울렛몰수":0,
            "1km이내대형먀트수":1,
            "500m이내은행수":3,
            "500m이내병원수":33,
            "5km이내대형병원수":1,
            "500m이내공원수":8,
            "3km이내혐오시설수":0,
            "초등학교학업성취도":89.97,
            "중학교학업성취도":69.6,
            "용적률":179,
            "건폐율":19,
            "Y":37.27295,
            "X":126.939901,
            "rank":105.0,
            "area_info":"30평(99.69), 30평(99.76), 34평(112.89), 34평(112.89), 34평(113.07), 34평(113.03)",
            "last_sales":"2021-10-25,57000.0,34평(113.07)",
            "rank_history":[
                [
                    "202203",
                    105
                ],
                [
                    "202202",
                    72
                ],
                [
                    "202201",
                    90
                ]
            ],
            "rank_gap":-33
        },
        {
            "index":415,
            "아파트명":"서수원울트라참누리파크1단지",
            "투자타입":"일반",
            "전용면적(m2)":"113.29",
            "전용면적(평)":"34평",
            "법정동주소":"경기도 수원시 권선구 서둔동 375",
            "도로명주소":"경기도 수원시 권선구 서둔로 270-19",
            "세대수":0,
            "입주년차":60,
            "용적률점수":"--",
            "건폐율점수":"--",
            "세대당주차수":30,
            "난방방식":30,
            "공급면적":"--",
            "전용률":"--",
            "욕실수":100,
            "현관타입":100,
            "주거총점":39.5,
            "지역구공급총점":100.0,
            "역세권":0,
            "30분내 이동가능 거점":20,
            "1시간내 이동가능 거점":50,
            "교통총점":16.0,
            "백화점":100,
            "아울렛몰":80,
            "대형마트":0,
            "은행":0,
            "병원":60,
            "종합병원":100,
            "공원":100,
            "혐오시설":0,
            "인프라총점":67.0,
            "초등학군":90.02,
            "중학군":35.94,
            "학군총점":46.756,
            "인구수":41.61,
            "인구증감":-9.65,
            "인구총점":26.232,
            "일자리":19.56,
            "소득수준":100.0,
            "일자리총점":43.692,
            "가치 총점":40.6134,
            "매매실거래년":20210216.0,
            "매매실거래가":36000.0,
            "전세실거래년":20211220.0,
            "전세실거래가":25500.0,
            "전세가율":70.83,
            "장기전세가율평균":73.1,
            "전세가율거품지수":2.27,
            "검색코드":26626,
            "세대수":119.0,
            "준공년월":"2009-02-23",
            "준공년차":14.0,
            "가까운역이름":"화서",
            "가까운역거리":1278.82,
            "역세권여부":"비역세권",
            "30분이내주요거점역":1,
            "30분거점역이름":"['수원']",
            "1시간이내주요거점역":5,
            "1시간거점역이름":"['수원시청', '평촌', '수원', 'GTX용인(2023년)', 'GTX동탄(2023년)']",
            "3km이내백화점수":2,
            "5km이내아울렛몰수":1,
            "1km이내대형먀트수":0,
            "500m이내은행수":0,
            "500m이내병원수":20,
            "5km이내대형병원수":4,
            "500m이내공원수":5,
            "3km이내혐오시설수":0,
            "초등학교학업성취도":90.02,
            "중학교학업성취도":59.9,
            "용적률":232,
            "건폐율":29,
            "Y":37.275757,
            "X":126.979535,
            "rank":106.0,
            "area_info":"34평(113.29), 34평(113.92)",
            "last_sales":"2021-02-16,36000.0,34평(113.29)",
            "rank_history":[
                [
                    "202203",
                    106
                ],
                [
                    "202202",
                    74
                ],
                [
                    "202201",
                    73
                ]
            ],
            "rank_gap":-32
        },
        {
            "index":417,
            "아파트명":"서수원울트라참누리파크2단지",
            "투자타입":"일반",
            "전용면적(m2)":"112.59",
            "전용면적(평)":"34평",
            "법정동주소":"경기도 수원시 권선구 서둔동 377",
            "도로명주소":"경기도 수원시 권선구 서둔로 270-6",
            "세대수":0,
            "입주년차":60,
            "용적률점수":"--",
            "건폐율점수":"--",
            "세대당주차수":30,
            "난방방식":30,
            "공급면적":"--",
            "전용률":"--",
            "욕실수":100,
            "현관타입":100,
            "주거총점":39.5,
            "지역구공급총점":100.0,
            "역세권":0,
            "30분내 이동가능 거점":20,
            "1시간내 이동가능 거점":50,
            "교통총점":16.0,
            "백화점":100,
            "아울렛몰":80,
            "대형마트":0,
            "은행":0,
            "병원":60,
            "종합병원":100,
            "공원":100,
            "혐오시설":0,
            "인프라총점":67.0,
            "초등학군":90.0,
            "중학군":35.94,
            "학군총점":46.752,
            "인구수":41.61,
            "인구증감":-9.65,
            "인구총점":26.232,
            "일자리":19.56,
            "소득수준":100.0,
            "일자리총점":43.692,
            "가치 총점":40.6128,
            "매매실거래년":20210507.0,
            "매매실거래가":45000.0,
            "전세실거래년":20220207.0,
            "전세실거래가":23100.0,
            "전세가율":51.33,
            "장기전세가율평균":73.1,
            "전세가율거품지수":21.77,
            "검색코드":102358,
            "세대수":132.0,
            "준공년월":"2009-02-26",
            "준공년차":14.0,
            "가까운역이름":"화서",
            "가까운역거리":1352.64,
            "역세권여부":"비역세권",
            "30분이내주요거점역":1,
            "30분거점역이름":"['수원']",
            "1시간이내주요거점역":5,
            "1시간거점역이름":"['수원시청', '평촌', '수원', 'GTX용인(2023년)', 'GTX동탄(2023년)']",
            "3km이내백화점수":2,
            "5km이내아울렛몰수":1,
            "1km이내대형먀트수":0,
            "500m이내은행수":0,
            "500m이내병원수":25,
            "5km이내대형병원수":4,
            "500m이내공원수":5,
            "3km이내혐오시설수":0,
            "초등학교학업성취도":90.0,
            "중학교학업성취도":59.9,
            "용적률":222,
            "건폐율":24,
            "Y":37.274954,
            "X":126.979393,
            "rank":107.0,
            "area_info":"34평(112.59), 34평(113.21)",
            "last_sales":"2021-05-07,45000.0,34평(112.59)",
            "rank_history":[
                [
                    "202203",
                    107
                ],
                [
                    "202202",
                    79
                ],
                [
                    "202201",
                    77
                ]
            ],
            "rank_gap":-28
        },
        {
            "index":108,
            "아파트명":"코오롱하늘채",
            "투자타입":"일반",
            "전용면적(m2)":"81.37",
            "전용면적(평)":"24평",
            "법정동주소":"경기도 수원시 권선구 구운동 890",
            "도로명주소":"경기도 수원시 권선구 일월천로16번길 39",
            "세대수":50,
            "입주년차":20,
            "용적률점수":"--",
            "건폐율점수":"--",
            "세대당주차수":30,
            "난방방식":100,
            "공급면적":"--",
            "전용률":"--",
            "욕실수":50,
            "현관타입":100,
            "주거총점":51.0,
            "지역구공급총점":100.0,
            "역세권":0,
            "30분내 이동가능 거점":20,
            "1시간내 이동가능 거점":50,
            "교통총점":16.0,
            "백화점":0,
            "아울렛몰":80,
            "대형마트":100,
            "은행":0,
            "병원":60,
            "종합병원":100,
            "공원":100,
            "혐오시설":0,
            "인프라총점":52.0,
            "초등학군":89.98,
            "중학군":52.06,
            "학군총점":59.644,
            "인구수":41.61,
            "인구증감":-9.65,
            "인구총점":26.232,
            "일자리":19.56,
            "소득수준":100.0,
            "일자리총점":43.692,
            "가치 총점":40.3466,
            "매매실거래년":20210924.0,
            "매매실거래가":49500.0,
            "전세실거래년":20220221.0,
            "전세실거래가":24000.0,
            "전세가율":48.48,
            "장기전세가율평균":73.1,
            "전세가율거품지수":24.62,
            "검색코드":2672,
            "세대수":676.0,
            "준공년월":"1999-11-01",
            "준공년차":24.0,
            "가까운역이름":"화서",
            "가까운역거리":1252.67,
            "역세권여부":"비역세권",
            "30분이내주요거점역":1,
            "30분거점역이름":"['수원']",
            "1시간이내주요거점역":5,
            "1시간거점역이름":"['강남', '역삼', '수원시청', '평촌', '수원']",
            "3km이내백화점수":0,
            "5km이내아울렛몰수":1,
            "1km이내대형먀트수":3,
            "500m이내은행수":0,
            "500m이내병원수":17,
            "5km이내대형병원수":3,
            "500m이내공원수":4,
            "3km이내혐오시설수":0,
            "초등학교학업성취도":89.98,
            "중학교학업성취도":86.3,
            "용적률":251,
            "건폐율":20,
            "Y":37.285039,
            "X":126.975513,
            "rank":108.0,
            "area_info":"24평(81.37), 24평(81.4), 33평(109.21), 38평(125.62), 49평(162.64)",
            "last_sales":"2021-09-24,49500.0,24평(81.37)",
            "rank_history":[
                [
                    "202203",
                    108
                ],
                [
                    "202202",
                    86
                ],
                [
                    "202201",
                    48
                ]
            ],
            "rank_gap":-22
        },
        {
            "index":330,
            "아파트명":"강남",
            "투자타입":"일반",
            "전용면적(m2)":"85.77",
            "전용면적(평)":"25평",
            "법정동주소":"경기도 수원시 권선구 금곡동 66",
            "도로명주소":"경기도 수원시 권선구 서수원로 607",
            "세대수":80,
            "입주년차":0,
            "용적률점수":"--",
            "건폐율점수":"--",
            "세대당주차수":30,
            "난방방식":30,
            "공급면적":"--",
            "전용률":"--",
            "욕실수":50,
            "현관타입":10,
            "주거총점":41.5,
            "지역구공급총점":100.0,
            "역세권":50,
            "30분내 이동가능 거점":0,
            "1시간내 이동가능 거점":20,
            "교통총점":29.0,
            "백화점":0,
            "아울렛몰":80,
            "대형마트":80,
            "은행":0,
            "병원":30,
            "종합병원":100,
            "공원":100,
            "혐오시설":0,
            "인프라총점":46.0,
            "초등학군":90.0,
            "중학군":41.76,
            "학군총점":51.408,
            "인구수":41.61,
            "인구증감":-9.65,
            "인구총점":26.232,
            "일자리":19.56,
            "소득수준":100.0,
            "일자리총점":43.692,
            "가치 총점":39.9612,
            "매매실거래년":20220125.0,
            "매매실거래가":45200.0,
            "전세실거래년":20220113.0,
            "전세실거래가":23000.0,
            "전세가율":76.67,
            "장기전세가율평균":73.1,
            "전세가율거품지수":-3.57,
            "검색코드":1774,
            "세대수":794.0,
            "준공년월":"1996-12-10",
            "준공년차":27.0,
            "가까운역이름":"호매실 (2028년 예정)",
            "가까운역거리":599.67,
            "역세권여부":"준역세권",
            "30분이내주요거점역":0,
            "30분거점역이름":"[]",
            "1시간이내주요거점역":2,
            "1시간거점역이름":"['수원시청', '수원']",
            "3km이내백화점수":0,
            "5km이내아울렛몰수":1,
            "1km이내대형먀트수":1,
            "500m이내은행수":0,
            "500m이내병원수":6,
            "5km이내대형병원수":2,
            "500m이내공원수":4,
            "3km이내혐오시설수":0,
            "초등학교학업성취도":90.0,
            "중학교학업성취도":69.6,
            "용적률":287,
            "건폐율":21,
            "Y":37.279,
            "X":126.95366,
            "rank":109.0,
            "area_info":"25평(85.77), 32평(107.84), 49평(162.95)",
            "last_sales":"2022-01-25,45200.0,32평(107.84)",
            "rank_history":[
                [
                    "202203",
                    109
                ],
                [
                    "202202",
                    117
                ],
                [
                    "202201",
                    113
                ]
            ],
            "rank_gap":8
        },
        {
            "index":566,
            "아파트명":"새롬",
            "투자타입":"일반",
            "전용면적(m2)":"80.26",
            "전용면적(평)":"24평",
            "법정동주소":"경기도 수원시 권선구 탑동 1-28",
            "도로명주소":"경기도 수원시 권선구 서둔로 255-2",
            "세대수":0,
            "입주년차":40,
            "용적률점수":"--",
            "건폐율점수":"--",
            "세대당주차수":30,
            "난방방식":30,
            "공급면적":"--",
            "전용률":"--",
            "욕실수":100,
            "현관타입":100,
            "주거총점":35.5,
            "지역구공급총점":100.0,
            "역세권":0,
            "30분내 이동가능 거점":20,
            "1시간내 이동가능 거점":50,
            "교통총점":16.0,
            "백화점":100,
            "아울렛몰":80,
            "대형마트":0,
            "은행":0,
            "병원":60,
            "종합병원":100,
            "공원":100,
            "혐오시설":0,
            "인프라총점":67.0,
            "초등학군":90.0,
            "중학군":35.94,
            "학군총점":46.752,
            "인구수":41.61,
            "인구증감":-9.65,
            "인구총점":26.232,
            "일자리":19.56,
            "소득수준":100.0,
            "일자리총점":43.692,
            "가치 총점":39.8128,
            "매매실거래년":20201126.0,
            "매매실거래가":23000.0,
            "전세실거래년":null,
            "전세실거래가":null,
            "전세가율":null,
            "장기전세가율평균":73.1,
            "전세가율거품지수":null,
            "검색코드":104872,
            "세대수":58.0,
            "준공년월":"2004-08-31",
            "준공년차":19.0,
            "가까운역이름":"화서",
            "가까운역거리":1449.71,
            "역세권여부":"비역세권",
            "30분이내주요거점역":1,
            "30분거점역이름":"['수원']",
            "1시간이내주요거점역":5,
            "1시간거점역이름":"['수원시청', '평촌', '수원', 'GTX용인(2023년)', 'GTX동탄(2023년)']",
            "3km이내백화점수":2,
            "5km이내아울렛몰수":1,
            "1km이내대형먀트수":0,
            "500m이내은행수":0,
            "500m이내병원수":26,
            "5km이내대형병원수":4,
            "500m이내공원수":5,
            "3km이내혐오시설수":0,
            "초등학교학업성취도":90.0,
            "중학교학업성취도":59.9,
            "용적률":0,
            "건폐율":0,
            "Y":37.274575,
            "X":126.978293,
            "rank":110.0,
            "area_info":"24평(80.26), 28평(94.39), 28평(94.46), 29평(96.51), 29평(96.91), 29평(97.79)",
            "last_sales":"2020-11-26,23000.0,29평(97.79)",
            "rank_history":[
                [
                    "202203",
                    110
                ],
                [
                    "202202",
                    9999
                ]
            ],
            "rank_gap":9999
        },
        {
            "index":572,
            "아파트명":"수원탑동세양청마루",
            "투자타입":"일반",
            "전용면적(m2)":"107.05",
            "전용면적(평)":"32평",
            "법정동주소":"경기도 수원시 권선구 탑동 896",
            "도로명주소":"경기도 수원시 권선구 서둔로239번길 19-9",
            "세대수":0,
            "입주년차":40,
            "용적률점수":"--",
            "건폐율점수":"--",
            "세대당주차수":30,
            "난방방식":30,
            "공급면적":"--",
            "전용률":"--",
            "욕실수":100,
            "현관타입":100,
            "주거총점":35.5,
            "지역구공급총점":100.0,
            "역세권":0,
            "30분내 이동가능 거점":20,
            "1시간내 이동가능 거점":50,
            "교통총점":16.0,
            "백화점":100,
            "아울렛몰":80,
            "대형마트":0,
            "은행":0,
            "병원":60,
            "종합병원":100,
            "공원":100,
            "혐오시설":0,
            "인프라총점":67.0,
            "초등학군":90.0,
            "중학군":35.94,
            "학군총점":46.752,
            "인구수":41.61,
            "인구증감":-9.65,
            "인구총점":26.232,
            "일자리":19.56,
            "소득수준":100.0,
            "일자리총점":43.692,
            "가치 총점":39.8128,
            "매매실거래년":20210914.0,
            "매매실거래가":35000.0,
            "전세실거래년":20200409.0,
            "전세실거래가":17000.0,
            "전세가율":48.57,
            "장기전세가율평균":73.1,
            "전세가율거품지수":24.53,
            "검색코드":23291,
            "세대수":124.0,
            "준공년월":"2005-12-30",
            "준공년차":18.0,
            "가까운역이름":"화서",
            "가까운역거리":1646.38,
            "역세권여부":"비역세권",
            "30분이내주요거점역":1,
            "30분거점역이름":"['수원']",
            "1시간이내주요거점역":5,
            "1시간거점역이름":"['수원시청', '평촌', '수원', 'GTX용인(2023년)', 'GTX동탄(2023년)']",
            "3km이내백화점수":2,
            "5km이내아울렛몰수":1,
            "1km이내대형먀트수":0,
            "500m이내은행수":0,
            "500m이내병원수":29,
            "5km이내대형병원수":3,
            "500m이내공원수":6,
            "3km이내혐오시설수":0,
            "초등학교학업성취도":90.0,
            "중학교학업성취도":59.9,
            "용적률":230,
            "건폐율":24,
            "Y":37.272286,
            "X":126.978234,
            "rank":110.0,
            "area_info":"32평(107.05), 32평(107.85)",
            "last_sales":"2021-09-14,35000.0,32평(107.05)",
            "rank_history":[
                [
                    "202203",
                    110
                ],
                [
                    "202202",
                    85
                ],
                [
                    "202201",
                    82
                ]
            ],
            "rank_gap":-25
        },
        {
            "index":578,
            "아파트명":"현대탑월드",
            "투자타입":"일반",
            "전용면적(m2)":"86.04",
            "전용면적(평)":"26평",
            "법정동주소":"경기도 수원시 권선구 탑동 5-4",
            "도로명주소":"경기도 수원시 권선구 금호로 248",
            "세대수":0,
            "입주년차":20,
            "용적률점수":"--",
            "건폐율점수":"--",
            "세대당주차수":60,
            "난방방식":30,
            "공급면적":"--",
            "전용률":"--",
            "욕실수":50,
            "현관타입":100,
            "주거총점":31.0,
            "지역구공급총점":100.0,
            "역세권":0,
            "30분내 이동가능 거점":20,
            "1시간내 이동가능 거점":60,
            "교통총점":18.0,
            "백화점":100,
            "아울렛몰":80,
            "대형마트":0,
            "은행":0,
            "병원":60,
            "종합병원":100,
            "공원":100,
            "혐오시설":0,
            "인프라총점":67.0,
            "초등학군":90.0,
            "중학군":35.94,
            "학군총점":46.752,
            "인구수":41.61,
            "인구증감":-9.65,
            "인구총점":26.232,
            "일자리":19.56,
            "소득수준":100.0,
            "일자리총점":43.692,
            "가치 총점":39.6128,
            "매매실거래년":20220122.0,
            "매매실거래가":19000.0,
            "전세실거래년":20210821.0,
            "전세실거래가":10000.0,
            "전세가율":52.63,
            "장기전세가율평균":73.1,
            "전세가율거품지수":20.47,
            "검색코드":11603,
            "세대수":97.0,
            "준공년월":"2000-12-22",
            "준공년차":23.0,
            "가까운역이름":"화서",
            "가까운역거리":1450.88,
            "역세권여부":"비역세권",
            "30분이내주요거점역":1,
            "30분거점역이름":"['수원']",
            "1시간이내주요거점역":6,
            "1시간거점역이름":"['수원시청', '평촌', '가산디지털단지', '수원', 'GTX용인(2023년)', 'GTX동탄(2023년)']",
            "3km이내백화점수":2,
            "5km이내아울렛몰수":1,
            "1km이내대형먀트수":0,
            "500m이내은행수":0,
            "500m이내병원수":26,
            "5km이내대형병원수":3,
            "500m이내공원수":6,
            "3km이내혐오시설수":0,
            "초등학교학업성취도":90.0,
            "중학교학업성취도":59.9,
            "용적률":307,
            "건폐율":56,
            "Y":37.275413,
            "X":126.977267,
            "rank":111.0,
            "area_info":"26평(86.04), 26평(86.82), 28평(95.33), 36평(121.24)",
            "last_sales":"2022-01-22,19000.0,26평(86.04)",
            "rank_history":[
                [
                    "202203",
                    111
                ],
                [
                    "202202",
                    9999
                ]
            ],
            "rank_gap":9999
        },
        {
            "index":563,
            "아파트명":"삼성",
            "투자타입":"일반",
            "전용면적(m2)":"85.38",
            "전용면적(평)":"25평",
            "법정동주소":"경기도 수원시 권선구 탑동 763",
            "도로명주소":"경기도 수원시 권선구 탑동로58번길 8",
            "세대수":0,
            "입주년차":0,
            "용적률점수":"--",
            "건폐율점수":"--",
            "세대당주차수":60,
            "난방방식":100,
            "공급면적":"--",
            "전용률":"--",
            "욕실수":50,
            "현관타입":100,
            "주거총점":34.0,
            "지역구공급총점":100.0,
            "역세권":0,
            "30분내 이동가능 거점":20,
            "1시간내 이동가능 거점":50,
            "교통총점":16.0,
            "백화점":100,
            "아울렛몰":80,
            "대형마트":0,
            "은행":0,
            "병원":60,
            "종합병원":100,
            "공원":100,
            "혐오시설":0,
            "인프라총점":67.0,
            "초등학군":90.0,
            "중학군":35.94,
            "학군총점":46.752,
            "인구수":41.61,
            "인구증감":-9.65,
            "인구총점":26.232,
            "일자리":19.56,
            "소득수준":100.0,
            "일자리총점":43.692,
            "가치 총점":39.5128,
            "매매실거래년":20211014.0,
            "매매실거래가":42000.0,
            "전세실거래년":20210709.0,
            "전세실거래가":20000.0,
            "전세가율":76.92,
            "장기전세가율평균":73.1,
            "전세가율거품지수":-3.82,
            "검색코드":2713,
            "세대수":299.0,
            "준공년월":"1998-09-24",
            "준공년차":25.0,
            "가까운역이름":"화서",
            "가까운역거리":1695.07,
            "역세권여부":"비역세권",
            "30분이내주요거점역":1,
            "30분거점역이름":"['수원']",
            "1시간이내주요거점역":5,
            "1시간거점역이름":"['수원시청', '평촌', '수원', 'GTX용인(2023년)', 'GTX동탄(2023년)']",
            "3km이내백화점수":2,
            "5km이내아울렛몰수":1,
            "1km이내대형먀트수":0,
            "500m이내은행수":0,
            "500m이내병원수":25,
            "5km이내대형병원수":3,
            "500m이내공원수":9,
            "3km이내혐오시설수":0,
            "초등학교학업성취도":90.0,
            "중학교학업성취도":59.9,
            "용적률":209,
            "건폐율":23,
            "Y":37.274445,
            "X":126.974686,
            "rank":112.0,
            "area_info":"25평(85.38), 32평(106.88), 48평(161.24)",
            "last_sales":"2021-10-14,42000.0,32평(106.88)",
            "rank_history":[
                [
                    "202203",
                    112
                ],
                [
                    "202202",
                    81
                ],
                [
                    "202201",
                    64
                ]
            ],
            "rank_gap":-31
        },
        {
            "index":633,
            "아파트명":"힐스테이트호매실",
            "투자타입":"일반",
            "전용면적(m2)":"97.71",
            "전용면적(평)":"29평",
            "법정동주소":"경기도 수원시 권선구 호매실동 1393",
            "도로명주소":"경기도 수원시 권선구 호매실로166번길 33",
            "세대수":80,
            "입주년차":80,
            "용적률점수":"--",
            "건폐율점수":"--",
            "세대당주차수":60,
            "난방방식":100,
            "공급면적":"--",
            "전용률":"--",
            "욕실수":100,
            "현관타입":100,
            "주거총점":83.0,
            "지역구공급총점":100.0,
            "역세권":0,
            "30분내 이동가능 거점":20,
            "1시간내 이동가능 거점":30,
            "교통총점":12.0,
            "백화점":0,
            "아울렛몰":80,
            "대형마트":0,
            "은행":0,
            "병원":30,
            "종합병원":100,
            "공원":100,
            "혐오시설":0,
            "인프라총점":34.0,
            "초등학군":89.99,
            "중학군":43.44,
            "학군총점":52.75,
            "인구수":41.61,
            "인구증감":-9.65,
            "인구총점":26.232,
            "일자리":19.56,
            "소득수준":100.0,
            "일자리총점":43.692,
            "가치 총점":38.9125,
            "매매실거래년":"18000101",
            "매매실거래가":null,
            "전세실거래년":null,
            "전세실거래가":null,
            "전세가율":null,
            "장기전세가율평균":73.1,
            "전세가율거품지수":null,
            "검색코드":128264,
            "세대수":800.0,
            "준공년월":"2018-11-30",
            "준공년차":5.0,
            "가까운역이름":"호매실 (2028년 예정)",
            "가까운역거리":1651.23,
            "역세권여부":"비역세권",
            "30분이내주요거점역":1,
            "30분거점역이름":"['수원']",
            "1시간이내주요거점역":3,
            "1시간거점역이름":"['수원시청', '수원', '안산']",
            "3km이내백화점수":0,
            "5km이내아울렛몰수":1,
            "1km이내대형먀트수":0,
            "500m이내은행수":0,
            "500m이내병원수":9,
            "5km이내대형병원수":2,
            "500m이내공원수":3,
            "3km이내혐오시설수":0,
            "초등학교학업성취도":89.99,
            "중학교학업성취도":70.4,
            "용적률":159,
            "건폐율":13,
            "Y":37.260168,
            "X":126.958804,
            "rank":113.0,
            "area_info":"29평(97.71), 33평(109.36), 33평(109.39), 35평(118.77), 35평(118.93)",
            "last_sales":"1800-01-01,nan,29평(97.71)",
            "rank_history":[
                [
                    "202203",
                    113
                ],
                [
                    "202202",
                    82
                ],
                [
                    "202201",
                    80
                ]
            ],
            "rank_gap":-31
        },
        {
            "index":623,
            "아파트명":"호매실스위첸",
            "투자타입":"일반",
            "전용면적(m2)":"84.77",
            "전용면적(평)":"25평",
            "법정동주소":"경기도 수원시 권선구 호매실동 1394",
            "도로명주소":"경기도 수원시 권선구 호매실로166번길 63",
            "세대수":90,
            "입주년차":80,
            "용적률점수":"--",
            "건폐율점수":"--",
            "세대당주차수":0,
            "난방방식":100,
            "공급면적":"--",
            "전용률":"--",
            "욕실수":100,
            "현관타입":100,
            "주거총점":77.5,
            "지역구공급총점":100.0,
            "역세권":0,
            "30분내 이동가능 거점":20,
            "1시간내 이동가능 거점":30,
            "교통총점":12.0,
            "백화점":0,
            "아울렛몰":80,
            "대형마트":0,
            "은행":0,
            "병원":60,
            "종합병원":100,
            "공원":100,
            "혐오시설":0,
            "인프라총점":37.0,
            "초등학군":89.99,
            "중학군":43.44,
            "학군총점":52.75,
            "인구수":41.61,
            "인구증감":-9.65,
            "인구총점":26.232,
            "일자리":19.56,
            "소득수준":100.0,
            "일자리총점":43.692,
            "가치 총점":38.7125,
            "매매실거래년":20220214.0,
            "매매실거래가":49500.0,
            "전세실거래년":20220127.0,
            "전세실거래가":24500.0,
            "전세가율":44.55,
            "장기전세가율평균":73.1,
            "전세가율거품지수":28.55,
            "검색코드":104987,
            "세대수":1050.0,
            "준공년월":"2014-08-11",
            "준공년차":9.0,
            "가까운역이름":"호매실 (2028년 예정)",
            "가까운역거리":1769.1,
            "역세권여부":"비역세권",
            "30분이내주요거점역":1,
            "30분거점역이름":"['수원']",
            "1시간이내주요거점역":3,
            "1시간거점역이름":"['수원시청', '수원', '안산']",
            "3km이내백화점수":0,
            "5km이내아울렛몰수":1,
            "1km이내대형먀트수":0,
            "500m이내은행수":0,
            "500m이내병원수":10,
            "5km이내대형병원수":2,
            "500m이내공원수":2,
            "3km이내혐오시설수":0,
            "초등학교학업성취도":89.99,
            "중학교학업성취도":70.4,
            "용적률":190,
            "건폐율":15,
            "Y":37.259965,
            "X":126.961321,
            "rank":114.0,
            "area_info":"25평(84.77), 25평(84.59), 25평(84.69), 25평(84.42), 25평(84.59), 25평(84.42)",
            "last_sales":"2022-02-14,49500.0,25평(84.59)",
            "rank_history":[
                [
                    "202203",
                    114
                ],
                [
                    "202202",
                    88
                ],
                [
                    "202201",
                    87
                ]
            ],
            "rank_gap":-26
        },
        {
            "index":597,
            "아파트명":"신미주",
            "투자타입":"일반",
            "전용면적(m2)":"75.07",
            "전용면적(평)":"22평",
            "법정동주소":"경기도 수원시 권선구 호매실동 452",
            "도로명주소":"경기도 수원시 권선구 금호로 14-8",
            "세대수":0,
            "입주년차":0,
            "용적률점수":"--",
            "건폐율점수":"--",
            "세대당주차수":0,
            "난방방식":30,
            "공급면적":"--",
            "전용률":"--",
            "욕실수":50,
            "현관타입":10,
            "주거총점":9.0,
            "지역구공급총점":100.0,
            "역세권":50,
            "30분내 이동가능 거점":20,
            "1시간내 이동가능 거점":50,
            "교통총점":41.0,
            "백화점":0,
            "아울렛몰":80,
            "대형마트":80,
            "은행":0,
            "병원":30,
            "종합병원":100,
            "공원":100,
            "혐오시설":0,
            "인프라총점":46.0,
            "초등학군":89.99,
            "중학군":48.22,
            "학군총점":56.574,
            "인구수":41.61,
            "인구증감":-9.65,
            "인구총점":26.232,
            "일자리":19.56,
            "소득수준":100.0,
            "일자리총점":43.692,
            "가치 총점":38.4361,
            "매매실거래년":20220125.0,
            "매매실거래가":29000.0,
            "전세실거래년":20211213.0,
            "전세실거래가":13125.0,
            "전세가율":45.26,
            "장기전세가율평균":73.1,
            "전세가율거품지수":27.84,
            "검색코드":2723,
            "세대수":178.0,
            "준공년월":"1994-08-02",
            "준공년차":29.0,
            "가까운역이름":"호매실 (2028년 예정)",
            "가까운역거리":651.05,
            "역세권여부":"준역세권",
            "30분이내주요거점역":1,
            "30분거점역이름":"['수원']",
            "1시간이내주요거점역":5,
            "1시간거점역이름":"['수원시청', '평촌', '가산디지털단지', '수원', 'GTX용인(2023년)']",
            "3km이내백화점수":0,
            "5km이내아울렛몰수":1,
            "1km이내대형먀트수":1,
            "500m이내은행수":0,
            "500m이내병원수":8,
            "5km이내대형병원수":2,
            "500m이내공원수":4,
            "3km이내혐오시설수":0,
            "초등학교학업성취도":89.99,
            "중학교학업성취도":79.7,
            "용적률":323,
            "건폐율":32,
            "Y":37.26814,
            "X":126.95314,
            "rank":115.0,
            "area_info":"22평(75.07), 27평(89.83), 32평(107.38)",
            "last_sales":"2022-01-25,29000.0,22평(75.07)",
            "rank_history":[
                [
                    "202203",
                    115
                ],
                [
                    "202202",
                    123
                ],
                [
                    "202201",
                    123
                ]
            ],
            "rank_gap":8
        },
        {
            "index":607,
            "아파트명":"호매실13단지LH",
            "투자타입":"일반",
            "전용면적(m2)":"85.44",
            "전용면적(평)":"25평",
            "법정동주소":"경기도 수원시 권선구 호매실동 1371",
            "도로명주소":"경기도 수원시 권선구 호매실로218번길 111",
            "세대수":90,
            "입주년차":80,
            "용적률점수":"--",
            "건폐율점수":"--",
            "세대당주차수":0,
            "난방방식":100,
            "공급면적":"--",
            "전용률":"--",
            "욕실수":100,
            "현관타입":100,
            "주거총점":77.5,
            "지역구공급총점":100.0,
            "역세권":0,
            "30분내 이동가능 거점":20,
            "1시간내 이동가능 거점":30,
            "교통총점":12.0,
            "백화점":0,
            "아울렛몰":80,
            "대형마트":0,
            "은행":0,
            "병원":30,
            "종합병원":100,
            "공원":100,
            "혐오시설":0,
            "인프라총점":34.0,
            "초등학군":89.97,
            "중학군":48.22,
            "학군총점":56.57,
            "인구수":41.61,
            "인구증감":-9.65,
            "인구총점":26.232,
            "일자리":19.56,
            "소득수준":100.0,
            "일자리총점":43.692,
            "가치 총점":38.3855,
            "매매실거래년":20220115.0,
            "매매실거래가":50800.0,
            "전세실거래년":20220211.0,
            "전세실거래가":33000.0,
            "전세가율":64.96,
            "장기전세가율평균":73.1,
            "전세가율거품지수":8.14,
            "검색코드":142498,
            "세대수":1428.0,
            "준공년월":"2015-02-05",
            "준공년차":8.0,
            "가까운역이름":"호매실 (2028년 예정)",
            "가까운역거리":1199.92,
            "역세권여부":"비역세권",
            "30분이내주요거점역":1,
            "30분거점역이름":"['수원']",
            "1시간이내주요거점역":3,
            "1시간거점역이름":"['수원시청', '수원', '안산']",
            "3km이내백화점수":0,
            "5km이내아울렛몰수":1,
            "1km이내대형먀트수":0,
            "500m이내은행수":0,
            "500m이내병원수":9,
            "5km이내대형병원수":2,
            "500m이내공원수":3,
            "3km이내혐오시설수":0,
            "초등학교학업성취도":89.97,
            "중학교학업성취도":79.7,
            "용적률":208,
            "건폐율":16,
            "Y":37.265153,
            "X":126.959596,
            "rank":116.0,
            "area_info":"25평(85.44), 25평(85.08), 25평(85.27), 25평(85.49)",
            "last_sales":"2022-01-15,50800.0,25평(85.44)",
            "rank_history":[
                [
                    "202203",
                    116
                ],
                [
                    "202202",
                    98
                ],
                [
                    "202201",
                    95
                ]
            ],
            "rank_gap":-18
        },
        {
            "index":629,
            "아파트명":"호매실엔루체",
            "투자타입":"일반",
            "전용면적(m2)":"100.23",
            "전용면적(평)":"30평",
            "법정동주소":"경기도 수원시 권선구 호매실동 1414",
            "도로명주소":"경기도 수원시 권선구 호매실로166번길 70",
            "세대수":50,
            "입주년차":80,
            "용적률점수":"--",
            "건폐율점수":"--",
            "세대당주차수":30,
            "난방방식":100,
            "공급면적":"--",
            "전용률":"--",
            "욕실수":100,
            "현관타입":100,
            "주거총점":68.0,
            "지역구공급총점":100.0,
            "역세권":0,
            "30분내 이동가능 거점":20,
            "1시간내 이동가능 거점":40,
            "교통총점":14.0,
            "백화점":0,
            "아울렛몰":80,
            "대형마트":0,
            "은행":0,
            "병원":60,
            "종합병원":100,
            "공원":100,
            "혐오시설":0,
            "인프라총점":37.0,
            "초등학군":89.99,
            "중학군":43.44,
            "학군총점":52.75,
            "인구수":41.61,
            "인구증감":-9.65,
            "인구총점":26.232,
            "일자리":19.56,
            "소득수준":100.0,
            "일자리총점":43.692,
            "가치 총점":37.5125,
            "매매실거래년":20211206.0,
            "매매실거래가":52000.0,
            "전세실거래년":20210901.0,
            "전세실거래가":29700.0,
            "전세가율":55.41,
            "장기전세가율평균":73.1,
            "전세가율거품지수":17.69,
            "검색코드":113204,
            "세대수":430.0,
            "준공년월":"2017-01-01",
            "준공년차":6.0,
            "가까운역이름":"오목천",
            "가까운역거리":1648.1,
            "역세권여부":"비역세권",
            "30분이내주요거점역":1,
            "30분거점역이름":"['수원']",
            "1시간이내주요거점역":4,
            "1시간거점역이름":"['수원시청', '수원', '안산', 'GTX용인(2023년)']",
            "3km이내백화점수":0,
            "5km이내아울렛몰수":1,
            "1km이내대형먀트수":0,
            "500m이내은행수":0,
            "500m이내병원수":10,
            "5km이내대형병원수":2,
            "500m이내공원수":2,
            "3km이내혐오시설수":0,
            "초등학교학업성취도":89.99,
            "중학교학업성취도":70.4,
            "용적률":176,
            "건폐율":15,
            "Y":37.258046,
            "X":126.961392,
            "rank":117.0,
            "area_info":"30평(100.23), 34평(112.97), 34평(113.21), 34평(113.53)",
            "last_sales":"2021-12-06,52000.0,34평(113.53)",
            "rank_history":[
                [
                    "202203",
                    117
                ],
                [
                    "202202",
                    92
                ],
                [
                    "202201",
                    92
                ]
            ],
            "rank_gap":-25
        },
        {
            "index":434,
            "아파트명":"희성연인",
            "투자타입":"일반",
            "전용면적(m2)":"93.06",
            "전용면적(평)":"28평",
            "법정동주소":"경기도 수원시 권선구 서둔동 374",
            "도로명주소":"경기도 수원시 권선구 상탑로 121",
            "세대수":0,
            "입주년차":40,
            "용적률점수":"--",
            "건폐율점수":"--",
            "세대당주차수":30,
            "난방방식":30,
            "공급면적":"--",
            "전용률":"--",
            "욕실수":100,
            "현관타입":100,
            "주거총점":35.5,
            "지역구공급총점":100.0,
            "역세권":0,
            "30분내 이동가능 거점":20,
            "1시간내 이동가능 거점":50,
            "교통총점":16.0,
            "백화점":100,
            "아울렛몰":80,
            "대형마트":0,
            "은행":0,
            "병원":10,
            "종합병원":100,
            "공원":0,
            "혐오시설":0,
            "인프라총점":59.0,
            "초등학군":90.05,
            "중학군":36.6,
            "학군총점":47.29,
            "인구수":41.61,
            "인구증감":-9.65,
            "인구총점":26.232,
            "일자리":19.56,
            "소득수준":100.0,
            "일자리총점":43.692,
            "가치 총점":37.4935,
            "매매실거래년":20211005.0,
            "매매실거래가":37800.0,
            "전세실거래년":20170402.0,
            "전세실거래가":15000.0,
            "전세가율":64.1,
            "장기전세가율평균":73.1,
            "전세가율거품지수":9.0,
            "검색코드":19008,
            "세대수":105.0,
            "준공년월":"2006-01-27",
            "준공년차":17.0,
            "가까운역이름":"화서",
            "가까운역거리":1461.48,
            "역세권여부":"비역세권",
            "30분이내주요거점역":1,
            "30분거점역이름":"['수원']",
            "1시간이내주요거점역":5,
            "1시간거점역이름":"['수원시청', '평촌', '수원', 'GTX용인(2023년)', 'GTX동탄(2023년)']",
            "3km이내백화점수":2,
            "5km이내아울렛몰수":1,
            "1km이내대형먀트수":0,
            "500m이내은행수":1,
            "500m이내병원수":3,
            "5km이내대형병원수":4,
            "500m이내공원수":0,
            "3km이내혐오시설수":0,
            "초등학교학업성취도":90.05,
            "중학교학업성취도":61.0,
            "용적률":225,
            "건폐율":25,
            "Y":37.271563,
            "X":126.984276,
            "rank":118.0,
            "area_info":"28평(93.06), 28평(93.4), 29평(96.64), 33평(109.98)",
            "last_sales":"2021-10-05,37800.0,29평(96.64)",
            "rank_history":[
                [
                    "202203",
                    118
                ],
                [
                    "202202",
                    77
                ],
                [
                    "202201",
                    74
                ]
            ],
            "rank_gap":-41
        },
        {
            "index":359,
            "아파트명":"수원모아미래도센트럴타운2단지",
            "투자타입":"일반",
            "전용면적(m2)":"110.99",
            "전용면적(평)":"33평",
            "법정동주소":"경기도 수원시 권선구 금곡동 1077",
            "도로명주소":"경기도 수원시 권선구 서수원로577번길 305",
            "세대수":80,
            "입주년차":80,
            "용적률점수":"--",
            "건폐율점수":"--",
            "세대당주차수":30,
            "난방방식":100,
            "공급면적":"--",
            "전용률":"--",
            "욕실수":100,
            "현관타입":100,
            "주거총점":78.5,
            "지역구공급총점":100.0,
            "역세권":0,
            "30분내 이동가능 거점":0,
            "1시간내 이동가능 거점":30,
            "교통총점":6.0,
            "백화점":0,
            "아울렛몰":0,
            "대형마트":80,
            "은행":0,
            "병원":80,
            "종합병원":80,
            "공원":100,
            "혐오시설":0,
            "인프라총점":39.0,
            "초등학군":89.99,
            "중학군":41.76,
            "학군총점":51.406,
            "인구수":41.61,
            "인구증감":-9.65,
            "인구총점":26.232,
            "일자리":19.56,
            "소득수준":100.0,
            "일자리총점":43.692,
            "가치 총점":37.2109,
            "매매실거래년":20220127.0,
            "매매실거래가":70000.0,
            "전세실거래년":20220209.0,
            "전세실거래가":43000.0,
            "전세가율":55.13,
            "장기전세가율평균":73.1,
            "전세가율거품지수":17.97,
            "검색코드":110807,
            "세대수":772.0,
            "준공년월":"2017-09-08",
            "준공년차":6.0,
            "가까운역이름":"호매실 (2028년 예정)",
            "가까운역거리":1015.38,
            "역세권여부":"비역세권",
            "30분이내주요거점역":0,
            "30분거점역이름":"[]",
            "1시간이내주요거점역":3,
            "1시간거점역이름":"['수원시청', '평촌', '수원']",
            "3km이내백화점수":0,
            "5km이내아울렛몰수":0,
            "1km이내대형먀트수":1,
            "500m이내은행수":1,
            "500m이내병원수":30,
            "5km이내대형병원수":1,
            "500m이내공원수":7,
            "3km이내혐오시설수":0,
            "초등학교학업성취도":89.99,
            "중학교학업성취도":69.6,
            "용적률":189,
            "건폐율":13,
            "Y":37.275992,
            "X":126.940433,
            "rank":119.0,
            "area_info":"33평(110.99), 33평(111.29), 39평(130.1), 39평(130.48)",
            "last_sales":"2022-01-27,70000.0,39평(130.48)",
            "rank_history":[
                [
                    "202203",
                    119
                ],
                [
                    "202202",
                    91
                ],
                [
                    "202201",
                    101
                ]
            ],
            "rank_gap":-28
        },
        {
            "index":615,
            "아파트명":"호매실경남아너스빌",
            "투자타입":"일반",
            "전용면적(m2)":"100.24",
            "전용면적(평)":"30평",
            "법정동주소":"경기도 수원시 권선구 호매실동 1388",
            "도로명주소":"경기도 수원시 권선구 호매실로165번길 70",
            "세대수":90,
            "입주년차":60,
            "용적률점수":"--",
            "건폐율점수":"--",
            "세대당주차수":60,
            "난방방식":100,
            "공급면적":"--",
            "전용률":"--",
            "욕실수":100,
            "현관타입":100,
            "주거총점":82.5,
            "지역구공급총점":100.0,
            "역세권":0,
            "30분내 이동가능 거점":20,
            "1시간내 이동가능 거점":30,
            "교통총점":12.0,
            "백화점":0,
            "아울렛몰":80,
            "대형마트":0,
            "은행":0,
            "병원":0,
            "종합병원":80,
            "공원":100,
            "혐오시설":0,
            "인프라총점":27.0,
            "초등학군":89.99,
            "중학군":43.44,
            "학군총점":52.75,
            "인구수":41.61,
            "인구증감":-9.65,
            "인구총점":26.232,
            "일자리":19.56,
            "소득수준":100.0,
            "일자리총점":43.692,
            "가치 총점":36.7125,
            "매매실거래년":20210915.0,
            "매매실거래가":62000.0,
            "전세실거래년":20210608.0,
            "전세실거래가":35000.0,
            "전세가율":74.79,
            "장기전세가율평균":73.1,
            "전세가율거품지수":-1.69,
            "검색코드":132609,
            "세대수":1029.0,
            "준공년월":"2011-11-18",
            "준공년차":12.0,
            "가까운역이름":"호매실 (2028년 예정)",
            "가까운역거리":1492.51,
            "역세권여부":"비역세권",
            "30분이내주요거점역":1,
            "30분거점역이름":"['수원']",
            "1시간이내주요거점역":3,
            "1시간거점역이름":"['수원시청', '수원', '안산']",
            "3km이내백화점수":0,
            "5km이내아울렛몰수":1,
            "1km이내대형먀트수":0,
            "500m이내은행수":0,
            "500m이내병원수":1,
            "5km이내대형병원수":1,
            "500m이내공원수":3,
            "3km이내혐오시설수":0,
            "초등학교학업성취도":89.99,
            "중학교학업성취도":70.4,
            "용적률":180,
            "건폐율":19,
            "Y":37.260456,
            "X":126.952373,
            "rank":120.0,
            "area_info":"30평(100.24), 30평(100.23), 34평(113.68), 34평(113.54), 34평(113.67), 34평(113.66)",
            "last_sales":"2021-09-15,62000.0,34평(113.67)",
            "rank_history":[
                [
                    "202203",
                    120
                ],
                [
                    "202202",
                    97
                ],
                [
                    "202201",
                    91
                ]
            ],
            "rank_gap":-23
        },
        {
            "index":355,
            "아파트명":"수원모아미래도센트럴타운1단지",
            "투자타입":"일반",
            "전용면적(m2)":"112.06",
            "전용면적(평)":"33평",
            "법정동주소":"경기도 수원시 권선구 금곡동 1078",
            "도로명주소":"경기도 수원시 권선구 서수원로577번길 341",
            "세대수":50,
            "입주년차":80,
            "용적률점수":"--",
            "건폐율점수":"--",
            "세대당주차수":60,
            "난방방식":100,
            "공급면적":"--",
            "전용률":"--",
            "욕실수":100,
            "현관타입":100,
            "주거총점":72.5,
            "지역구공급총점":100.0,
            "역세권":0,
            "30분내 이동가능 거점":0,
            "1시간내 이동가능 거점":30,
            "교통총점":6.0,
            "백화점":0,
            "아울렛몰":0,
            "대형마트":80,
            "은행":0,
            "병원":60,
            "종합병원":80,
            "공원":100,
            "혐오시설":0,
            "인프라총점":37.0,
            "초등학군":89.99,
            "중학군":51.82,
            "학군총점":59.454,
            "인구수":41.61,
            "인구증감":-9.65,
            "인구총점":26.232,
            "일자리":19.56,
            "소득수준":100.0,
            "일자리총점":43.692,
            "가치 총점":36.6181,
            "매매실거래년":20211016.0,
            "매매실거래가":83000.0,
            "전세실거래년":20220109.0,
            "전세실거래가":47000.0,
            "전세가율":56.63,
            "장기전세가율평균":73.1,
            "전세가율거품지수":16.47,
            "검색코드":110806,
            "세대수":680.0,
            "준공년월":"2017-09-08",
            "준공년차":6.0,
            "가까운역이름":"호매실 (2028년 예정)",
            "가까운역거리":1207.48,
            "역세권여부":"비역세권",
            "30분이내주요거점역":0,
            "30분거점역이름":"[]",
            "1시간이내주요거점역":3,
            "1시간거점역이름":"['수원시청', '평촌', '수원']",
            "3km이내백화점수":0,
            "5km이내아울렛몰수":0,
            "1km이내대형먀트수":1,
            "500m이내은행수":1,
            "500m이내병원수":26,
            "5km이내대형병원수":1,
            "500m이내공원수":2,
            "3km이내혐오시설수":0,
            "초등학교학업성취도":89.99,
            "중학교학업성취도":83.9,
            "용적률":182,
            "건폐율":11,
            "Y":37.275904,
            "X":126.938189,
            "rank":121.0,
            "area_info":"33평(112.06), 33평(112.37), 39평(130.0), 39평(130.38)",
            "last_sales":"2021-10-16,83000.0,33평(112.06)",
            "rank_history":[
                [
                    "202203",
                    121
                ],
                [
                    "202202",
                    93
                ],
                [
                    "202201",
                    103
                ]
            ],
            "rank_gap":-28
        },
        {
            "index":337,
            "아파트명":"금곡LG",
            "투자타입":"일반",
            "전용면적(m2)":"81.87",
            "전용면적(평)":"24평",
            "법정동주소":"경기도 수원시 권선구 금곡동 648",
            "도로명주소":"경기도 수원시 권선구 금곡로31번길 7",
            "세대수":100,
            "입주년차":0,
            "용적률점수":"--",
            "건폐율점수":"--",
            "세대당주차수":30,
            "난방방식":30,
            "공급면적":"--",
            "전용률":"--",
            "욕실수":50,
            "현관타입":100,
            "주거총점":57.5,
            "지역구공급총점":100.0,
            "역세권":0,
            "30분내 이동가능 거점":0,
            "1시간내 이동가능 거점":40,
            "교통총점":8.0,
            "백화점":0,
            "아울렛몰":0,
            "대형마트":80,
            "은행":70,
            "병원":60,
            "종합병원":80,
            "공원":100,
            "혐오시설":0,
            "인프라총점":44.0,
            "초등학군":89.97,
            "중학군":51.82,
            "학군총점":59.45,
            "인구수":41.61,
            "인구증감":-9.65,
            "인구총점":26.232,
            "일자리":19.56,
            "소득수준":100.0,
            "일자리총점":43.692,
            "가치 총점":36.4175,
            "매매실거래년":20220104.0,
            "매매실거래가":77000.0,
            "전세실거래년":20220219.0,
            "전세실거래가":18000.0,
            "전세가율":41.86,
            "장기전세가율평균":73.1,
            "전세가율거품지수":31.24,
            "검색코드":1773,
            "세대수":3234.0,
            "준공년월":"1998-11-28",
            "준공년차":25.0,
            "가까운역이름":"호매실 (2028년 예정)",
            "가까운역거리":1328.3,
            "역세권여부":"비역세권",
            "30분이내주요거점역":0,
            "30분거점역이름":"[]",
            "1시간이내주요거점역":4,
            "1시간거점역이름":"['수원시청', '평촌', '가산디지털단지', '수원']",
            "3km이내백화점수":0,
            "5km이내아울렛몰수":0,
            "1km이내대형먀트수":1,
            "500m이내은행수":3,
            "500m이내병원수":27,
            "5km이내대형병원수":1,
            "500m이내공원수":3,
            "3km이내혐오시설수":0,
            "초등학교학업성취도":89.97,
            "중학교학업성취도":83.9,
            "용적률":0,
            "건폐율":0,
            "Y":37.273036,
            "X":126.936617,
            "rank":122.0,
            "area_info":"24평(81.87), 24평(81.92), 29평(96.75), 33평(109.31), 33평(110.36), 38평(127.37), 44평(146.96), 52평(173.11), 64평(213.02), 82평(271.72)",
            "last_sales":"2022-01-04,77000.0,52평(173.11)",
            "rank_history":[
                [
                    "202203",
                    122
                ],
                [
                    "202202",
                    99
                ],
                [
                    "202201",
                    107
                ]
            ],
            "rank_gap":-23
        },
        {
            "index":33,
            "아파트명":"삼성(수원권선삼성래미안)",
            "투자타입":"일반",
            "전용면적(m2)":"104.62",
            "전용면적(평)":"31평",
            "법정동주소":"경기도 수원시 권선구 곡반정동 580",
            "도로명주소":"경기도 수원시 권선구 곡선로50번길 73",
            "세대수":50,
            "입주년차":20,
            "용적률점수":"--",
            "건폐율점수":"--",
            "세대당주차수":30,
            "난방방식":100,
            "공급면적":"--",
            "전용률":"--",
            "욕실수":100,
            "현관타입":100,
            "주거총점":56.0,
            "지역구공급총점":100.0,
            "역세권":0,
            "30분내 이동가능 거점":0,
            "1시간내 이동가능 거점":40,
            "교통총점":8.0,
            "백화점":0,
            "아울렛몰":80,
            "대형마트":80,
            "은행":0,
            "병원":30,
            "종합병원":100,
            "공원":100,
            "혐오시설":0,
            "인프라총점":46.0,
            "초등학군":89.99,
            "중학군":48.38,
            "학군총점":56.702,
            "인구수":41.61,
            "인구증감":-9.65,
            "인구총점":26.232,
            "일자리":19.56,
            "소득수준":100.0,
            "일자리총점":43.692,
            "가치 총점":36.3053,
            "매매실거래년":20220208.0,
            "매매실거래가":45000.0,
            "전세실거래년":20220223.0,
            "전세실거래가":30000.0,
            "전세가율":66.67,
            "장기전세가율평균":73.1,
            "전세가율거품지수":6.43,
            "검색코드":8656,
            "세대수":442.0,
            "준공년월":"2000-10-27",
            "준공년차":23.0,
            "가까운역이름":"세류",
            "가까운역거리":1590.76,
            "역세권여부":"비역세권",
            "30분이내주요거점역":0,
            "30분거점역이름":"[]",
            "1시간이내주요거점역":4,
            "1시간거점역이름":"['수원시청', '수원', 'GTX용인(2023년)', 'GTX동탄(2023년)']",
            "3km이내백화점수":0,
            "5km이내아울렛몰수":1,
            "1km이내대형먀트수":1,
            "500m이내은행수":0,
            "500m이내병원수":7,
            "5km이내대형병원수":3,
            "500m이내공원수":5,
            "3km이내혐오시설수":0,
            "초등학교학업성취도":89.99,
            "중학교학업성취도":78.5,
            "용적률":235,
            "건폐율":21,
            "Y":37.23591,
            "X":127.028729,
            "rank":123.0,
            "area_info":"31평(104.62), 42평(141.81)",
            "last_sales":"2022-02-08,45000.0,31평(104.62)",
            "rank_history":[
                [
                    "202203",
                    123
                ],
                [
                    "202202",
                    105
                ],
                [
                    "202201",
                    117
                ]
            ],
            "rank_gap":-18
        },
        {
            "index":512,
            "아파트명":"수원권선꿈에그린(민간임대)",
            "투자타입":"일반",
            "전용면적(m2)":"85.15",
            "전용면적(평)":"25평",
            "법정동주소":"경기도 수원시 권선구 오목천동 1180",
            "도로명주소":"경기도 수원시 권선구 서수원로 99",
            "세대수":100,
            "입주년차":80,
            "용적률점수":"--",
            "건폐율점수":"--",
            "세대당주차수":30,
            "난방방식":100,
            "공급면적":"--",
            "전용률":"--",
            "욕실수":100,
            "현관타입":100,
            "주거총점":85.5,
            "지역구공급총점":100.0,
            "역세권":0,
            "30분내 이동가능 거점":0,
            "1시간내 이동가능 거점":30,
            "교통총점":6.0,
            "백화점":0,
            "아울렛몰":80,
            "대형마트":0,
            "은행":0,
            "병원":0,
            "종합병원":100,
            "공원":100,
            "혐오시설":0,
            "인프라총점":31.0,
            "초등학군":89.99,
            "중학군":40.8,
            "학군총점":50.638,
            "인구수":41.61,
            "인구증감":-9.65,
            "인구총점":26.232,
            "일자리":19.56,
            "소득수준":100.0,
            "일자리총점":43.692,
            "가치 총점":36.0957,
            "매매실거래년":"18000101",
            "매매실거래가":null,
            "전세실거래년":null,
            "전세실거래가":null,
            "전세가율":null,
            "장기전세가율평균":73.1,
            "전세가율거품지수":null,
            "검색코드":119727,
            "세대수":2400.0,
            "준공년월":"2018-03-01",
            "준공년차":5.0,
            "가까운역이름":"오목천",
            "가까운역거리":1356.61,
            "역세권여부":"비역세권",
            "30분이내주요거점역":0,
            "30분거점역이름":"[]",
            "1시간이내주요거점역":3,
            "1시간거점역이름":"['수원시청', '수원', '안산']",
            "3km이내백화점수":0,
            "5km이내아울렛몰수":1,
            "1km이내대형먀트수":0,
            "500m이내은행수":1,
            "500m이내병원수":1,
            "5km이내대형병원수":2,
            "500m이내공원수":3,
            "3km이내혐오시설수":0,
            "초등학교학업성취도":89.99,
            "중학교학업성취도":67.0,
            "용적률":210,
            "건폐율":20,
            "Y":37.235136,
            "X":126.975223,
            "rank":124.0,
            "area_info":"25평(85.15), 30평(101.85), 34평(114.89), 35평(115.73), 34평(115.17), 34평(115.39)",
            "last_sales":"1800-01-01,nan,25평(85.15)",
            "rank_history":[
                [
                    "202203",
                    124
                ],
                [
                    "202202",
                    100
                ],
                [
                    "202201",
                    96
                ]
            ],
            "rank_gap":-24
        },
        {
            "index":22,
            "아파트명":"곡반정현대아이파크",
            "투자타입":"일반",
            "전용면적(m2)":"95.36",
            "전용면적(평)":"28평",
            "법정동주소":"경기도 수원시 권선구 곡반정동 578",
            "도로명주소":"경기도 수원시 권선구 곡선로50번길 48",
            "세대수":50,
            "입주년차":20,
            "용적률점수":"--",
            "건폐율점수":"--",
            "세대당주차수":30,
            "난방방식":100,
            "공급면적":"--",
            "전용률":"--",
            "욕실수":100,
            "현관타입":100,
            "주거총점":56.0,
            "지역구공급총점":100.0,
            "역세권":0,
            "30분내 이동가능 거점":0,
            "1시간내 이동가능 거점":30,
            "교통총점":6.0,
            "백화점":0,
            "아울렛몰":80,
            "대형마트":80,
            "은행":0,
            "병원":30,
            "종합병원":100,
            "공원":100,
            "혐오시설":0,
            "인프라총점":46.0,
            "초등학군":89.98,
            "중학군":48.38,
            "학군총점":56.7,
            "인구수":41.61,
            "인구증감":-9.65,
            "인구총점":26.232,
            "일자리":19.56,
            "소득수준":100.0,
            "일자리총점":43.692,
            "가치 총점":35.605,
            "매매실거래년":20211101.0,
            "매매실거래가":45000.0,
            "전세실거래년":20210713.0,
            "전세실거래가":32500.0,
            "전세가율":72.22,
            "장기전세가율평균":73.1,
            "전세가율거품지수":0.88,
            "검색코드":3622,
            "세대수":484.0,
            "준공년월":"2002-04-25",
            "준공년차":21.0,
            "가까운역이름":"세류",
            "가까운역거리":1440.06,
            "역세권여부":"비역세권",
            "30분이내주요거점역":0,
            "30분거점역이름":"[]",
            "1시간이내주요거점역":3,
            "1시간거점역이름":"['수원시청', '수원', 'GTX용인(2023년)']",
            "3km이내백화점수":0,
            "5km이내아울렛몰수":1,
            "1km이내대형먀트수":1,
            "500m이내은행수":0,
            "500m이내병원수":7,
            "5km이내대형병원수":3,
            "500m이내공원수":6,
            "3km이내혐오시설수":0,
            "초등학교학업성취도":89.98,
            "중학교학업성취도":78.5,
            "용적률":197,
            "건폐율":20,
            "Y":37.23699,
            "X":127.02758,
            "rank":125.0,
            "area_info":"28평(95.36), 31평(104.57), 31평(104.57), 37평(122.95), 43평(145.1)",
            "last_sales":"2021-11-01,45000.0,28평(95.36)",
            "rank_history":[
                [
                    "202203",
                    125
                ],
                [
                    "202202",
                    95
                ],
                [
                    "202201",
                    110
                ]
            ],
            "rank_gap":-30
        },
        {
            "index":592,
            "아파트명":"능실21단지LH",
            "투자타입":"일반",
            "전용면적(m2)":"85.8",
            "전용면적(평)":"25평",
            "법정동주소":"경기도 수원시 권선구 호매실동 1408",
            "도로명주소":"경기도 수원시 권선구 호매실로 103",
            "세대수":90,
            "입주년차":80,
            "용적률점수":"--",
            "건폐율점수":"--",
            "세대당주차수":0,
            "난방방식":100,
            "공급면적":"--",
            "전용률":"--",
            "욕실수":100,
            "현관타입":100,
            "주거총점":77.5,
            "지역구공급총점":100.0,
            "역세권":0,
            "30분내 이동가능 거점":20,
            "1시간내 이동가능 거점":30,
            "교통총점":12.0,
            "백화점":0,
            "아울렛몰":80,
            "대형마트":0,
            "은행":0,
            "병원":0,
            "종합병원":80,
            "공원":80,
            "혐오시설":0,
            "인프라총점":26.4,
            "초등학군":89.99,
            "중학군":43.44,
            "학군총점":52.75,
            "인구수":41.61,
            "인구증감":-9.65,
            "인구총점":26.232,
            "일자리":19.56,
            "소득수준":100.0,
            "일자리총점":43.692,
            "가치 총점":35.5325,
            "매매실거래년":20220208.0,
            "매매실거래가":46500.0,
            "전세실거래년":20220205.0,
            "전세실거래가":19000.0,
            "전세가율":40.86,
            "장기전세가율평균":73.1,
            "전세가율거품지수":32.24,
            "검색코드":115419,
            "세대수":1100.0,
            "준공년월":"2018-04-05",
            "준공년차":5.0,
            "가까운역이름":"오목천",
            "가까운역거리":1267.02,
            "역세권여부":"비역세권",
            "30분이내주요거점역":1,
            "30분거점역이름":"['수원']",
            "1시간이내주요거점역":3,
            "1시간거점역이름":"['수원시청', '수원', '안산']",
            "3km이내백화점수":0,
            "5km이내아울렛몰수":1,
            "1km이내대형먀트수":0,
            "500m이내은행수":0,
            "500m이내병원수":1,
            "5km이내대형병원수":1,
            "500m이내공원수":1,
            "3km이내혐오시설수":0,
            "초등학교학업성취도":89.99,
            "중학교학업성취도":70.4,
            "용적률":157,
            "건폐율":15,
            "Y":37.254084,
            "X":126.959066,
            "rank":126.0,
            "area_info":"25평(85.8), 25평(85.78)",
            "last_sales":"2022-02-08,46500.0,25평(85.8)",
            "rank_history":[
                [
                    "202203",
                    126
                ],
                [
                    "202202",
                    111
                ],
                [
                    "202201",
                    105
                ]
            ],
            "rank_gap":-15
        },
        {
            "index":557,
            "아파트명":"서수원자이",
            "투자타입":"일반",
            "전용면적(m2)":"107.25",
            "전용면적(평)":"32평",
            "법정동주소":"경기도 수원시 권선구 입북동 810",
            "도로명주소":"경기도 수원시 권선구 입북로 50",
            "세대수":90,
            "입주년차":60,
            "용적률점수":"--",
            "건폐율점수":"--",
            "세대당주차수":30,
            "난방방식":30,
            "공급면적":"--",
            "전용률":"--",
            "욕실수":100,
            "현관타입":100,
            "주거총점":71.0,
            "지역구공급총점":100.0,
            "역세권":0,
            "30분내 이동가능 거점":0,
            "1시간내 이동가능 거점":50,
            "교통총점":10.0,
            "백화점":0,
            "아울렛몰":80,
            "대형마트":0,
            "은행":0,
            "병원":0,
            "종합병원":100,
            "공원":100,
            "혐오시설":0,
            "인프라총점":31.0,
            "초등학군":89.93,
            "중학군":45.86,
            "학군총점":54.674,
            "인구수":41.61,
            "인구증감":-9.65,
            "인구총점":26.232,
            "일자리":19.56,
            "소득수준":100.0,
            "일자리총점":43.692,
            "가치 총점":35.2011,
            "매매실거래년":20211127.0,
            "매매실거래가":59000.0,
            "전세실거래년":20220219.0,
            "전세실거래가":33500.0,
            "전세가율":56.78,
            "장기전세가율평균":73.1,
            "전세가율거품지수":16.32,
            "검색코드":24123,
            "세대수":921.0,
            "준공년월":"2009-02-26",
            "준공년차":14.0,
            "가까운역이름":"성균관대",
            "가까운역거리":1050.07,
            "역세권여부":"비역세권",
            "30분이내주요거점역":0,
            "30분거점역이름":"[]",
            "1시간이내주요거점역":5,
            "1시간거점역이름":"['수원시청', '평촌', '가산디지털단지', '수원', '구로디지털단지']",
            "3km이내백화점수":0,
            "5km이내아울렛몰수":1,
            "1km이내대형먀트수":0,
            "500m이내은행수":0,
            "500m이내병원수":1,
            "5km이내대형병원수":2,
            "500m이내공원수":2,
            "3km이내혐오시설수":0,
            "초등학교학업성취도":89.93,
            "중학교학업성취도":76.1,
            "용적률":229,
            "건폐율":20,
            "Y":37.296772,
            "X":126.960025,
            "rank":127.0,
            "area_info":"32평(107.25)",
            "last_sales":"2021-11-27,59000.0,32평(107.25)",
            "rank_history":[
                [
                    "202203",
                    127
                ],
                [
                    "202202",
                    106
                ],
                [
                    "202201",
                    99
                ]
            ],
            "rank_gap":-21
        },
        {
            "index":367,
            "아파트명":"와이시티",
            "투자타입":"일반",
            "전용면적(m2)":"98.23",
            "전용면적(평)":"29평",
            "법정동주소":"경기도 수원시 권선구 금곡동 1100",
            "도로명주소":"경기도 수원시 권선구 금곡로 20",
            "세대수":50,
            "입주년차":80,
            "용적률점수":"--",
            "건폐율점수":"--",
            "세대당주차수":30,
            "난방방식":100,
            "공급면적":"--",
            "전용률":"--",
            "욕실수":100,
            "현관타입":100,
            "주거총점":68.0,
            "지역구공급총점":100.0,
            "역세권":0,
            "30분내 이동가능 거점":0,
            "1시간내 이동가능 거점":30,
            "교통총점":6.0,
            "백화점":0,
            "아울렛몰":0,
            "대형마트":80,
            "은행":20,
            "병원":60,
            "종합병원":80,
            "공원":100,
            "혐오시설":0,
            "인프라총점":39.0,
            "초등학군":89.98,
            "중학군":41.76,
            "학군총점":51.404,
            "인구수":41.61,
            "인구증감":-9.65,
            "인구총점":26.232,
            "일자리":19.56,
            "소득수준":100.0,
            "일자리총점":43.692,
            "가치 총점":35.1106,
            "매매실거래년":20210728.0,
            "매매실거래가":57900.0,
            "전세실거래년":20200419.0,
            "전세실거래가":26000.0,
            "전세가율":52.0,
            "장기전세가율평균":73.1,
            "전세가율거품지수":21.1,
            "검색코드":104986,
            "세대수":660.0,
            "준공년월":"2014-08-11",
            "준공년차":9.0,
            "가까운역이름":"호매실 (2028년 예정)",
            "가까운역거리":1150.18,
            "역세권여부":"비역세권",
            "30분이내주요거점역":0,
            "30분거점역이름":"[]",
            "1시간이내주요거점역":3,
            "1시간거점역이름":"['수원시청', '평촌', '수원']",
            "3km이내백화점수":0,
            "5km이내아울렛몰수":0,
            "1km이내대형먀트수":1,
            "500m이내은행수":2,
            "500m이내병원수":15,
            "5km이내대형병원수":1,
            "500m이내공원수":7,
            "3km이내혐오시설수":0,
            "초등학교학업성취도":89.98,
            "중학교학업성취도":69.6,
            "용적률":187,
            "건폐율":16,
            "Y":37.269452,
            "X":126.939836,
            "rank":128.0,
            "area_info":"29평(98.23), 29평(98.18), 29평(98.2), 33평(111.08), 33평(111.32), 33평(111.29), 33평(111.32), 33평(111.08), 33평(111.06), 33평(111.26)",
            "last_sales":"2021-07-28,57900.0,33평(111.29)",
            "rank_history":[
                [
                    "202203",
                    128
                ],
                [
                    "202202",
                    101
                ],
                [
                    "202201",
                    114
                ]
            ],
            "rank_gap":-27
        },
        {
            "index":50,
            "아파트명":"가림",
            "투자타입":"일반",
            "전용면적(m2)":"59.46",
            "전용면적(평)":"17평",
            "법정동주소":"경기도 수원시 권선구 구운동 933-1",
            "도로명주소":"경기도 수원시 권선구 구운로85번길 47-16",
            "세대수":0,
            "입주년차":40,
            "용적률점수":"--",
            "건폐율점수":"--",
            "세대당주차수":30,
            "난방방식":30,
            "공급면적":"--",
            "전용률":"--",
            "욕실수":50,
            "현관타입":100,
            "주거총점":30.5,
            "지역구공급총점":100.0,
            "역세권":0,
            "30분내 이동가능 거점":20,
            "1시간내 이동가능 거점":70,
            "교통총점":20.0,
            "백화점":0,
            "아울렛몰":80,
            "대형마트":100,
            "은행":0,
            "병원":30,
            "종합병원":100,
            "공원":100,
            "혐오시설":0,
            "인프라총점":49.0,
            "초등학군":89.98,
            "중학군":35.94,
            "학군총점":46.748,
            "인구수":41.61,
            "인구증감":-9.65,
            "인구총점":26.232,
            "일자리":19.56,
            "소득수준":100.0,
            "일자리총점":43.692,
            "가치 총점":34.8122,
            "매매실거래년":20191008.0,
            "매매실거래가":17450.0,
            "전세실거래년":20160831.0,
            "전세실거래가":15000.0,
            "전세가율":86.71,
            "장기전세가율평균":73.1,
            "전세가율거품지수":-13.61,
            "검색코드":103722,
            "세대수":76.0,
            "준공년월":"2007-01-23",
            "준공년차":16.0,
            "가까운역이름":"화서",
            "가까운역거리":1750.55,
            "역세권여부":"비역세권",
            "30분이내주요거점역":1,
            "30분거점역이름":"['수원']",
            "1시간이내주요거점역":7,
            "1시간거점역이름":"['강남', '역삼', '수원시청', '평촌', '가산디지털단지', '수원', 'GTX용인(2023년)']",
            "3km이내백화점수":0,
            "5km이내아울렛몰수":1,
            "1km이내대형먀트수":2,
            "500m이내은행수":0,
            "500m이내병원수":5,
            "5km이내대형병원수":2,
            "500m이내공원수":6,
            "3km이내혐오시설수":0,
            "초등학교학업성취도":89.98,
            "중학교학업성취도":59.9,
            "용적률":0,
            "건폐율":0,
            "Y":37.280192,
            "X":126.970414,
            "rank":129.0,
            "area_info":"17평(59.46), 18평(61.88), 19평(62.99), 20평(66.89), 20평(67.94), 20평(67.44), 21평(70.9), 22평(74.46), 22평(75.48), 22평(75.99), 23평(76.33), 23평(77.63), 23평(78.48), 23평(79.06), 23평(79.0), 24평(80.74), 27평(89.75), 27평(91.07), 27평(91.48), 27평(92.04), 28평(93.28), 28평(93.89), 28평(94.51), 28평(94.06), 28평(94.37), 31평(103.73), 32평(106.12)",
            "last_sales":"2019-10-08,17450.0,28평(94.51)",
            "rank_history":[
                [
                    "202203",
                    129
                ],
                [
                    "202202",
                    9999
                ]
            ],
            "rank_gap":9999
        },
        {
            "index":603,
            "아파트명":"한양수자인파크원",
            "투자타입":"일반",
            "전용면적(m2)":"113.61",
            "전용면적(평)":"34평",
            "법정동주소":"경기도 수원시 권선구 호매실동 1361",
            "도로명주소":"경기도 수원시 권선구 칠보로 102",
            "세대수":90,
            "입주년차":80,
            "용적률점수":"--",
            "건폐율점수":"--",
            "세대당주차수":30,
            "난방방식":100,
            "공급면적":"--",
            "전용률":"--",
            "욕실수":100,
            "현관타입":100,
            "주거총점":82.0,
            "지역구공급총점":100.0,
            "역세권":0,
            "30분내 이동가능 거점":0,
            "1시간내 이동가능 거점":20,
            "교통총점":4.0,
            "백화점":0,
            "아울렛몰":80,
            "대형마트":0,
            "은행":0,
            "병원":10,
            "종합병원":80,
            "공원":100,
            "혐오시설":0,
            "인프라총점":28.0,
            "초등학군":89.99,
            "중학군":48.22,
            "학군총점":56.574,
            "인구수":41.61,
            "인구증감":-9.65,
            "인구총점":26.232,
            "일자리":19.56,
            "소득수준":100.0,
            "일자리총점":43.692,
            "가치 총점":34.6861,
            "매매실거래년":20211202.0,
            "매매실거래가":79600.0,
            "전세실거래년":20211218.0,
            "전세실거래가":46000.0,
            "전세가율":73.02,
            "장기전세가율평균":73.1,
            "전세가율거품지수":0.08,
            "검색코드":115414,
            "세대수":1394.0,
            "준공년월":"2018-05-31",
            "준공년차":5.0,
            "가까운역이름":"호매실 (2028년 예정)",
            "가까운역거리":1024.41,
            "역세권여부":"비역세권",
            "30분이내주요거점역":0,
            "30분거점역이름":"[]",
            "1시간이내주요거점역":2,
            "1시간거점역이름":"['수원시청', '수원']",
            "3km이내백화점수":0,
            "5km이내아울렛몰수":1,
            "1km이내대형먀트수":0,
            "500m이내은행수":0,
            "500m이내병원수":3,
            "5km이내대형병원수":1,
            "500m이내공원수":2,
            "3km이내혐오시설수":0,
            "초등학교학업성취도":89.99,
            "중학교학업성취도":79.7,
            "용적률":179,
            "건폐율":12,
            "Y":37.264655,
            "X":126.951267,
            "rank":130.0,
            "area_info":"34평(113.61), 34평(114.05), 38평(127.82), 38평(128.04)",
            "last_sales":"2021-12-02,79600.0,38평(128.04)",
            "rank_history":[
                [
                    "202203",
                    130
                ],
                [
                    "202202",
                    103
                ],
                [
                    "202201",
                    97
                ]
            ],
            "rank_gap":-27
        },
        {
            "index":621,
            "아파트명":"호매실금호어울림에듀포레",
            "투자타입":"일반",
            "전용면적(m2)":"95.51",
            "전용면적(평)":"28평",
            "법정동주소":"경기도 수원시 권선구 호매실동 1420",
            "도로명주소":"경기도 수원시 권선구 호매실로165번길 71",
            "세대수":50,
            "입주년차":100,
            "용적률점수":"--",
            "건폐율점수":"--",
            "세대당주차수":30,
            "난방방식":100,
            "공급면적":"--",
            "전용률":"--",
            "욕실수":100,
            "현관타입":100,
            "주거총점":72.0,
            "지역구공급총점":100.0,
            "역세권":0,
            "30분내 이동가능 거점":20,
            "1시간내 이동가능 거점":30,
            "교통총점":12.0,
            "백화점":0,
            "아울렛몰":80,
            "대형마트":0,
            "은행":0,
            "병원":0,
            "종합병원":80,
            "공원":100,
            "혐오시설":0,
            "인프라총점":27.0,
            "초등학군":89.99,
            "중학군":43.44,
            "학군총점":52.75,
            "인구수":41.61,
            "인구증감":-9.65,
            "인구총점":26.232,
            "일자리":19.56,
            "소득수준":100.0,
            "일자리총점":43.692,
            "가치 총점":34.6125,
            "매매실거래년":20220215.0,
            "매매실거래가":65000.0,
            "전세실거래년":20220219.0,
            "전세실거래가":30975.0,
            "전세가율":47.65,
            "장기전세가율평균":73.1,
            "전세가율거품지수":25.45,
            "검색코드":118142,
            "세대수":532.0,
            "준공년월":"2019-08-14",
            "준공년차":4.0,
            "가까운역이름":"호매실 (2028년 예정)",
            "가까운역거리":1728.48,
            "역세권여부":"비역세권",
            "30분이내주요거점역":1,
            "30분거점역이름":"['수원']",
            "1시간이내주요거점역":3,
            "1시간거점역이름":"['수원시청', '수원', '안산']",
            "3km이내백화점수":0,
            "5km이내아울렛몰수":1,
            "1km이내대형먀트수":0,
            "500m이내은행수":0,
            "500m이내병원수":1,
            "5km이내대형병원수":1,
            "500m이내공원수":2,
            "3km이내혐오시설수":0,
            "초등학교학업성취도":89.99,
            "중학교학업성취도":70.4,
            "용적률":170,
            "건폐율":15,
            "Y":37.258373,
            "X":126.953211,
            "rank":131.0,
            "area_info":"28평(95.51), 32평(108.94)",
            "last_sales":"2022-02-15,65000.0,28평(95.51)",
            "rank_history":[
                [
                    "202203",
                    131
                ],
                [
                    "202202",
                    115
                ],
                [
                    "202201",
                    111
                ]
            ],
            "rank_gap":-16
        },
        {
            "index":48,
            "아파트명":"한솔",
            "투자타입":"일반",
            "전용면적(m2)":"108.67",
            "전용면적(평)":"32평",
            "법정동주소":"경기도 수원시 권선구 곡반정동 579",
            "도로명주소":"경기도 수원시 권선구 동수원로58번길 21",
            "세대수":30,
            "입주년차":20,
            "용적률점수":"--",
            "건폐율점수":"--",
            "세대당주차수":30,
            "난방방식":100,
            "공급면적":"--",
            "전용률":"--",
            "욕실수":100,
            "현관타입":100,
            "주거총점":49.0,
            "지역구공급총점":100.0,
            "역세권":0,
            "30분내 이동가능 거점":0,
            "1시간내 이동가능 거점":30,
            "교통총점":6.0,
            "백화점":0,
            "아울렛몰":80,
            "대형마트":80,
            "은행":0,
            "병원":30,
            "종합병원":100,
            "공원":100,
            "혐오시설":0,
            "인프라총점":46.0,
            "초등학군":89.99,
            "중학군":48.38,
            "학군총점":56.702,
            "인구수":41.61,
            "인구증감":-9.65,
            "인구총점":26.232,
            "일자리":19.56,
            "소득수준":100.0,
            "일자리총점":43.692,
            "가치 총점":34.2053,
            "매매실거래년":20220221.0,
            "매매실거래가":40000.0,
            "전세실거래년":20220221.0,
            "전세실거래가":37000.0,
            "전세가율":92.5,
            "장기전세가율평균":73.1,
            "전세가율거품지수":-19.4,
            "검색코드":8655,
            "세대수":391.0,
            "준공년월":"2000-11-17",
            "준공년차":23.0,
            "가까운역이름":"세류",
            "가까운역거리":1505.65,
            "역세권여부":"비역세권",
            "30분이내주요거점역":0,
            "30분거점역이름":"[]",
            "1시간이내주요거점역":3,
            "1시간거점역이름":"['수원시청', '수원', 'GTX용인(2023년)']",
            "3km이내백화점수":0,
            "5km이내아울렛몰수":1,
            "1km이내대형먀트수":1,
            "500m이내은행수":0,
            "500m이내병원수":7,
            "5km이내대형병원수":3,
            "500m이내공원수":5,
            "3km이내혐오시설수":0,
            "초등학교학업성취도":89.99,
            "중학교학업성취도":78.5,
            "용적률":212,
            "건폐율":22,
            "Y":37.235755,
            "X":127.027413,
            "rank":132.0,
            "area_info":"32평(108.67), 37평(124.42)",
            "last_sales":"2022-02-21,40000.0,32평(108.67)",
            "rank_history":[
                [
                    "202203",
                    132
                ],
                [
                    "202202",
                    102
                ],
                [
                    "202201",
                    115
                ]
            ],
            "rank_gap":-30
        },
        {
            "index":551,
            "아파트명":"서수원레이크푸르지오2단지",
            "투자타입":"일반",
            "전용면적(m2)":"80.19",
            "전용면적(평)":"24평",
            "법정동주소":"경기도 수원시 권선구 입북동 815",
            "도로명주소":"경기도 수원시 권선구 입북로77번길 61",
            "세대수":80,
            "입주년차":80,
            "용적률점수":"--",
            "건폐율점수":"--",
            "세대당주차수":30,
            "난방방식":30,
            "공급면적":"--",
            "전용률":"--",
            "욕실수":100,
            "현관타입":100,
            "주거총점":71.5,
            "지역구공급총점":100.0,
            "역세권":0,
            "30분내 이동가능 거점":0,
            "1시간내 이동가능 거점":40,
            "교통총점":8.0,
            "백화점":0,
            "아울렛몰":0,
            "대형마트":0,
            "은행":0,
            "병원":0,
            "종합병원":100,
            "공원":100,
            "혐오시설":0,
            "인프라총점":23.0,
            "초등학군":89.93,
            "중학군":45.86,
            "학군총점":54.674,
            "인구수":41.61,
            "인구증감":-9.65,
            "인구총점":26.232,
            "일자리":19.56,
            "소득수준":100.0,
            "일자리총점":43.692,
            "가치 총점":32.2011,
            "매매실거래년":20210904.0,
            "매매실거래가":75000.0,
            "전세실거래년":20210924.0,
            "전세실거래가":35000.0,
            "전세가율":56.45,
            "장기전세가율평균":73.1,
            "전세가율거품지수":16.65,
            "검색코드":104300,
            "세대수":797.0,
            "준공년월":"2014-02-04",
            "준공년차":9.0,
            "가까운역이름":"성균관대",
            "가까운역거리":1598.66,
            "역세권여부":"비역세권",
            "30분이내주요거점역":0,
            "30분거점역이름":"[]",
            "1시간이내주요거점역":4,
            "1시간거점역이름":"['수원시청', '평촌', '수원', '안산']",
            "3km이내백화점수":0,
            "5km이내아울렛몰수":0,
            "1km이내대형먀트수":0,
            "500m이내은행수":0,
            "500m이내병원수":0,
            "5km이내대형병원수":2,
            "500m이내공원수":3,
            "3km이내혐오시설수":0,
            "초등학교학업성취도":89.93,
            "중학교학업성취도":76.1,
            "용적률":228,
            "건폐율":15,
            "Y":37.299134,
            "X":126.953011,
            "rank":133.0,
            "area_info":"24평(80.19), 24평(80.75), 33평(111.98), 34평(112.66), 34평(112.5), 34평(112.62)",
            "last_sales":"2021-09-04,75000.0,33평(111.98)",
            "rank_history":[
                [
                    "202203",
                    133
                ],
                [
                    "202202",
                    116
                ],
                [
                    "202201",
                    112
                ]
            ],
            "rank_gap":-17
        },
        {
            "index":27,
            "아파트명":"권선신일유토빌",
            "투자타입":"일반",
            "전용면적(m2)":"82.91",
            "전용면적(평)":"25평",
            "법정동주소":"경기도 수원시 권선구 곡반정동 548",
            "도로명주소":"경기도 수원시 권선구 동수원로146번길 281-25",
            "세대수":0,
            "입주년차":60,
            "용적률점수":"--",
            "건폐율점수":"--",
            "세대당주차수":0,
            "난방방식":30,
            "공급면적":"--",
            "전용률":"--",
            "욕실수":100,
            "현관타입":100,
            "주거총점":35.0,
            "지역구공급총점":100.0,
            "역세권":0,
            "30분내 이동가능 거점":0,
            "1시간내 이동가능 거점":30,
            "교통총점":6.0,
            "백화점":0,
            "아울렛몰":80,
            "대형마트":80,
            "은행":0,
            "병원":30,
            "종합병원":100,
            "공원":100,
            "혐오시설":0,
            "인프라총점":46.0,
            "초등학군":89.98,
            "중학군":48.38,
            "학군총점":56.7,
            "인구수":41.61,
            "인구증감":-9.65,
            "인구총점":26.232,
            "일자리":19.56,
            "소득수준":100.0,
            "일자리총점":43.692,
            "가치 총점":31.405,
            "매매실거래년":20220105.0,
            "매매실거래가":47000.0,
            "전세실거래년":null,
            "전세실거래가":null,
            "전세가율":null,
            "장기전세가율평균":73.1,
            "전세가율거품지수":null,
            "검색코드":103565,
            "세대수":243.0,
            "준공년월":"2013-04-12",
            "준공년차":10.0,
            "가까운역이름":"세류",
            "가까운역거리":1470.83,
            "역세권여부":"비역세권",
            "30분이내주요거점역":0,
            "30분거점역이름":"[]",
            "1시간이내주요거점역":3,
            "1시간거점역이름":"['수원시청', '수원', 'GTX용인(2023년)']",
            "3km이내백화점수":0,
            "5km이내아울렛몰수":1,
            "1km이내대형먀트수":1,
            "500m이내은행수":0,
            "500m이내병원수":6,
            "5km이내대형병원수":4,
            "500m이내공원수":5,
            "3km이내혐오시설수":0,
            "초등학교학업성취도":89.98,
            "중학교학업성취도":78.5,
            "용적률":212,
            "건폐율":23,
            "Y":37.240244,
            "X":127.029778,
            "rank":134.0,
            "area_info":"25평(82.91), 25평(82.91), 25평(82.91), 25평(82.91), 25평(83.53), 25평(83.54)",
            "last_sales":"2022-01-05,47000.0,25평(83.53)",
            "rank_history":[
                [
                    "202203",
                    134
                ],
                [
                    "202202",
                    109
                ],
                [
                    "202201",
                    122
                ]
            ],
            "rank_gap":-25
        },
        {
            "index":544,
            "아파트명":"서수원레이크푸르지오1단지",
            "투자타입":"일반",
            "전용면적(m2)":"79.66",
            "전용면적(평)":"24평",
            "법정동주소":"경기도 수원시 권선구 입북동 814",
            "도로명주소":"경기도 수원시 권선구 입북로77번길 62",
            "세대수":50,
            "입주년차":80,
            "용적률점수":"--",
            "건폐율점수":"--",
            "세대당주차수":30,
            "난방방식":30,
            "공급면적":"--",
            "전용률":"--",
            "욕실수":100,
            "현관타입":100,
            "주거총점":61.0,
            "지역구공급총점":100.0,
            "역세권":0,
            "30분내 이동가능 거점":0,
            "1시간내 이동가능 거점":40,
            "교통총점":8.0,
            "백화점":0,
            "아울렛몰":0,
            "대형마트":0,
            "은행":0,
            "병원":0,
            "종합병원":100,
            "공원":100,
            "혐오시설":0,
            "인프라총점":23.0,
            "초등학군":89.93,
            "중학군":45.86,
            "학군총점":54.674,
            "인구수":41.61,
            "인구증감":-9.65,
            "인구총점":26.232,
            "일자리":19.56,
            "소득수준":100.0,
            "일자리총점":43.692,
            "가치 총점":30.1011,
            "매매실거래년":20211215.0,
            "매매실거래가":68000.0,
            "전세실거래년":20211122.0,
            "전세실거래가":21000.0,
            "전세가율":39.62,
            "장기전세가율평균":73.1,
            "전세가율거품지수":33.48,
            "검색코드":101719,
            "세대수":569.0,
            "준공년월":"2014-02-04",
            "준공년차":9.0,
            "가까운역이름":"성균관대",
            "가까운역거리":1549.35,
            "역세권여부":"비역세권",
            "30분이내주요거점역":0,
            "30분거점역이름":"[]",
            "1시간이내주요거점역":4,
            "1시간거점역이름":"['수원시청', '평촌', '수원', '안산']",
            "3km이내백화점수":0,
            "5km이내아울렛몰수":0,
            "1km이내대형먀트수":0,
            "500m이내은행수":0,
            "500m이내병원수":0,
            "5km이내대형병원수":2,
            "500m이내공원수":3,
            "3km이내혐오시설수":0,
            "초등학교학업성취도":89.93,
            "중학교학업성취도":76.1,
            "용적률":224,
            "건폐율":14,
            "Y":37.300598,
            "X":126.953509,
            "rank":135.0,
            "area_info":"24평(79.66), 24평(80.23), 33평(111.75), 33평(111.24), 33평(111.92), 33평(111.79), 33평(112.13)",
            "last_sales":"2021-12-15,68000.0,33평(111.75)",
            "rank_history":[
                [
                    "202203",
                    135
                ],
                [
                    "202202",
                    121
                ],
                [
                    "202201",
                    120
                ]
            ],
            "rank_gap":-14
        },
        {
            "index":411,
            "아파트명":"한라비발디2단지",
            "투자타입":"일반",
            "전용면적(m2)":"85.82",
            "전용면적(평)":"25평",
            "법정동주소":"경기도 수원시 권선구 당수동 742",
            "도로명주소":"경기도 수원시 권선구 당진로31번길 16",
            "세대수":50,
            "입주년차":40,
            "용적률점수":"--",
            "건폐율점수":"--",
            "세대당주차수":30,
            "난방방식":30,
            "공급면적":"--",
            "전용률":"--",
            "욕실수":100,
            "현관타입":100,
            "주거총점":53.0,
            "지역구공급총점":100.0,
            "역세권":0,
            "30분내 이동가능 거점":0,
            "1시간내 이동가능 거점":50,
            "교통총점":10.0,
            "백화점":0,
            "아울렛몰":0,
            "대형마트":0,
            "은행":0,
            "병원":10,
            "종합병원":80,
            "공원":100,
            "혐오시설":0,
            "인프라총점":20.0,
            "초등학군":90.01,
            "중학군":51.82,
            "학군총점":59.458,
            "인구수":41.61,
            "인구증감":-9.65,
            "인구총점":26.232,
            "일자리":19.56,
            "소득수준":100.0,
            "일자리총점":43.692,
            "가치 총점":29.0187,
            "매매실거래년":20211016.0,
            "매매실거래가":44500.0,
            "전세실거래년":20211105.0,
            "전세실거래가":30000.0,
            "전세가율":67.42,
            "장기전세가율평균":73.1,
            "전세가율거품지수":5.68,
            "검색코드":18996,
            "세대수":499.0,
            "준공년월":"2004-11-30",
            "준공년차":19.0,
            "가까운역이름":"호매실 (2028년 예정)",
            "가까운역거리":2383.89,
            "역세권여부":"비역세권",
            "30분이내주요거점역":0,
            "30분거점역이름":"[]",
            "1시간이내주요거점역":5,
            "1시간거점역이름":"['잠실', '수원시청', '평촌', '수원', '안산']",
            "3km이내백화점수":0,
            "5km이내아울렛몰수":0,
            "1km이내대형먀트수":0,
            "500m이내은행수":0,
            "500m이내병원수":3,
            "5km이내대형병원수":1,
            "500m이내공원수":2,
            "3km이내혐오시설수":0,
            "초등학교학업성취도":90.01,
            "중학교학업성취도":83.9,
            "용적률":216,
            "건폐율":17,
            "Y":37.292874,
            "X":126.939135,
            "rank":136.0,
            "area_info":"25평(85.82), 32평(107.97)",
            "last_sales":"2021-10-16,44500.0,25평(85.82)",
            "rank_history":[
                [
                    "202203",
                    136
                ],
                [
                    "202202",
                    120
                ],
                [
                    "202201",
                    119
                ]
            ],
            "rank_gap":-16
        },
        {
            "index":397,
            "아파트명":"삼정",
            "투자타입":"일반",
            "전용면적(m2)":"76.41",
            "전용면적(평)":"23평",
            "법정동주소":"경기도 수원시 권선구 당수동 218-1",
            "도로명주소":"경기도 수원시 권선구 당진로14번길 37",
            "세대수":80,
            "입주년차":0,
            "용적률점수":"--",
            "건폐율점수":"--",
            "세대당주차수":0,
            "난방방식":30,
            "공급면적":"--",
            "전용률":"--",
            "욕실수":50,
            "현관타입":100,
            "주거총점":46.0,
            "지역구공급총점":100.0,
            "역세권":0,
            "30분내 이동가능 거점":0,
            "1시간내 이동가능 거점":50,
            "교통총점":10.0,
            "백화점":0,
            "아울렛몰":0,
            "대형마트":0,
            "은행":0,
            "병원":10,
            "종합병원":100,
            "공원":80,
            "혐오시설":0,
            "인프라총점":23.4,
            "초등학군":90.01,
            "중학군":51.82,
            "학군총점":59.458,
            "인구수":41.61,
            "인구증감":-9.65,
            "인구총점":26.232,
            "일자리":19.56,
            "소득수준":100.0,
            "일자리총점":43.692,
            "가치 총점":28.6387,
            "매매실거래년":20220126.0,
            "매매실거래가":40000.0,
            "전세실거래년":20211221.0,
            "전세실거래가":16000.0,
            "전세가율":50.0,
            "장기전세가율평균":73.1,
            "전세가율거품지수":23.1,
            "검색코드":2681,
            "세대수":898.0,
            "준공년월":"1997-04-28",
            "준공년차":26.0,
            "가까운역이름":"호매실 (2028년 예정)",
            "가까운역거리":2035.06,
            "역세권여부":"비역세권",
            "30분이내주요거점역":0,
            "30분거점역이름":"[]",
            "1시간이내주요거점역":5,
            "1시간거점역이름":"['잠실', '수원시청', '평촌', '수원', '안산']",
            "3km이내백화점수":0,
            "5km이내아울렛몰수":0,
            "1km이내대형먀트수":0,
            "500m이내은행수":0,
            "500m이내병원수":3,
            "5km이내대형병원수":2,
            "500m이내공원수":1,
            "3km이내혐오시설수":0,
            "초등학교학업성취도":90.01,
            "중학교학업성취도":83.9,
            "용적률":268,
            "건폐율":18,
            "Y":37.290771,
            "X":126.942785,
            "rank":137.0,
            "area_info":"23평(76.41), 32평(108.28)",
            "last_sales":"2022-01-26,40000.0,32평(108.28)",
            "rank_history":[
                [
                    "202203",
                    137
                ],
                [
                    "202202",
                    122
                ],
                [
                    "202201",
                    121
                ]
            ],
            "rank_gap":-15
        },
        {
            "index":409,
            "아파트명":"한라비발디1단지",
            "투자타입":"일반",
            "전용면적(m2)":"84.93",
            "전용면적(평)":"25평",
            "법정동주소":"경기도 수원시 권선구 당수동 743",
            "도로명주소":"경기도 수원시 권선구 당진로15번길 19-10",
            "세대수":50,
            "입주년차":40,
            "용적률점수":"--",
            "건폐율점수":"--",
            "세대당주차수":30,
            "난방방식":30,
            "공급면적":"--",
            "전용률":"--",
            "욕실수":100,
            "현관타입":100,
            "주거총점":53.0,
            "지역구공급총점":100.0,
            "역세권":0,
            "30분내 이동가능 거점":0,
            "1시간내 이동가능 거점":30,
            "교통총점":6.0,
            "백화점":0,
            "아울렛몰":0,
            "대형마트":0,
            "은행":0,
            "병원":10,
            "종합병원":80,
            "공원":100,
            "혐오시설":0,
            "인프라총점":20.0,
            "초등학군":90.01,
            "중학군":51.82,
            "학군총점":59.458,
            "인구수":41.61,
            "인구증감":-9.65,
            "인구총점":26.232,
            "일자리":19.56,
            "소득수준":100.0,
            "일자리총점":43.692,
            "가치 총점":27.6187,
            "매매실거래년":20211224.0,
            "매매실거래가":47500.0,
            "전세실거래년":20220124.0,
            "전세실거래가":28000.0,
            "전세가율":70.0,
            "장기전세가율평균":73.1,
            "전세가율거품지수":3.1,
            "검색코드":10644,
            "세대수":473.0,
            "준공년월":"2004-11-30",
            "준공년차":19.0,
            "가까운역이름":"호매실 (2028년 예정)",
            "가까운역거리":2140.74,
            "역세권여부":"비역세권",
            "30분이내주요거점역":0,
            "30분거점역이름":"[]",
            "1시간이내주요거점역":3,
            "1시간거점역이름":"['수원시청', '수원', '안산']",
            "3km이내백화점수":0,
            "5km이내아울렛몰수":0,
            "1km이내대형먀트수":0,
            "500m이내은행수":0,
            "500m이내병원수":3,
            "5km이내대형병원수":1,
            "500m이내공원수":2,
            "3km이내혐오시설수":0,
            "초등학교학업성취도":90.01,
            "중학교학업성취도":83.9,
            "용적률":229,
            "건폐율":16,
            "Y":37.290369,
            "X":126.939136,
            "rank":138.0,
            "area_info":"25평(84.93), 32평(108.36)",
            "last_sales":"2021-12-24,47500.0,32평(108.36)",
            "rank_history":[
                [
                    "202203",
                    138
                ],
                [
                    "202202",
                    120
                ],
                [
                    "202201",
                    119
                ]
            ],
            "rank_gap":-18
        },
        {
            "index":558,
            "아파트명":"웅비",
            "투자타입":"재건축",
            "전용면적(m2)":"55.08",
            "전용면적(평)":"16평",
            "법정동주소":"경기도 수원시 권선구 입북동 150-1",
            "도로명주소":"경기도 수원시 권선구 입북로 65",
            "세대수":0,
            "입주년차":"--",
            "용적률점수":80,
            "건폐율점수":40,
            "세대당주차수":"--",
            "난방방식":"--",
            "공급면적":50,
            "전용률":60,
            "욕실수":"--",
            "현관타입":"--",
            "주거총점":45.5,
            "지역구공급총점":100.0,
            "역세권":0,
            "30분내 이동가능 거점":0,
            "1시간내 이동가능 거점":30,
            "교통총점":6.0,
            "백화점":0,
            "아울렛몰":0,
            "대형마트":0,
            "은행":0,
            "병원":0,
            "종합병원":100,
            "공원":100,
            "혐오시설":0,
            "인프라총점":23.0,
            "초등학군":89.93,
            "중학군":45.86,
            "학군총점":54.674,
            "인구수":41.61,
            "인구증감":-9.65,
            "인구총점":26.232,
            "일자리":19.56,
            "소득수준":100.0,
            "일자리총점":43.692,
            "가치 총점":26.3011,
            "매매실거래년":20211016.0,
            "매매실거래가":15700.0,
            "전세실거래년":20220108.0,
            "전세실거래가":9000.0,
            "전세가율":57.32,
            "장기전세가율평균":73.1,
            "전세가율거품지수":15.78,
            "검색코드":14765,
            "세대수":183.0,
            "준공년월":"1985-12-19",
            "준공년차":38.0,
            "가까운역이름":"성균관대",
            "가까운역거리":1208.82,
            "역세권여부":"비역세권",
            "30분이내주요거점역":0,
            "30분거점역이름":"[]",
            "1시간이내주요거점역":3,
            "1시간거점역이름":"['평촌', '가산디지털단지', '수원']",
            "3km이내백화점수":0,
            "5km이내아울렛몰수":0,
            "1km이내대형먀트수":0,
            "500m이내은행수":0,
            "500m이내병원수":1,
            "5km이내대형병원수":2,
            "500m이내공원수":3,
            "3km이내혐오시설수":0,
            "초등학교학업성취도":89.93,
            "중학교학업성취도":76.1,
            "용적률":161,
            "건폐율":35,
            "Y":37.297532,
            "X":126.957816,
            "rank":139.0,
            "area_info":"16평(55.08), 18평(61.56), 20평(68.4), 24평(79.6), 28평(93.86)",
            "last_sales":"2021-10-16,15700.0,16평(55.08)",
            "rank_history":[
                [
                    "202203",
                    139
                ],
                [
                    "202202",
                    125
                ],
                [
                    "202201",
                    126
                ]
            ],
            "rank_gap":-14
        },
        {
            "index":407,
            "아파트명":"인정프린스",
            "투자타입":"일반",
            "전용면적(m2)":"76.46",
            "전용면적(평)":"23평",
            "법정동주소":"경기도 수원시 권선구 당수동 287",
            "도로명주소":"경기도 수원시 권선구 당진로15번길 53",
            "세대수":50,
            "입주년차":0,
            "용적률점수":"--",
            "건폐율점수":"--",
            "세대당주차수":30,
            "난방방식":30,
            "공급면적":"--",
            "전용률":"--",
            "욕실수":50,
            "현관타입":100,
            "주거총점":40.0,
            "지역구공급총점":100.0,
            "역세권":0,
            "30분내 이동가능 거점":0,
            "1시간내 이동가능 거점":40,
            "교통총점":8.0,
            "백화점":0,
            "아울렛몰":0,
            "대형마트":0,
            "은행":0,
            "병원":10,
            "종합병원":80,
            "공원":100,
            "혐오시설":0,
            "인프라총점":20.0,
            "초등학군":90.01,
            "중학군":51.82,
            "학군총점":59.458,
            "인구수":41.61,
            "인구증감":-9.65,
            "인구총점":26.232,
            "일자리":19.56,
            "소득수준":100.0,
            "일자리총점":43.692,
            "가치 총점":25.7187,
            "매매실거래년":20220214.0,
            "매매실거래가":31000.0,
            "전세실거래년":20220205.0,
            "전세실거래가":24000.0,
            "전세가율":77.42,
            "장기전세가율평균":73.1,
            "전세가율거품지수":-4.32,
            "검색코드":2682,
            "세대수":481.0,
            "준공년월":"1998-11-09",
            "준공년차":25.0,
            "가까운역이름":"호매실 (2028년 예정)",
            "가까운역거리":2329.5,
            "역세권여부":"비역세권",
            "30분이내주요거점역":0,
            "30분거점역이름":"[]",
            "1시간이내주요거점역":4,
            "1시간거점역이름":"['잠실', '수원시청', '수원', '안산']",
            "3km이내백화점수":0,
            "5km이내아울렛몰수":0,
            "1km이내대형먀트수":0,
            "500m이내은행수":0,
            "500m이내병원수":3,
            "5km이내대형병원수":1,
            "500m이내공원수":2,
            "3km이내혐오시설수":0,
            "초등학교학업성취도":90.01,
            "중학교학업성취도":83.9,
            "용적률":245,
            "건폐율":20,
            "Y":37.291975,
            "X":126.938358,
            "rank":140.0,
            "area_info":"23평(76.46), 32평(108.3)",
            "last_sales":"2022-02-14,31000.0,23평(76.46)",
            "rank_history":[
                [
                    "202203",
                    140
                ],
                [
                    "202202",
                    126
                ],
                [
                    "202201",
                    125
                ]
            ],
            "rank_gap":-14
        },
        {
            "index":399,
            "아파트명":"서수원쌍용스윗닷홈1차",
            "투자타입":"일반",
            "전용면적(m2)":"84.75",
            "전용면적(평)":"25평",
            "법정동주소":"경기도 수원시 권선구 당수동 745",
            "도로명주소":"경기도 수원시 권선구 당진로31번길 51-20",
            "세대수":0,
            "입주년차":40,
            "용적률점수":"--",
            "건폐율점수":"--",
            "세대당주차수":30,
            "난방방식":30,
            "공급면적":"--",
            "전용률":"--",
            "욕실수":100,
            "현관타입":100,
            "주거총점":35.5,
            "지역구공급총점":100.0,
            "역세권":0,
            "30분내 이동가능 거점":0,
            "1시간내 이동가능 거점":50,
            "교통총점":10.0,
            "백화점":0,
            "아울렛몰":0,
            "대형마트":0,
            "은행":0,
            "병원":10,
            "종합병원":80,
            "공원":80,
            "혐오시설":0,
            "인프라총점":19.4,
            "초등학군":90.01,
            "중학군":51.82,
            "학군총점":59.458,
            "인구수":41.61,
            "인구증감":-9.65,
            "인구총점":26.232,
            "일자리":19.56,
            "소득수준":100.0,
            "일자리총점":43.692,
            "가치 총점":25.3387,
            "매매실거래년":20210828.0,
            "매매실거래가":44600.0,
            "전세실거래년":20200428.0,
            "전세실거래가":17000.0,
            "전세가율":51.83,
            "장기전세가율평균":73.1,
            "전세가율거품지수":21.27,
            "검색코드":14173,
            "세대수":282.0,
            "준공년월":"2005-09-22",
            "준공년차":18.0,
            "가까운역이름":"호매실 (2028년 예정)",
            "가까운역거리":2432.3,
            "역세권여부":"비역세권",
            "30분이내주요거점역":0,
            "30분거점역이름":"[]",
            "1시간이내주요거점역":5,
            "1시간거점역이름":"['수원시청', '평촌', '수원', '안산', '서현']",
            "3km이내백화점수":0,
            "5km이내아울렛몰수":0,
            "1km이내대형먀트수":0,
            "500m이내은행수":0,
            "500m이내병원수":3,
            "5km이내대형병원수":1,
            "500m이내공원수":1,
            "3km이내혐오시설수":0,
            "초등학교학업성취도":90.01,
            "중학교학업성취도":83.9,
            "용적률":245,
            "건폐율":23,
            "Y":37.292108,
            "X":126.936425,
            "rank":141.0,
            "area_info":"25평(84.75), 33평(109.7), 33평(110.84), 42평(140.62)",
            "last_sales":"2021-08-28,44600.0,33평(110.84)",
            "rank_history":[
                [
                    "202203",
                    141
                ],
                [
                    "202202",
                    127
                ],
                [
                    "202201",
                    127
                ]
            ],
            "rank_gap":-14
        },
        {
            "index":403,
            "아파트명":"서수원쌍용스윗닷홈2차",
            "투자타입":"일반",
            "전용면적(m2)":"83.67",
            "전용면적(평)":"25평",
            "법정동주소":"경기도 수원시 권선구 당수동 744",
            "도로명주소":"경기도 수원시 권선구 당진로31번길 51-18",
            "세대수":0,
            "입주년차":40,
            "용적률점수":"--",
            "건폐율점수":"--",
            "세대당주차수":0,
            "난방방식":30,
            "공급면적":"--",
            "전용률":"--",
            "욕실수":100,
            "현관타입":100,
            "주거총점":31.0,
            "지역구공급총점":100.0,
            "역세권":0,
            "30분내 이동가능 거점":0,
            "1시간내 이동가능 거점":40,
            "교통총점":8.0,
            "백화점":0,
            "아울렛몰":0,
            "대형마트":0,
            "은행":0,
            "병원":10,
            "종합병원":80,
            "공원":80,
            "혐오시설":0,
            "인프라총점":19.4,
            "초등학군":90.01,
            "중학군":51.82,
            "학군총점":59.458,
            "인구수":41.61,
            "인구증감":-9.65,
            "인구총점":26.232,
            "일자리":19.56,
            "소득수준":100.0,
            "일자리총점":43.692,
            "가치 총점":23.7387,
            "매매실거래년":20210621.0,
            "매매실거래가":40400.0,
            "전세실거래년":20191112.0,
            "전세실거래가":17000.0,
            "전세가율":56.67,
            "장기전세가율평균":73.1,
            "전세가율거품지수":16.43,
            "검색코드":14174,
            "세대수":138.0,
            "준공년월":"2005-09-22",
            "준공년차":18.0,
            "가까운역이름":"호매실 (2028년 예정)",
            "가까운역거리":2457.97,
            "역세권여부":"비역세권",
            "30분이내주요거점역":0,
            "30분거점역이름":"[]",
            "1시간이내주요거점역":4,
            "1시간거점역이름":"['수원시청', '평촌', '수원', '안산']",
            "3km이내백화점수":0,
            "5km이내아울렛몰수":0,
            "1km이내대형먀트수":0,
            "500m이내은행수":0,
            "500m이내병원수":3,
            "5km이내대형병원수":1,
            "500m이내공원수":1,
            "3km이내혐오시설수":0,
            "초등학교학업성취도":90.01,
            "중학교학업성취도":83.9,
            "용적률":221,
            "건폐율":20,
            "Y":37.292762,
            "X":126.93718,
            "rank":142.0,
            "area_info":"25평(83.67), 28평(94.68), 33평(109.96), 33평(111.45)",
            "last_sales":"2021-06-21,40400.0,33평(111.45)",
            "rank_history":[
                [
                    "202203",
                    142
                ],
                [
                    "202202",
                    128
                ],
                [
                    "202201",
                    128
                ]
            ],
            "rank_gap":-14
        }
    ]
}