{
    "schema":{
        "fields":[
            {
                "name":"index",
                "type":"integer"
            },
            {
                "name":"아파트명",
                "type":"string"
            },
            {
                "name":"투자타입",
                "type":"string"
            },
            {
                "name":"전용면적(m2)",
                "type":"string"
            },
            {
                "name":"전용면적(평)",
                "type":"string"
            },
            {
                "name":"법정동주소",
                "type":"string"
            },
            {
                "name":"도로명주소",
                "type":"string"
            },
            {
                "name":"세대수",
                "type":"integer"
            },
            {
                "name":"입주년차",
                "type":"string"
            },
            {
                "name":"용적률점수",
                "type":"string"
            },
            {
                "name":"건폐율점수",
                "type":"string"
            },
            {
                "name":"세대당주차수",
                "type":"string"
            },
            {
                "name":"난방방식",
                "type":"string"
            },
            {
                "name":"공급면적",
                "type":"string"
            },
            {
                "name":"전용률",
                "type":"string"
            },
            {
                "name":"욕실수",
                "type":"string"
            },
            {
                "name":"현관타입",
                "type":"string"
            },
            {
                "name":"주거총점",
                "type":"number"
            },
            {
                "name":"지역구공급총점",
                "type":"number"
            },
            {
                "name":"역세권",
                "type":"integer"
            },
            {
                "name":"30분내 이동가능 거점",
                "type":"integer"
            },
            {
                "name":"1시간내 이동가능 거점",
                "type":"integer"
            },
            {
                "name":"교통총점",
                "type":"number"
            },
            {
                "name":"백화점",
                "type":"integer"
            },
            {
                "name":"아울렛몰",
                "type":"integer"
            },
            {
                "name":"대형마트",
                "type":"integer"
            },
            {
                "name":"은행",
                "type":"integer"
            },
            {
                "name":"병원",
                "type":"integer"
            },
            {
                "name":"종합병원",
                "type":"integer"
            },
            {
                "name":"공원",
                "type":"integer"
            },
            {
                "name":"혐오시설",
                "type":"integer"
            },
            {
                "name":"인프라총점",
                "type":"number"
            },
            {
                "name":"초등학군",
                "type":"number"
            },
            {
                "name":"중학군",
                "type":"number"
            },
            {
                "name":"학군총점",
                "type":"number"
            },
            {
                "name":"인구수",
                "type":"number"
            },
            {
                "name":"인구증감",
                "type":"number"
            },
            {
                "name":"인구총점",
                "type":"number"
            },
            {
                "name":"일자리",
                "type":"number"
            },
            {
                "name":"소득수준",
                "type":"number"
            },
            {
                "name":"일자리총점",
                "type":"number"
            },
            {
                "name":"가치 총점",
                "type":"number"
            },
            {
                "name":"매매실거래년",
                "type":"string"
            },
            {
                "name":"매매실거래가",
                "type":"number"
            },
            {
                "name":"전세실거래년",
                "type":"number"
            },
            {
                "name":"전세실거래가",
                "type":"number"
            },
            {
                "name":"전세가율",
                "type":"number"
            },
            {
                "name":"장기전세가율평균",
                "type":"number"
            },
            {
                "name":"전세가율거품지수",
                "type":"number"
            },
            {
                "name":"검색코드",
                "type":"integer"
            },
            {
                "name":"세대수",
                "type":"number"
            },
            {
                "name":"준공년월",
                "type":"string"
            },
            {
                "name":"준공년차",
                "type":"number"
            },
            {
                "name":"가까운역이름",
                "type":"string"
            },
            {
                "name":"가까운역거리",
                "type":"number"
            },
            {
                "name":"역세권여부",
                "type":"string"
            },
            {
                "name":"30분이내주요거점역",
                "type":"integer"
            },
            {
                "name":"30분거점역이름",
                "type":"string"
            },
            {
                "name":"1시간이내주요거점역",
                "type":"integer"
            },
            {
                "name":"1시간거점역이름",
                "type":"string"
            },
            {
                "name":"3km이내백화점수",
                "type":"integer"
            },
            {
                "name":"5km이내아울렛몰수",
                "type":"integer"
            },
            {
                "name":"1km이내대형먀트수",
                "type":"integer"
            },
            {
                "name":"500m이내은행수",
                "type":"integer"
            },
            {
                "name":"500m이내병원수",
                "type":"integer"
            },
            {
                "name":"5km이내대형병원수",
                "type":"integer"
            },
            {
                "name":"500m이내공원수",
                "type":"integer"
            },
            {
                "name":"3km이내혐오시설수",
                "type":"integer"
            },
            {
                "name":"초등학교학업성취도",
                "type":"number"
            },
            {
                "name":"중학교학업성취도",
                "type":"number"
            },
            {
                "name":"용적률",
                "type":"integer"
            },
            {
                "name":"건폐율",
                "type":"integer"
            },
            {
                "name":"Y",
                "type":"number"
            },
            {
                "name":"X",
                "type":"number"
            },
            {
                "name":"rank",
                "type":"number"
            },
            {
                "name":"area_info",
                "type":"string"
            },
            {
                "name":"last_sales",
                "type":"string"
            },
            {
                "name":"rank_history",
                "type":"string"
            },
            {
                "name":"rank_gap",
                "type":"integer"
            }
        ],
        "primaryKey":[
            "index"
        ],
        "pandas_version":"1.4.0"
    },
    "data":[
        {
            "index":196,
            "아파트명":"무비하임(도시형)",
            "투자타입":"일반",
            "전용면적(m2)":"21.54",
            "전용면적(평)":"6평",
            "법정동주소":"경기도 수원시 팔달구 인계동 1043",
            "도로명주소":"경기도 수원시 팔달구 효원로249번길 46-12",
            "세대수":0,
            "입주년차":60,
            "용적률점수":"--",
            "건폐율점수":"--",
            "세대당주차수":0,
            "난방방식":30,
            "공급면적":"--",
            "전용률":"--",
            "욕실수":50,
            "현관타입":100,
            "주거총점":30.0,
            "지역구공급총점":0.0,
            "역세권":80,
            "30분내 이동가능 거점":60,
            "1시간내 이동가능 거점":100,
            "교통총점":78.0,
            "백화점":100,
            "아울렛몰":100,
            "대형마트":100,
            "은행":100,
            "병원":100,
            "종합병원":100,
            "공원":80,
            "혐오시설":0,
            "인프라총점":97.4,
            "초등학군":90.0,
            "중학군":54.78,
            "학군총점":61.824,
            "인구수":20.19,
            "인구증감":21.17,
            "인구총점":20.484,
            "일자리":9.46,
            "소득수준":100.0,
            "일자리총점":36.622,
            "가치 총점":71.7936,
            "매매실거래년":20211218.0,
            "매매실거래가":8000.0,
            "전세실거래년":20220117.0,
            "전세실거래가":5000.0,
            "전세가율":90.91,
            "장기전세가율평균":69.89,
            "전세가율거품지수":-21.02,
            "검색코드":106862,
            "세대수":131.0,
            "준공년월":"2012-08-30",
            "준공년차":11.0,
            "가까운역이름":"수원시청",
            "가까운역거리":251.01,
            "역세권여부":"역세권",
            "30분이내주요거점역":3,
            "30분거점역이름":"['수원시청', '수원', 'GTX용인(2023년)']",
            "1시간이내주요거점역":12,
            "1시간거점역이름":"['판교', '여의도', '정자', '수원시청', '평촌', '가산디지털단지', '수원', '안산', '서현', 'GTX성남(2023년)', 'GTX용인(2023년)', 'GTX동탄(2023년)']",
            "3km이내백화점수":2,
            "5km이내아울렛몰수":2,
            "1km이내대형먀트수":3,
            "500m이내은행수":13,
            "500m이내병원수":155,
            "5km이내대형병원수":4,
            "500m이내공원수":1,
            "3km이내혐오시설수":0,
            "초등학교학업성취도":90.0,
            "중학교학업성취도":89.5,
            "용적률":369,
            "건폐율":74,
            "Y":37.264165,
            "X":127.030531,
            "rank":1.0,
            "area_info":"6평(21.54), 6평(23.07), 9평(31.84)",
            "last_sales":"2021-12-18,8000.0,9평(31.84)",
            "rank_history":[
                [
                    "202203",
                    1
                ],
                [
                    "202202",
                    1
                ],
                [
                    "202201",
                    1
                ]
            ],
            "rank_gap":0
        },
        {
            "index":328,
            "아파트명":"테라스더아델라움(도시형)",
            "투자타입":"일반",
            "전용면적(m2)":"23.9",
            "전용면적(평)":"7평",
            "법정동주소":"경기도 수원시 팔달구 인계동 1132-18",
            "도로명주소":"경기도 수원시 팔달구 권광로124번길 13",
            "세대수":0,
            "입주년차":100,
            "용적률점수":"--",
            "건폐율점수":"--",
            "세대당주차수":0,
            "난방방식":30,
            "공급면적":"--",
            "전용률":"--",
            "욕실수":50,
            "현관타입":10,
            "주거총점":29.0,
            "지역구공급총점":0.0,
            "역세권":80,
            "30분내 이동가능 거점":60,
            "1시간내 이동가능 거점":100,
            "교통총점":78.0,
            "백화점":100,
            "아울렛몰":100,
            "대형마트":100,
            "은행":100,
            "병원":100,
            "종합병원":100,
            "공원":100,
            "혐오시설":0,
            "인프라총점":98.0,
            "초등학군":89.99,
            "중학군":54.78,
            "학군총점":61.822,
            "인구수":20.19,
            "인구증감":21.17,
            "인구총점":20.484,
            "일자리":9.46,
            "소득수준":100.0,
            "일자리총점":36.622,
            "가치 총점":71.7733,
            "매매실거래년":20211229.0,
            "매매실거래가":12000.0,
            "전세실거래년":20201128.0,
            "전세실거래가":13000.0,
            "전세가율":98.48,
            "장기전세가율평균":69.89,
            "전세가율거품지수":-28.59,
            "검색코드":137303,
            "세대수":138.0,
            "준공년월":"2020-10-30",
            "준공년차":3.0,
            "가까운역이름":"수원시청",
            "가까운역거리":356.76,
            "역세권여부":"역세권",
            "30분이내주요거점역":3,
            "30분거점역이름":"['수원시청', '수원', 'GTX용인(2023년)']",
            "1시간이내주요거점역":12,
            "1시간거점역이름":"['판교', '여의도', '정자', '수원시청', '평촌', '가산디지털단지', '수원', '안산', '서현', 'GTX성남(2023년)', 'GTX용인(2023년)', 'GTX동탄(2023년)']",
            "3km이내백화점수":1,
            "5km이내아울렛몰수":2,
            "1km이내대형먀트수":5,
            "500m이내은행수":5,
            "500m이내병원수":68,
            "5km이내대형병원수":4,
            "500m이내공원수":4,
            "3km이내혐오시설수":0,
            "초등학교학업성취도":89.99,
            "중학교학업성취도":89.5,
            "용적률":372,
            "건폐율":79,
            "Y":37.258787,
            "X":127.031711,
            "rank":2.0,
            "area_info":"7평(23.9), 8평(27.67), 8평(28.44)",
            "last_sales":"2021-12-29,12000.0,8평(27.67)",
            "rank_history":[
                [
                    "202203",
                    2
                ],
                [
                    "202202",
                    0
                ],
                [
                    "202201",
                    9999
                ]
            ],
            "rank_gap":-2
        },
        {
            "index":63,
            "아파트명":"대한대우",
            "투자타입":"일반",
            "전용면적(m2)":"78.39",
            "전용면적(평)":"23평",
            "법정동주소":"경기도 수원시 팔달구 매산로2가 90",
            "도로명주소":"경기도 수원시 팔달구 권선로 477",
            "세대수":90,
            "입주년차":20,
            "용적률점수":"--",
            "건폐율점수":"--",
            "세대당주차수":60,
            "난방방식":30,
            "공급면적":"--",
            "전용률":"--",
            "욕실수":50,
            "현관타입":100,
            "주거총점":62.5,
            "지역구공급총점":0.0,
            "역세권":80,
            "30분내 이동가능 거점":40,
            "1시간내 이동가능 거점":100,
            "교통총점":72.0,
            "백화점":100,
            "아울렛몰":80,
            "대형마트":100,
            "은행":70,
            "병원":80,
            "종합병원":100,
            "공원":100,
            "혐오시설":0,
            "인프라총점":91.0,
            "초등학군":89.97,
            "중학군":30.74,
            "학군총점":42.586,
            "인구수":20.19,
            "인구증감":21.17,
            "인구총점":20.484,
            "일자리":9.46,
            "소득수준":100.0,
            "일자리총점":36.622,
            "가치 총점":71.3879,
            "매매실거래년":20211023.0,
            "매매실거래가":95000.0,
            "전세실거래년":20220214.0,
            "전세실거래가":33000.0,
            "전세가율":50.77,
            "장기전세가율평균":69.89,
            "전세가율거품지수":19.12,
            "검색코드":10390,
            "세대수":1293.0,
            "준공년월":"1999-12-14",
            "준공년차":24.0,
            "가까운역이름":"수원",
            "가까운역거리":484.06,
            "역세권여부":"역세권",
            "30분이내주요거점역":2,
            "30분거점역이름":"['수원시청', '수원']",
            "1시간이내주요거점역":14,
            "1시간거점역이름":"['판교', '여의도', '정자', '수원시청', '평촌', '가산디지털단지', '홍대입구', '수원', '구로디지털단지', '명동', '안산', '서현', 'GTX용인(2023년)', 'GTX동탄(2023년)']",
            "3km이내백화점수":2,
            "5km이내아울렛몰수":1,
            "1km이내대형먀트수":3,
            "500m이내은행수":3,
            "500m이내병원수":43,
            "5km이내대형병원수":5,
            "500m이내공원수":2,
            "3km이내혐오시설수":0,
            "초등학교학업성취도":89.97,
            "중학교학업성취도":50.7,
            "용적률":201,
            "건폐율":26,
            "Y":37.264975,
            "X":127.005447,
            "rank":3.0,
            "area_info":"23평(78.39), 23평(78.53), 23평(78.48), 31평(105.69), 31평(105.72), 48평(160.84), 54평(181.81)",
            "last_sales":"2021-10-23,95000.0,54평(181.81)",
            "rank_history":[
                [
                    "202203",
                    3
                ],
                [
                    "202202",
                    5
                ],
                [
                    "202201",
                    4
                ]
            ],
            "rank_gap":2
        },
        {
            "index":201,
            "아파트명":"벽산그랜드코아",
            "투자타입":"일반",
            "전용면적(m2)":"98.44",
            "전용면적(평)":"29평",
            "법정동주소":"경기도 수원시 팔달구 인계동 1125-2",
            "도로명주소":"경기도 수원시 팔달구 권광로 146",
            "세대수":0,
            "입주년차":0,
            "용적률점수":"--",
            "건폐율점수":"--",
            "세대당주차수":60,
            "난방방식":30,
            "공급면적":"--",
            "전용률":"--",
            "욕실수":50,
            "현관타입":100,
            "주거총점":27.0,
            "지역구공급총점":0.0,
            "역세권":80,
            "30분내 이동가능 거점":60,
            "1시간내 이동가능 거점":100,
            "교통총점":78.0,
            "백화점":100,
            "아울렛몰":100,
            "대형마트":100,
            "은행":100,
            "병원":100,
            "종합병원":100,
            "공원":100,
            "혐오시설":0,
            "인프라총점":98.0,
            "초등학군":89.99,
            "중학군":54.78,
            "학군총점":61.822,
            "인구수":20.19,
            "인구증감":21.17,
            "인구총점":20.484,
            "일자리":9.46,
            "소득수준":100.0,
            "일자리총점":36.622,
            "가치 총점":71.3733,
            "매매실거래년":20220106.0,
            "매매실거래가":42700.0,
            "전세실거래년":20210726.0,
            "전세실거래가":22000.0,
            "전세가율":68.75,
            "장기전세가율평균":69.89,
            "전세가율거품지수":1.14,
            "검색코드":11519,
            "세대수":90.0,
            "준공년월":"1995-06-15",
            "준공년차":28.0,
            "가까운역이름":"수원시청",
            "가까운역거리":199.75,
            "역세권여부":"역세권",
            "30분이내주요거점역":3,
            "30분거점역이름":"['수원시청', '수원', 'GTX용인(2023년)']",
            "1시간이내주요거점역":13,
            "1시간거점역이름":"['판교', '여의도', '양재', '정자', '수원시청', '평촌', '가산디지털단지', '수원', '안산', '서현', 'GTX성남(2023년)', 'GTX용인(2023년)', 'GTX동탄(2023년)']",
            "3km이내백화점수":1,
            "5km이내아울렛몰수":2,
            "1km이내대형먀트수":4,
            "500m이내은행수":8,
            "500m이내병원수":107,
            "5km이내대형병원수":4,
            "500m이내공원수":4,
            "3km이내혐오시설수":0,
            "초등학교학업성취도":89.99,
            "중학교학업성취도":89.5,
            "용적률":833,
            "건폐율":74,
            "Y":37.260329,
            "X":127.031899,
            "rank":4.0,
            "area_info":"29평(98.44), 29평(98.44), 33평(111.41), 34평(114.39), 40평(132.73), 43평(142.31), 48평(161.0), 50평(165.47)",
            "last_sales":"2022-01-06,42700.0,43평(142.31)",
            "rank_history":[
                [
                    "202203",
                    4
                ],
                [
                    "202202",
                    9999
                ]
            ],
            "rank_gap":9999
        },
        {
            "index":227,
            "아파트명":"선경리빙프라자",
            "투자타입":"일반",
            "전용면적(m2)":"113.31",
            "전용면적(평)":"34평",
            "법정동주소":"경기도 수원시 팔달구 인계동 1131",
            "도로명주소":"경기도 수원시 팔달구 권광로 138",
            "세대수":0,
            "입주년차":0,
            "용적률점수":"--",
            "건폐율점수":"--",
            "세대당주차수":80,
            "난방방식":30,
            "공급면적":"--",
            "전용률":"--",
            "욕실수":100,
            "현관타입":10,
            "주거총점":26.0,
            "지역구공급총점":0.0,
            "역세권":80,
            "30분내 이동가능 거점":60,
            "1시간내 이동가능 거점":100,
            "교통총점":78.0,
            "백화점":100,
            "아울렛몰":100,
            "대형마트":100,
            "은행":100,
            "병원":100,
            "종합병원":100,
            "공원":100,
            "혐오시설":0,
            "인프라총점":98.0,
            "초등학군":89.99,
            "중학군":54.78,
            "학군총점":61.822,
            "인구수":20.19,
            "인구증감":21.17,
            "인구총점":20.484,
            "일자리":9.46,
            "소득수준":100.0,
            "일자리총점":36.622,
            "가치 총점":71.1733,
            "매매실거래년":20220215.0,
            "매매실거래가":30000.0,
            "전세실거래년":20201214.0,
            "전세실거래가":20000.0,
            "전세가율":85.11,
            "장기전세가율평균":69.89,
            "전세가율거품지수":-15.22,
            "검색코드":10593,
            "세대수":89.0,
            "준공년월":"1995-08-22",
            "준공년차":28.0,
            "가까운역이름":"수원시청",
            "가까운역거리":242.01,
            "역세권여부":"역세권",
            "30분이내주요거점역":3,
            "30분거점역이름":"['수원시청', '수원', 'GTX용인(2023년)']",
            "1시간이내주요거점역":12,
            "1시간거점역이름":"['판교', '여의도', '정자', '수원시청', '평촌', '가산디지털단지', '수원', '안산', '서현', 'GTX성남(2023년)', 'GTX용인(2023년)', 'GTX동탄(2023년)']",
            "3km이내백화점수":2,
            "5km이내아울렛몰수":2,
            "1km이내대형먀트수":4,
            "500m이내은행수":8,
            "500m이내병원수":99,
            "5km이내대형병원수":4,
            "500m이내공원수":4,
            "3km이내혐오시설수":0,
            "초등학교학업성취도":89.99,
            "중학교학업성취도":89.5,
            "용적률":860,
            "건폐율":71,
            "Y":37.259821,
            "X":127.031568,
            "rank":5.0,
            "area_info":"34평(113.31), 38평(127.43), 39평(130.54), 40평(135.11), 41평(137.7), 42평(141.33)",
            "last_sales":"2022-02-15,30000.0,39평(130.54)",
            "rank_history":[
                [
                    "202203",
                    5
                ],
                [
                    "202202",
                    9999
                ]
            ],
            "rank_gap":9999
        },
        {
            "index":167,
            "아파트명":"SCT타워(도시형)",
            "투자타입":"일반",
            "전용면적(m2)":"28.7",
            "전용면적(평)":"8평",
            "법정동주소":"경기도 수원시 팔달구 인계동 1030-6",
            "도로명주소":"경기도 수원시 팔달구 권광로175번길 52",
            "세대수":0,
            "입주년차":80,
            "용적률점수":"--",
            "건폐율점수":"--",
            "세대당주차수":0,
            "난방방식":30,
            "공급면적":"--",
            "전용률":"--",
            "욕실수":50,
            "현관타입":10,
            "주거총점":25.0,
            "지역구공급총점":0.0,
            "역세권":80,
            "30분내 이동가능 거점":60,
            "1시간내 이동가능 거점":100,
            "교통총점":78.0,
            "백화점":100,
            "아울렛몰":100,
            "대형마트":100,
            "은행":100,
            "병원":100,
            "종합병원":100,
            "공원":80,
            "혐오시설":0,
            "인프라총점":97.4,
            "초등학군":90.0,
            "중학군":54.78,
            "학군총점":61.824,
            "인구수":20.19,
            "인구증감":21.17,
            "인구총점":20.484,
            "일자리":9.46,
            "소득수준":100.0,
            "일자리총점":36.622,
            "가치 총점":70.7936,
            "매매실거래년":"18000101",
            "매매실거래가":null,
            "전세실거래년":20190129.0,
            "전세실거래가":12000.0,
            "전세가율":null,
            "장기전세가율평균":69.89,
            "전세가율거품지수":null,
            "검색코드":122141,
            "세대수":144.0,
            "준공년월":"2017-12-29",
            "준공년차":6.0,
            "가까운역이름":"수원시청",
            "가까운역거리":280.77,
            "역세권여부":"역세권",
            "30분이내주요거점역":3,
            "30분거점역이름":"['수원시청', '수원', 'GTX용인(2023년)']",
            "1시간이내주요거점역":12,
            "1시간거점역이름":"['판교', '여의도', '정자', '수원시청', '평촌', '가산디지털단지', '수원', '안산', '서현', 'GTX성남(2023년)', 'GTX용인(2023년)', 'GTX동탄(2023년)']",
            "3km이내백화점수":2,
            "5km이내아울렛몰수":2,
            "1km이내대형먀트수":3,
            "500m이내은행수":13,
            "500m이내병원수":155,
            "5km이내대형병원수":4,
            "500m이내공원수":1,
            "3km이내혐오시설수":0,
            "초등학교학업성취도":90.0,
            "중학교학업성취도":89.5,
            "용적률":399,
            "건폐율":64,
            "Y":37.26419,
            "X":127.029461,
            "rank":6.0,
            "area_info":"8평(28.7), 9평(29.97), 8평(29.56), 8평(29.53), 8평(29.14), 9평(30.41), 9평(30.84), 10평(33.95), 10평(34.27), 10평(35.18), 10평(35.53), 10평(36.0), 10평(36.35), 11평(36.8), 11평(37.64), 11평(37.39), 12평(41.07), 15평(52.89)",
            "last_sales":"1800-01-01,nan,8평(28.7)",
            "rank_history":[
                [
                    "202203",
                    6
                ],
                [
                    "202202",
                    4
                ],
                [
                    "202201",
                    2
                ]
            ],
            "rank_gap":-2
        },
        {
            "index":294,
            "아파트명":"인계지음(도시형)",
            "투자타입":"일반",
            "전용면적(m2)":"22.82",
            "전용면적(평)":"6평",
            "법정동주소":"경기도 수원시 팔달구 인계동 1132-1",
            "도로명주소":"경기도 수원시 팔달구 권선로741번길 21",
            "세대수":0,
            "입주년차":60,
            "용적률점수":"--",
            "건폐율점수":"--",
            "세대당주차수":0,
            "난방방식":30,
            "공급면적":"--",
            "전용률":"--",
            "욕실수":50,
            "현관타입":10,
            "주거총점":21.0,
            "지역구공급총점":0.0,
            "역세권":80,
            "30분내 이동가능 거점":60,
            "1시간내 이동가능 거점":100,
            "교통총점":78.0,
            "백화점":100,
            "아울렛몰":100,
            "대형마트":100,
            "은행":100,
            "병원":100,
            "종합병원":100,
            "공원":100,
            "혐오시설":0,
            "인프라총점":98.0,
            "초등학군":89.99,
            "중학군":54.78,
            "학군총점":61.822,
            "인구수":20.19,
            "인구증감":21.17,
            "인구총점":20.484,
            "일자리":9.46,
            "소득수준":100.0,
            "일자리총점":36.622,
            "가치 총점":70.1733,
            "매매실거래년":20220120.0,
            "매매실거래가":6000.0,
            "전세실거래년":null,
            "전세실거래가":null,
            "전세가율":null,
            "장기전세가율평균":69.89,
            "전세가율거품지수":null,
            "검색코드":106027,
            "세대수":94.0,
            "준공년월":"2013-10-23",
            "준공년차":10.0,
            "가까운역이름":"수원시청",
            "가까운역거리":372.84,
            "역세권여부":"역세권",
            "30분이내주요거점역":3,
            "30분거점역이름":"['수원시청', '수원', 'GTX용인(2023년)']",
            "1시간이내주요거점역":12,
            "1시간거점역이름":"['판교', '여의도', '정자', '수원시청', '평촌', '가산디지털단지', '수원', '안산', '서현', 'GTX성남(2023년)', 'GTX용인(2023년)', 'GTX동탄(2023년)']",
            "3km이내백화점수":1,
            "5km이내아울렛몰수":2,
            "1km이내대형먀트수":5,
            "500m이내은행수":7,
            "500m이내병원수":66,
            "5km이내대형병원수":4,
            "500m이내공원수":5,
            "3km이내혐오시설수":0,
            "초등학교학업성취도":89.99,
            "중학교학업성취도":89.5,
            "용적률":397,
            "건폐율":54,
            "Y":37.258829,
            "X":127.032482,
            "rank":7.0,
            "area_info":"6평(22.82), 8평(27.4), 8평(27.43), 8평(27.4), 8평(27.43), 17평(56.54)",
            "last_sales":"2022-01-20,6000.0,8평(27.43)",
            "rank_history":[
                [
                    "202203",
                    7
                ],
                [
                    "202202",
                    9999
                ]
            ],
            "rank_gap":9999
        },
        {
            "index":191,
            "아파트명":"래미안노블클래스2단지",
            "투자타입":"일반",
            "전용면적(m2)":"85.71",
            "전용면적(평)":"25평",
            "법정동주소":"경기도 수원시 팔달구 인계동 465",
            "도로명주소":"경기도 수원시 팔달구 권광로 243",
            "세대수":50,
            "입주년차":60,
            "용적률점수":"--",
            "건폐율점수":"--",
            "세대당주차수":30,
            "난방방식":100,
            "공급면적":"--",
            "전용률":"--",
            "욕실수":100,
            "현관타입":100,
            "주거총점":64.0,
            "지역구공급총점":0.0,
            "역세권":50,
            "30분내 이동가능 거점":40,
            "1시간내 이동가능 거점":80,
            "교통총점":53.0,
            "백화점":100,
            "아울렛몰":100,
            "대형마트":100,
            "은행":100,
            "병원":80,
            "종합병원":100,
            "공원":100,
            "혐오시설":0,
            "인프라총점":96.0,
            "초등학군":89.97,
            "중학군":54.78,
            "학군총점":61.818,
            "인구수":20.19,
            "인구증감":21.17,
            "인구총점":20.484,
            "일자리":9.46,
            "소득수준":100.0,
            "일자리총점":36.622,
            "가치 총점":69.4227,
            "매매실거래년":20220118.0,
            "매매실거래가":82000.0,
            "전세실거래년":20210726.0,
            "전세실거래가":47000.0,
            "전세가율":76.18,
            "장기전세가율평균":69.89,
            "전세가율거품지수":-6.29,
            "검색코드":25718,
            "세대수":459.0,
            "준공년월":"2009-08-26",
            "준공년차":14.0,
            "가까운역이름":"수원시청",
            "가까운역거리":824.15,
            "역세권여부":"준역세권",
            "30분이내주요거점역":2,
            "30분거점역이름":"['수원시청', '수원']",
            "1시간이내주요거점역":8,
            "1시간거점역이름":"['판교', '정자', '수원시청', '평촌', '수원', '안산', '서현', 'GTX용인(2023년)']",
            "3km이내백화점수":2,
            "5km이내아울렛몰수":2,
            "1km이내대형먀트수":4,
            "500m이내은행수":6,
            "500m이내병원수":58,
            "5km이내대형병원수":4,
            "500m이내공원수":4,
            "3km이내혐오시설수":0,
            "초등학교학업성취도":89.97,
            "중학교학업성취도":89.5,
            "용적률":248,
            "건폐율":17,
            "Y":37.269002,
            "X":127.033615,
            "rank":8.0,
            "area_info":"25평(85.71), 34평(112.82), 34평(113.28), 42평(141.85), 46평(155.33)",
            "last_sales":"2022-01-18,82000.0,34평(112.82)",
            "rank_history":[
                [
                    "202203",
                    8
                ],
                [
                    "202202",
                    3
                ],
                [
                    "202201",
                    3
                ]
            ],
            "rank_gap":-5
        },
        {
            "index":432,
            "아파트명":"화서주공4단지",
            "투자타입":"일반",
            "전용면적(m2)":"73.88",
            "전용면적(평)":"22평",
            "법정동주소":"경기도 수원시 팔달구 화서동 650",
            "도로명주소":"경기도 수원시 팔달구 덕영대로697번길 48",
            "세대수":90,
            "입주년차":0,
            "용적률점수":"--",
            "건폐율점수":"--",
            "세대당주차수":30,
            "난방방식":100,
            "공급면적":"--",
            "전용률":"--",
            "욕실수":50,
            "현관타입":100,
            "주거총점":61.0,
            "지역구공급총점":0.0,
            "역세권":80,
            "30분내 이동가능 거점":40,
            "1시간내 이동가능 거점":100,
            "교통총점":72.0,
            "백화점":100,
            "아울렛몰":80,
            "대형마트":80,
            "은행":0,
            "병원":60,
            "종합병원":100,
            "공원":100,
            "혐오시설":0,
            "인프라총점":79.0,
            "초등학군":89.95,
            "중학군":46.68,
            "학군총점":55.334,
            "인구수":20.19,
            "인구증감":21.17,
            "인구총점":20.484,
            "일자리":9.46,
            "소득수준":100.0,
            "일자리총점":36.622,
            "가치 총점":69.4001,
            "매매실거래년":20211117.0,
            "매매실거래가":65500.0,
            "전세실거래년":20220218.0,
            "전세실거래가":15750.0,
            "전세가율":27.39,
            "장기전세가율평균":69.89,
            "전세가율거품지수":42.5,
            "검색코드":2728,
            "세대수":1314.0,
            "준공년월":"1997-05-02",
            "준공년차":26.0,
            "가까운역이름":"화서",
            "가까운역거리":291.79,
            "역세권여부":"역세권",
            "30분이내주요거점역":2,
            "30분거점역이름":"['평촌', '수원']",
            "1시간이내주요거점역":10,
            "1시간거점역이름":"['여의도', '정자', '수원시청', '평촌', '가산디지털단지', '홍대입구', '수원', '구로디지털단지', '안산', 'GTX용인(2023년)']",
            "3km이내백화점수":2,
            "5km이내아울렛몰수":1,
            "1km이내대형먀트수":1,
            "500m이내은행수":0,
            "500m이내병원수":18,
            "5km이내대형병원수":5,
            "500m이내공원수":8,
            "3km이내혐오시설수":0,
            "초등학교학업성취도":89.95,
            "중학교학업성취도":77.8,
            "용적률":219,
            "건폐율":16,
            "Y":37.284656,
            "X":126.992806,
            "rank":9.0,
            "area_info":"22평(73.88), 24평(80.62), 24평(81.18)",
            "last_sales":"2021-11-17,65500.0,24평(81.18)",
            "rank_history":[
                [
                    "202203",
                    9
                ],
                [
                    "202202",
                    6
                ],
                [
                    "202201",
                    12
                ]
            ],
            "rank_gap":-3
        },
        {
            "index":331,
            "아파트명":"파크앤시티타워(도시형)",
            "투자타입":"일반",
            "전용면적(m2)":"24.74",
            "전용면적(평)":"7평",
            "법정동주소":"경기도 수원시 팔달구 인계동 1027-9",
            "도로명주소":"경기도 수원시 팔달구 경수대로428번길 15",
            "세대수":0,
            "입주년차":100,
            "용적률점수":"--",
            "건폐율점수":"--",
            "세대당주차수":0,
            "난방방식":30,
            "공급면적":"--",
            "전용률":"--",
            "욕실수":50,
            "현관타입":100,
            "주거총점":38.0,
            "지역구공급총점":0.0,
            "역세권":80,
            "30분내 이동가능 거점":40,
            "1시간내 이동가능 거점":100,
            "교통총점":72.0,
            "백화점":100,
            "아울렛몰":100,
            "대형마트":100,
            "은행":70,
            "병원":80,
            "종합병원":100,
            "공원":100,
            "혐오시설":0,
            "인프라총점":93.0,
            "초등학군":90.0,
            "중학군":42.18,
            "학군총점":51.744,
            "인구수":20.19,
            "인구증감":21.17,
            "인구총점":20.484,
            "일자리":9.46,
            "소득수준":100.0,
            "일자리총점":36.622,
            "가치 총점":68.4616,
            "매매실거래년":"18000101",
            "매매실거래가":null,
            "전세실거래년":null,
            "전세실거래가":null,
            "전세가율":null,
            "장기전세가율평균":69.89,
            "전세가율거품지수":null,
            "검색코드":145425,
            "세대수":60.0,
            "준공년월":"2020-06-12",
            "준공년차":3.0,
            "가까운역이름":"수원시청",
            "가까운역거리":446.37,
            "역세권여부":"역세권",
            "30분이내주요거점역":2,
            "30분거점역이름":"['수원시청', '수원']",
            "1시간이내주요거점역":10,
            "1시간거점역이름":"['판교', '정자', '수원시청', '평촌', '가산디지털단지', '수원', '안산', '서현', 'GTX용인(2023년)', 'GTX동탄(2023년)']",
            "3km이내백화점수":2,
            "5km이내아울렛몰수":2,
            "1km이내대형먀트수":3,
            "500m이내은행수":3,
            "500m이내병원수":58,
            "5km이내대형병원수":4,
            "500m이내공원수":3,
            "3km이내혐오시설수":0,
            "초등학교학업성취도":90.0,
            "중학교학업성취도":70.3,
            "용적률":352,
            "건폐율":75,
            "Y":37.264286,
            "X":127.02678,
            "rank":10.0,
            "area_info":"7평(24.74), 8평(28.92), 9평(30.7), 9평(31.66)",
            "last_sales":"1800-01-01,nan,7평(24.74)",
            "rank_history":[
                [
                    "202203",
                    10
                ],
                [
                    "202202",
                    9999
                ]
            ],
            "rank_gap":9999
        },
        {
            "index":290,
            "아파트명":"인계미루(도시형)",
            "투자타입":"일반",
            "전용면적(m2)":"22.9",
            "전용면적(평)":"6평",
            "법정동주소":"경기도 수원시 팔달구 인계동 1114-5",
            "도로명주소":"경기도 수원시 팔달구 권광로196번길 17-9",
            "세대수":0,
            "입주년차":80,
            "용적률점수":"--",
            "건폐율점수":"--",
            "세대당주차수":0,
            "난방방식":30,
            "공급면적":"--",
            "전용률":"--",
            "욕실수":50,
            "현관타입":10,
            "주거총점":25.0,
            "지역구공급총점":0.0,
            "역세권":80,
            "30분내 이동가능 거점":40,
            "1시간내 이동가능 거점":90,
            "교통총점":70.0,
            "백화점":100,
            "아울렛몰":100,
            "대형마트":100,
            "은행":100,
            "병원":100,
            "종합병원":100,
            "공원":100,
            "혐오시설":0,
            "인프라총점":98.0,
            "초등학군":89.97,
            "중학군":54.78,
            "학군총점":61.818,
            "인구수":20.19,
            "인구증감":21.17,
            "인구총점":20.484,
            "일자리":9.46,
            "소득수준":100.0,
            "일자리총점":36.622,
            "가치 총점":68.1727,
            "매매실거래년":20220110.0,
            "매매실거래가":6400.0,
            "전세실거래년":20220218.0,
            "전세실거래가":6600.0,
            "전세가율":103.12,
            "장기전세가율평균":69.89,
            "전세가율거품지수":-33.23,
            "검색코드":110360,
            "세대수":140.0,
            "준공년월":"2014-02-14",
            "준공년차":9.0,
            "가까운역이름":"수원시청",
            "가까운역거리":485.58,
            "역세권여부":"역세권",
            "30분이내주요거점역":2,
            "30분거점역이름":"['수원시청', '수원']",
            "1시간이내주요거점역":9,
            "1시간거점역이름":"['판교', '정자', '수원시청', '평촌', '가산디지털단지', '수원', '안산', '서현', 'GTX용인(2023년)']",
            "3km이내백화점수":1,
            "5km이내아울렛몰수":2,
            "1km이내대형먀트수":4,
            "500m이내은행수":11,
            "500m이내병원수":125,
            "5km이내대형병원수":4,
            "500m이내공원수":3,
            "3km이내혐오시설수":0,
            "초등학교학업성취도":89.97,
            "중학교학업성취도":89.5,
            "용적률":392,
            "건폐율":66,
            "Y":37.265349,
            "X":127.034259,
            "rank":11.0,
            "area_info":"6평(22.9), 7평(23.86), 7평(25.81)",
            "last_sales":"2022-01-10,6400.0,6평(22.9)",
            "rank_history":[
                [
                    "202203",
                    11
                ],
                [
                    "202202",
                    2
                ],
                [
                    "202201",
                    15
                ]
            ],
            "rank_gap":-9
        },
        {
            "index":396,
            "아파트명":"블루밍푸른숲",
            "투자타입":"일반",
            "전용면적(m2)":"85.33",
            "전용면적(평)":"25평",
            "법정동주소":"경기도 수원시 팔달구 화서동 250-4",
            "도로명주소":"경기도 수원시 팔달구 화양로50번길 30",
            "세대수":100,
            "입주년차":60,
            "용적률점수":"--",
            "건폐율점수":"--",
            "세대당주차수":30,
            "난방방식":100,
            "공급면적":"--",
            "전용률":"--",
            "욕실수":100,
            "현관타입":100,
            "주거총점":81.5,
            "지역구공급총점":0.0,
            "역세권":50,
            "30분내 이동가능 거점":60,
            "1시간내 이동가능 거점":90,
            "교통총점":61.0,
            "백화점":100,
            "아울렛몰":100,
            "대형마트":0,
            "은행":0,
            "병원":80,
            "종합병원":100,
            "공원":100,
            "혐오시설":0,
            "인프라총점":71.0,
            "초등학군":90.03,
            "중학군":48.36,
            "학군총점":56.694,
            "인구수":20.19,
            "인구증감":21.17,
            "인구총점":20.484,
            "일자리":9.46,
            "소득수준":100.0,
            "일자리총점":36.622,
            "가치 총점":67.4541,
            "매매실거래년":20220223.0,
            "매매실거래가":70000.0,
            "전세실거래년":20220205.0,
            "전세실거래가":26250.0,
            "전세가율":44.49,
            "장기전세가율평균":69.89,
            "전세가율거품지수":25.4,
            "검색코드":24615,
            "세대수":1744.0,
            "준공년월":"2009-06-23",
            "준공년차":14.0,
            "가까운역이름":"화서",
            "가까운역거리":967.31,
            "역세권여부":"준역세권",
            "30분이내주요거점역":3,
            "30분거점역이름":"['수원시청', '평촌', '수원']",
            "1시간이내주요거점역":9,
            "1시간거점역이름":"['여의도', '수원시청', '평촌', '가산디지털단지', '홍대입구', '수원', '구로디지털단지', '안산', 'GTX용인(2023년)']",
            "3km이내백화점수":2,
            "5km이내아울렛몰수":2,
            "1km이내대형먀트수":0,
            "500m이내은행수":0,
            "500m이내병원수":31,
            "5km이내대형병원수":5,
            "500m이내공원수":5,
            "3km이내혐오시설수":0,
            "초등학교학업성취도":90.03,
            "중학교학업성취도":80.6,
            "용적률":223,
            "건폐율":19,
            "Y":37.282693,
            "X":127.000421,
            "rank":12.0,
            "area_info":"25평(85.33), 33평(109.58), 33평(111.28), 33평(112.18), 38평(127.48), 45평(150.62)",
            "last_sales":"2022-02-23,70000.0,33평(109.58)",
            "rank_history":[
                [
                    "202203",
                    12
                ],
                [
                    "202202",
                    19
                ],
                [
                    "202201",
                    18
                ]
            ],
            "rank_gap":7
        },
        {
            "index":185,
            "아파트명":"래미안노블클래스1단지",
            "투자타입":"일반",
            "전용면적(m2)":"85.63",
            "전용면적(평)":"25평",
            "법정동주소":"경기도 수원시 팔달구 인계동 384",
            "도로명주소":"경기도 수원시 팔달구 권광로 246",
            "세대수":80,
            "입주년차":60,
            "용적률점수":"--",
            "건폐율점수":"--",
            "세대당주차수":60,
            "난방방식":100,
            "공급면적":"--",
            "전용률":"--",
            "욕실수":100,
            "현관타입":100,
            "주거총점":79.0,
            "지역구공급총점":0.0,
            "역세권":50,
            "30분내 이동가능 거점":20,
            "1시간내 이동가능 거점":70,
            "교통총점":45.0,
            "백화점":100,
            "아울렛몰":100,
            "대형마트":100,
            "은행":70,
            "병원":60,
            "종합병원":100,
            "공원":100,
            "혐오시설":0,
            "인프라총점":91.0,
            "초등학군":89.97,
            "중학군":46.94,
            "학군총점":55.546,
            "인구수":20.19,
            "인구증감":21.17,
            "인구총점":20.484,
            "일자리":9.46,
            "소득수준":100.0,
            "일자리총점":36.622,
            "가치 총점":67.1819,
            "매매실거래년":20220205.0,
            "매매실거래가":62000.0,
            "전세실거래년":20210928.0,
            "전세실거래가":46000.0,
            "전세가율":70.77,
            "장기전세가율평균":69.89,
            "전세가율거품지수":-0.88,
            "검색코드":25771,
            "세대수":892.0,
            "준공년월":"2009-08-26",
            "준공년차":14.0,
            "가까운역이름":"아주대삼거리 (2028년 예정)",
            "가까운역거리":960.75,
            "역세권여부":"준역세권",
            "30분이내주요거점역":1,
            "30분거점역이름":"['수원시청']",
            "1시간이내주요거점역":7,
            "1시간거점역이름":"['정자', '수원시청', '평촌', '수원', '안산', '서현', 'GTX용인(2023년)']",
            "3km이내백화점수":1,
            "5km이내아울렛몰수":2,
            "1km이내대형먀트수":4,
            "500m이내은행수":4,
            "500m이내병원수":26,
            "5km이내대형병원수":4,
            "500m이내공원수":4,
            "3km이내혐오시설수":0,
            "초등학교학업성취도":89.97,
            "중학교학업성취도":77.5,
            "용적률":247,
            "건폐율":18,
            "Y":37.269643,
            "X":127.035986,
            "rank":13.0,
            "area_info":"25평(85.63), 34평(113.5), 34평(113.05), 34평(114.39), 42평(142.05), 46평(155.12)",
            "last_sales":"2022-02-05,62000.0,42평(142.05)",
            "rank_history":[
                [
                    "202203",
                    13
                ],
                [
                    "202202",
                    7
                ],
                [
                    "202201",
                    5
                ]
            ],
            "rank_gap":-6
        },
        {
            "index":335,
            "아파트명":"한화꿈에그린파크",
            "투자타입":"일반",
            "전용면적(m2)":"152.05",
            "전용면적(평)":"45평",
            "법정동주소":"경기도 수원시 팔달구 인계동 1127-1",
            "도로명주소":"경기도 수원시 팔달구 효원로308번길 16",
            "세대수":0,
            "입주년차":60,
            "용적률점수":"--",
            "건폐율점수":"--",
            "세대당주차수":100,
            "난방방식":30,
            "공급면적":"--",
            "전용률":"--",
            "욕실수":100,
            "현관타입":100,
            "주거총점":50.0,
            "지역구공급총점":0.0,
            "역세권":80,
            "30분내 이동가능 거점":60,
            "1시간내 이동가능 거점":100,
            "교통총점":78.0,
            "백화점":0,
            "아울렛몰":100,
            "대형마트":100,
            "은행":100,
            "병원":100,
            "종합병원":100,
            "공원":100,
            "혐오시설":0,
            "인프라총점":68.0,
            "초등학군":89.99,
            "중학군":54.78,
            "학군총점":61.822,
            "인구수":20.19,
            "인구증감":21.17,
            "인구총점":20.484,
            "일자리":9.46,
            "소득수준":100.0,
            "일자리총점":36.622,
            "가치 총점":66.9733,
            "매매실거래년":20220111.0,
            "매매실거래가":65000.0,
            "전세실거래년":20190813.0,
            "전세실거래가":40000.0,
            "전세가율":71.3,
            "장기전세가율평균":69.89,
            "전세가율거품지수":-1.41,
            "검색코드":27677,
            "세대수":212.0,
            "준공년월":"2010-03-18",
            "준공년차":13.0,
            "가까운역이름":"수원시청",
            "가까운역거리":377.16,
            "역세권여부":"역세권",
            "30분이내주요거점역":3,
            "30분거점역이름":"['수원시청', '수원', 'GTX용인(2023년)']",
            "1시간이내주요거점역":12,
            "1시간거점역이름":"['판교', '여의도', '정자', '수원시청', '평촌', '가산디지털단지', '수원', '안산', '서현', 'GTX성남(2023년)', 'GTX용인(2023년)', 'GTX동탄(2023년)']",
            "3km이내백화점수":0,
            "5km이내아울렛몰수":2,
            "1km이내대형먀트수":4,
            "500m이내은행수":7,
            "500m이내병원수":103,
            "5km이내대형병원수":4,
            "500m이내공원수":3,
            "3km이내혐오시설수":0,
            "초등학교학업성취도":89.99,
            "중학교학업성취도":89.5,
            "용적률":399,
            "건폐율":54,
            "Y":37.260324,
            "X":127.034616,
            "rank":14.0,
            "area_info":"45평(152.05), 48평(159.23), 51평(169.54), 54평(179.23)",
            "last_sales":"2022-01-11,65000.0,54평(179.23)",
            "rank_history":[
                [
                    "202203",
                    14
                ],
                [
                    "202202",
                    8
                ],
                [
                    "202201",
                    6
                ]
            ],
            "rank_gap":-6
        },
        {
            "index":430,
            "아파트명":"화서주공3단지",
            "투자타입":"일반",
            "전용면적(m2)":"104.24",
            "전용면적(평)":"31평",
            "법정동주소":"경기도 수원시 팔달구 화서동 646",
            "도로명주소":"경기도 수원시 팔달구 덕영대로697번길 47",
            "세대수":50,
            "입주년차":0,
            "용적률점수":"--",
            "건폐율점수":"--",
            "세대당주차수":30,
            "난방방식":100,
            "공급면적":"--",
            "전용률":"--",
            "욕실수":100,
            "현관타입":100,
            "주거총점":52.0,
            "지역구공급총점":0.0,
            "역세권":80,
            "30분내 이동가능 거점":40,
            "1시간내 이동가능 거점":90,
            "교통총점":70.0,
            "백화점":100,
            "아울렛몰":80,
            "대형마트":80,
            "은행":0,
            "병원":60,
            "종합병원":100,
            "공원":100,
            "혐오시설":0,
            "인프라총점":79.0,
            "초등학군":89.95,
            "중학군":46.68,
            "학군총점":55.334,
            "인구수":20.19,
            "인구증감":21.17,
            "인구총점":20.484,
            "일자리":9.46,
            "소득수준":100.0,
            "일자리총점":36.622,
            "가치 총점":66.9001,
            "매매실거래년":20211117.0,
            "매매실거래가":75000.0,
            "전세실거래년":20211106.0,
            "전세실거래가":33000.0,
            "전세가율":36.67,
            "장기전세가율평균":69.89,
            "전세가율거품지수":33.22,
            "검색코드":2727,
            "세대수":582.0,
            "준공년월":"1997-04-09",
            "준공년차":26.0,
            "가까운역이름":"화서",
            "가까운역거리":350.38,
            "역세권여부":"역세권",
            "30분이내주요거점역":2,
            "30분거점역이름":"['평촌', '수원']",
            "1시간이내주요거점역":9,
            "1시간거점역이름":"['여의도', '수원시청', '평촌', '가산디지털단지', '홍대입구', '수원', '구로디지털단지', '안산', 'GTX용인(2023년)']",
            "3km이내백화점수":2,
            "5km이내아울렛몰수":1,
            "1km이내대형먀트수":1,
            "500m이내은행수":0,
            "500m이내병원수":15,
            "5km이내대형병원수":5,
            "500m이내공원수":7,
            "3km이내혐오시설수":0,
            "초등학교학업성취도":89.95,
            "중학교학업성취도":77.8,
            "용적률":236,
            "건폐율":20,
            "Y":37.286105,
            "X":126.992561,
            "rank":15.0,
            "area_info":"31평(104.24), 33평(109.83)",
            "last_sales":"2021-11-17,75000.0,33평(109.83)",
            "rank_history":[
                [
                    "202203",
                    15
                ],
                [
                    "202202",
                    11
                ],
                [
                    "202201",
                    17
                ]
            ],
            "rank_gap":-4
        },
        {
            "index":376,
            "아파트명":"꽃뫼버들마을신동아",
            "투자타입":"일반",
            "전용면적(m2)":"81.28",
            "전용면적(평)":"24평",
            "법정동주소":"경기도 수원시 팔달구 화서동 684-2",
            "도로명주소":"경기도 수원시 팔달구 화산로 24",
            "세대수":30,
            "입주년차":20,
            "용적률점수":"--",
            "건폐율점수":"--",
            "세대당주차수":30,
            "난방방식":100,
            "공급면적":"--",
            "전용률":"--",
            "욕실수":50,
            "현관타입":100,
            "주거총점":44.0,
            "지역구공급총점":0.0,
            "역세권":80,
            "30분내 이동가능 거점":40,
            "1시간내 이동가능 거점":100,
            "교통총점":72.0,
            "백화점":100,
            "아울렛몰":80,
            "대형마트":80,
            "은행":0,
            "병원":60,
            "종합병원":100,
            "공원":100,
            "혐오시설":0,
            "인프라총점":79.0,
            "초등학군":89.97,
            "중학군":52.06,
            "학군총점":59.642,
            "인구수":20.19,
            "인구증감":21.17,
            "인구총점":20.484,
            "일자리":9.46,
            "소득수준":100.0,
            "일자리총점":36.622,
            "가치 총점":66.6463,
            "매매실거래년":20211120.0,
            "매매실거래가":60000.0,
            "전세실거래년":20220221.0,
            "전세실거래가":31000.0,
            "전세가율":51.67,
            "장기전세가율평균":69.89,
            "전세가율거품지수":18.22,
            "검색코드":2725,
            "세대수":332.0,
            "준공년월":"1999-10-29",
            "준공년차":24.0,
            "가까운역이름":"화서",
            "가까운역거리":416.19,
            "역세권여부":"역세권",
            "30분이내주요거점역":2,
            "30분거점역이름":"['수원시청', '수원']",
            "1시간이내주요거점역":10,
            "1시간거점역이름":"['여의도', '정자', '수원시청', '평촌', '가산디지털단지', '홍대입구', '수원', '구로디지털단지', '안산', 'GTX용인(2023년)']",
            "3km이내백화점수":2,
            "5km이내아울렛몰수":1,
            "1km이내대형먀트수":1,
            "500m이내은행수":0,
            "500m이내병원수":16,
            "5km이내대형병원수":4,
            "500m이내공원수":9,
            "3km이내혐오시설수":0,
            "초등학교학업성취도":89.97,
            "중학교학업성취도":86.3,
            "용적률":229,
            "건폐율":16,
            "Y":37.286974,
            "X":126.986753,
            "rank":16.0,
            "area_info":"24평(81.28)",
            "last_sales":"2021-11-20,60000.0,24평(81.28)",
            "rank_history":[
                [
                    "202203",
                    16
                ],
                [
                    "202202",
                    15
                ],
                [
                    "202201",
                    19
                ]
            ],
            "rank_gap":-1
        },
        {
            "index":131,
            "아파트명":"우만R타워(도시형)",
            "투자타입":"일반",
            "전용면적(m2)":"25.39",
            "전용면적(평)":"7평",
            "법정동주소":"경기도 수원시 팔달구 우만동 85-3",
            "도로명주소":"경기도 수원시 팔달구 중부대로239번길 5",
            "세대수":0,
            "입주년차":60,
            "용적률점수":"--",
            "건폐율점수":"--",
            "세대당주차수":0,
            "난방방식":30,
            "공급면적":"--",
            "전용률":"--",
            "욕실수":50,
            "현관타입":100,
            "주거총점":30.0,
            "지역구공급총점":0.0,
            "역세권":80,
            "30분내 이동가능 거점":40,
            "1시간내 이동가능 거점":90,
            "교통총점":70.0,
            "백화점":100,
            "아울렛몰":100,
            "대형마트":80,
            "은행":70,
            "병원":100,
            "종합병원":100,
            "공원":100,
            "혐오시설":0,
            "인프라총점":92.0,
            "초등학군":89.99,
            "중학군":46.32,
            "학군총점":55.054,
            "인구수":20.19,
            "인구증감":21.17,
            "인구총점":20.484,
            "일자리":9.46,
            "소득수준":100.0,
            "일자리총점":36.622,
            "가치 총점":66.3581,
            "매매실거래년":20211227.0,
            "매매실거래가":10000.0,
            "전세실거래년":null,
            "전세실거래가":null,
            "전세가율":null,
            "장기전세가율평균":69.89,
            "전세가율거품지수":null,
            "검색코드":106221,
            "세대수":159.0,
            "준공년월":"2012-10-17",
            "준공년차":11.0,
            "가까운역이름":"아주대삼거리 (2028년 예정)",
            "가까운역거리":232.84,
            "역세권여부":"역세권",
            "30분이내주요거점역":2,
            "30분거점역이름":"['수원시청', '수원']",
            "1시간이내주요거점역":9,
            "1시간거점역이름":"['판교', '정자', '수원시청', '평촌', '가산디지털단지', '수원', '서현', 'GTX용인(2023년)', 'GTX동탄(2023년)']",
            "3km이내백화점수":1,
            "5km이내아울렛몰수":2,
            "1km이내대형먀트수":1,
            "500m이내은행수":3,
            "500m이내병원수":73,
            "5km이내대형병원수":4,
            "500m이내공원수":3,
            "3km이내혐오시설수":0,
            "초등학교학업성취도":89.99,
            "중학교학업성취도":76.6,
            "용적률":399,
            "건폐율":57,
            "Y":37.275829,
            "X":127.042086,
            "rank":17.0,
            "area_info":"7평(25.39), 7평(25.31), 9평(31.71), 9평(33.0)",
            "last_sales":"2021-12-27,10000.0,9평(33.0)",
            "rank_history":[
                [
                    "202203",
                    17
                ],
                [
                    "202202",
                    39
                ],
                [
                    "202201",
                    36
                ]
            ],
            "rank_gap":22
        },
        {
            "index":233,
            "아파트명":"센트럴시티아리스타(도시형)",
            "투자타입":"일반",
            "전용면적(m2)":"24.96",
            "전용면적(평)":"7평",
            "법정동주소":"경기도 수원시 팔달구 인계동 1036-13",
            "도로명주소":"경기도 수원시 팔달구 인계로124번길 9",
            "세대수":0,
            "입주년차":100,
            "용적률점수":"--",
            "건폐율점수":"--",
            "세대당주차수":0,
            "난방방식":30,
            "공급면적":"--",
            "전용률":"--",
            "욕실수":50,
            "현관타입":100,
            "주거총점":38.0,
            "지역구공급총점":0.0,
            "역세권":50,
            "30분내 이동가능 거점":40,
            "1시간내 이동가능 거점":90,
            "교통총점":55.0,
            "백화점":100,
            "아울렛몰":100,
            "대형마트":100,
            "은행":100,
            "병원":100,
            "종합병원":100,
            "공원":100,
            "혐오시설":0,
            "인프라총점":98.0,
            "초등학군":89.97,
            "중학군":54.78,
            "학군총점":61.818,
            "인구수":20.19,
            "인구증감":21.17,
            "인구총점":20.484,
            "일자리":9.46,
            "소득수준":100.0,
            "일자리총점":36.622,
            "가치 총점":65.5227,
            "매매실거래년":"18000101",
            "매매실거래가":null,
            "전세실거래년":null,
            "전세실거래가":null,
            "전세가율":null,
            "장기전세가율평균":69.89,
            "전세가율거품지수":null,
            "검색코드":135656,
            "세대수":110.0,
            "준공년월":"2020-07-23",
            "준공년차":3.0,
            "가까운역이름":"수원시청",
            "가까운역거리":550.58,
            "역세권여부":"준역세권",
            "30분이내주요거점역":2,
            "30분거점역이름":"['수원시청', '수원']",
            "1시간이내주요거점역":9,
            "1시간거점역이름":"['판교', '정자', '수원시청', '평촌', '가산디지털단지', '수원', '안산', '서현', 'GTX용인(2023년)']",
            "3km이내백화점수":2,
            "5km이내아울렛몰수":2,
            "1km이내대형먀트수":3,
            "500m이내은행수":7,
            "500m이내병원수":115,
            "5km이내대형병원수":4,
            "500m이내공원수":3,
            "3km이내혐오시설수":0,
            "초등학교학업성취도":89.97,
            "중학교학업성취도":89.5,
            "용적률":374,
            "건폐율":66,
            "Y":37.26687,
            "X":127.031109,
            "rank":18.0,
            "area_info":"7평(24.96), 8평(29.53), 9평(31.08)",
            "last_sales":"1800-01-01,nan,7평(24.96)",
            "rank_history":[
                [
                    "202203",
                    18
                ],
                [
                    "202202",
                    9
                ],
                [
                    "202201",
                    7
                ]
            ],
            "rank_gap":-9
        },
        {
            "index":236,
            "아파트명":"센트럴하임(도시형)",
            "투자타입":"일반",
            "전용면적(m2)":"22.6",
            "전용면적(평)":"6평",
            "법정동주소":"경기도 수원시 팔달구 인계동 1022-3",
            "도로명주소":"경기도 수원시 팔달구 인계로108번길 18",
            "세대수":0,
            "입주년차":100,
            "용적률점수":"--",
            "건폐율점수":"--",
            "세대당주차수":0,
            "난방방식":30,
            "공급면적":"--",
            "전용률":"--",
            "욕실수":50,
            "현관타입":100,
            "주거총점":38.0,
            "지역구공급총점":0.0,
            "역세권":50,
            "30분내 이동가능 거점":40,
            "1시간내 이동가능 거점":100,
            "교통총점":57.0,
            "백화점":100,
            "아울렛몰":100,
            "대형마트":100,
            "은행":100,
            "병원":100,
            "종합병원":100,
            "공원":100,
            "혐오시설":0,
            "인프라총점":98.0,
            "초등학군":90.0,
            "중학군":42.18,
            "학군총점":51.744,
            "인구수":20.19,
            "인구증감":21.17,
            "인구총점":20.484,
            "일자리":9.46,
            "소득수준":100.0,
            "일자리총점":36.622,
            "가치 총점":64.7116,
            "매매실거래년":20220214.0,
            "매매실거래가":16000.0,
            "전세실거래년":20210723.0,
            "전세실거래가":16500.0,
            "전세가율":null,
            "장기전세가율평균":69.89,
            "전세가율거품지수":null,
            "검색코드":140773,
            "세대수":104.0,
            "준공년월":"2021-03-17",
            "준공년차":2.0,
            "가까운역이름":"수원시청",
            "가까운역거리":587.26,
            "역세권여부":"준역세권",
            "30분이내주요거점역":2,
            "30분거점역이름":"['수원시청', '수원']",
            "1시간이내주요거점역":10,
            "1시간거점역이름":"['판교', '정자', '수원시청', '평촌', '가산디지털단지', '수원', '안산', '서현', 'GTX용인(2023년)', 'GTX동탄(2023년)']",
            "3km이내백화점수":2,
            "5km이내아울렛몰수":2,
            "1km이내대형먀트수":3,
            "500m이내은행수":6,
            "500m이내병원수":89,
            "5km이내대형병원수":4,
            "500m이내공원수":4,
            "3km이내혐오시설수":0,
            "초등학교학업성취도":90.0,
            "중학교학업성취도":70.3,
            "용적률":381,
            "건폐율":75,
            "Y":37.267015,
            "X":127.029098,
            "rank":19.0,
            "area_info":"6평(22.6), 6평(22.74), 8평(27.34), 8평(27.59), 8평(27.97)",
            "last_sales":"2022-02-14,16000.0,8평(27.59)",
            "rank_history":[
                [
                    "202203",
                    19
                ],
                [
                    "202202",
                    12
                ],
                [
                    "202201",
                    9
                ]
            ],
            "rank_gap":-7
        },
        {
            "index":435,
            "아파트명":"화서주공5단지",
            "투자타입":"일반",
            "전용면적(m2)":"58.94",
            "전용면적(평)":"17평",
            "법정동주소":"경기도 수원시 팔달구 화서동 650",
            "도로명주소":"경기도 수원시 팔달구 덕영대로697번길 48",
            "세대수":30,
            "입주년차":0,
            "용적률점수":"--",
            "건폐율점수":"--",
            "세대당주차수":0,
            "난방방식":100,
            "공급면적":"--",
            "전용률":"--",
            "욕실수":50,
            "현관타입":10,
            "주거총점":26.5,
            "지역구공급총점":0.0,
            "역세권":80,
            "30분내 이동가능 거점":60,
            "1시간내 이동가능 거점":100,
            "교통총점":78.0,
            "백화점":100,
            "아울렛몰":80,
            "대형마트":80,
            "은행":0,
            "병원":60,
            "종합병원":100,
            "공원":100,
            "혐오시설":0,
            "인프라총점":79.0,
            "초등학군":89.95,
            "중학군":46.68,
            "학군총점":55.334,
            "인구수":20.19,
            "인구증감":21.17,
            "인구총점":20.484,
            "일자리":9.46,
            "소득수준":100.0,
            "일자리총점":36.622,
            "가치 총점":64.6001,
            "매매실거래년":20211025.0,
            "매매실거래가":60000.0,
            "전세실거래년":20220127.0,
            "전세실거래가":18000.0,
            "전세가율":43.37,
            "장기전세가율평균":69.89,
            "전세가율거품지수":26.52,
            "검색코드":10398,
            "세대수":386.0,
            "준공년월":"1997-05-02",
            "준공년차":26.0,
            "가까운역이름":"화서",
            "가까운역거리":101.87,
            "역세권여부":"역세권",
            "30분이내주요거점역":3,
            "30분거점역이름":"['수원시청', '평촌', '수원']",
            "1시간이내주요거점역":11,
            "1시간거점역이름":"['여의도', '정자', '수원시청', '평촌', '가산디지털단지', '홍대입구', '수원', '구로디지털단지', '안산', '서현', 'GTX용인(2023년)']",
            "3km이내백화점수":2,
            "5km이내아울렛몰수":1,
            "1km이내대형먀트수":1,
            "500m이내은행수":0,
            "500m이내병원수":15,
            "5km이내대형병원수":4,
            "500m이내공원수":8,
            "3km이내혐오시설수":0,
            "초등학교학업성취도":89.95,
            "중학교학업성취도":77.8,
            "용적률":0,
            "건폐율":0,
            "Y":37.284062,
            "X":126.990761,
            "rank":20.0,
            "area_info":"17평(58.94), 22평(73.68)",
            "last_sales":"2021-10-25,60000.0,22평(73.68)",
            "rank_history":[
                [
                    "202203",
                    20
                ],
                [
                    "202202",
                    37
                ],
                [
                    "202201",
                    26
                ]
            ],
            "rank_gap":17
        },
        {
            "index":56,
            "아파트명":"비치나움(도시형)",
            "투자타입":"일반",
            "전용면적(m2)":"24.67",
            "전용면적(평)":"7평",
            "법정동주소":"경기도 수원시 팔달구 매산로1가 111-2",
            "도로명주소":"경기도 수원시 팔달구 팔달로 4-2",
            "세대수":0,
            "입주년차":80,
            "용적률점수":"--",
            "건폐율점수":"--",
            "세대당주차수":0,
            "난방방식":30,
            "공급면적":"--",
            "전용률":"--",
            "욕실수":50,
            "현관타입":10,
            "주거총점":25.0,
            "지역구공급총점":0.0,
            "역세권":80,
            "30분내 이동가능 거점":40,
            "1시간내 이동가능 거점":100,
            "교통총점":72.0,
            "백화점":100,
            "아울렛몰":80,
            "대형마트":100,
            "은행":70,
            "병원":80,
            "종합병원":100,
            "공원":100,
            "혐오시설":0,
            "인프라총점":91.0,
            "초등학군":89.96,
            "중학군":36.6,
            "학군총점":47.272,
            "인구수":20.19,
            "인구증감":21.17,
            "인구총점":20.484,
            "일자리":9.46,
            "소득수준":100.0,
            "일자리총점":36.622,
            "가치 총점":64.5908,
            "매매실거래년":20220212.0,
            "매매실거래가":15500.0,
            "전세실거래년":20210818.0,
            "전세실거래가":6000.0,
            "전세가율":66.67,
            "장기전세가율평균":69.89,
            "전세가율거품지수":3.22,
            "검색코드":112470,
            "세대수":93.0,
            "준공년월":"2014-12-03",
            "준공년차":9.0,
            "가까운역이름":"수원",
            "가까운역거리":430.06,
            "역세권여부":"역세권",
            "30분이내주요거점역":2,
            "30분거점역이름":"['수원시청', '수원']",
            "1시간이내주요거점역":14,
            "1시간거점역이름":"['판교', '여의도', '정자', '수원시청', '평촌', '가산디지털단지', '홍대입구', '수원', '구로디지털단지', '명동', '안산', '서현', 'GTX용인(2023년)', 'GTX동탄(2023년)']",
            "3km이내백화점수":2,
            "5km이내아울렛몰수":1,
            "1km이내대형먀트수":2,
            "500m이내은행수":3,
            "500m이내병원수":44,
            "5km이내대형병원수":5,
            "500m이내공원수":2,
            "3km이내혐오시설수":0,
            "초등학교학업성취도":89.96,
            "중학교학업성취도":61.0,
            "용적률":498,
            "건폐율":52,
            "Y":37.26953,
            "X":126.999558,
            "rank":21.0,
            "area_info":"7평(24.67), 7평(24.98), 7평(24.31), 7평(24.27), 7평(24.33), 14평(48.81), 14평(49.39)",
            "last_sales":"2022-02-12,15500.0,14평(49.39)",
            "rank_history":[
                [
                    "202203",
                    21
                ],
                [
                    "202202",
                    9999
                ]
            ],
            "rank_gap":9999
        },
        {
            "index":199,
            "아파트명":"바이트103(민간임대,도시형)",
            "투자타입":"일반",
            "전용면적(m2)":"43.54",
            "전용면적(평)":"13평",
            "법정동주소":"경기도 수원시 팔달구 인계동 1116-9",
            "도로명주소":"경기도 수원시 팔달구 권광로196번길 43-14",
            "세대수":0,
            "입주년차":100,
            "용적률점수":"--",
            "건폐율점수":"--",
            "세대당주차수":0,
            "난방방식":30,
            "공급면적":"--",
            "전용률":"--",
            "욕실수":50,
            "현관타입":10,
            "주거총점":29.0,
            "지역구공급총점":0.0,
            "역세권":50,
            "30분내 이동가능 거점":40,
            "1시간내 이동가능 거점":100,
            "교통총점":57.0,
            "백화점":100,
            "아울렛몰":100,
            "대형마트":100,
            "은행":100,
            "병원":100,
            "종합병원":100,
            "공원":100,
            "혐오시설":0,
            "인프라총점":98.0,
            "초등학군":89.98,
            "중학군":54.78,
            "학군총점":61.82,
            "인구수":20.19,
            "인구증감":21.17,
            "인구총점":20.484,
            "일자리":9.46,
            "소득수준":100.0,
            "일자리총점":36.622,
            "가치 총점":64.423,
            "매매실거래년":"18000101",
            "매매실거래가":null,
            "전세실거래년":null,
            "전세실거래가":null,
            "전세가율":null,
            "장기전세가율평균":69.89,
            "전세가율거품지수":null,
            "검색코드":145418,
            "세대수":90.0,
            "준공년월":"2021-10-26",
            "준공년차":2.0,
            "가까운역이름":"수원시청",
            "가까운역거리":581.56,
            "역세권여부":"준역세권",
            "30분이내주요거점역":2,
            "30분거점역이름":"['수원시청', '수원']",
            "1시간이내주요거점역":10,
            "1시간거점역이름":"['판교', '정자', '수원시청', '평촌', '가산디지털단지', '수원', '안산', '서현', 'GTX용인(2023년)', 'GTX동탄(2023년)']",
            "3km이내백화점수":1,
            "5km이내아울렛몰수":2,
            "1km이내대형먀트수":4,
            "500m이내은행수":10,
            "500m이내병원수":119,
            "5km이내대형병원수":4,
            "500m이내공원수":2,
            "3km이내혐오시설수":0,
            "초등학교학업성취도":89.98,
            "중학교학업성취도":89.5,
            "용적률":390,
            "건폐율":59,
            "Y":37.26499,
            "X":127.03618,
            "rank":22.0,
            "area_info":"13평(43.54), 16평(54.27)",
            "last_sales":"1800-01-01,nan,13평(43.54)",
            "rank_history":[
                [
                    "202203",
                    22
                ],
                [
                    "202202",
                    9999
                ]
            ],
            "rank_gap":9999
        },
        {
            "index":152,
            "아파트명":"주공4단지",
            "투자타입":"재건축",
            "전용면적(m2)":"52.55",
            "전용면적(평)":"15평",
            "법정동주소":"경기도 수원시 팔달구 우만동 300",
            "도로명주소":"경기도 수원시 팔달구 창룡대로 194",
            "세대수":90,
            "입주년차":"--",
            "용적률점수":60,
            "건폐율점수":100,
            "세대당주차수":"--",
            "난방방식":"--",
            "공급면적":50,
            "전용률":40,
            "욕실수":"--",
            "현관타입":"--",
            "주거총점":75.5,
            "지역구공급총점":0.0,
            "역세권":80,
            "30분내 이동가능 거점":20,
            "1시간내 이동가능 거점":90,
            "교통총점":64.0,
            "백화점":100,
            "아울렛몰":100,
            "대형마트":0,
            "은행":0,
            "병원":60,
            "종합병원":100,
            "공원":100,
            "혐오시설":0,
            "인프라총점":69.0,
            "초등학군":89.97,
            "중학군":27.78,
            "학군총점":40.218,
            "인구수":20.19,
            "인구증감":21.17,
            "인구총점":20.484,
            "일자리":9.46,
            "소득수준":100.0,
            "일자리총점":36.622,
            "가치 총점":64.2327,
            "매매실거래년":20220127.0,
            "매매실거래가":29500.0,
            "전세실거래년":20220223.0,
            "전세실거래가":16000.0,
            "전세가율":54.24,
            "장기전세가율평균":69.89,
            "전세가율거품지수":15.65,
            "검색코드":11648,
            "세대수":1152.0,
            "준공년월":"1992-03-28",
            "준공년차":31.0,
            "가까운역이름":"수원월드컵경기장 (2028년 예정)",
            "가까운역거리":297.76,
            "역세권여부":"역세권",
            "30분이내주요거점역":1,
            "30분거점역이름":"['수원']",
            "1시간이내주요거점역":9,
            "1시간거점역이름":"['판교', '을지로3가', '정자', '수원시청', '평촌', '가산디지털단지', '수원', '명동', 'GTX용인(2023년)']",
            "3km이내백화점수":1,
            "5km이내아울렛몰수":2,
            "1km이내대형먀트수":0,
            "500m이내은행수":0,
            "500m이내병원수":16,
            "5km이내대형병원수":4,
            "500m이내공원수":4,
            "3km이내혐오시설수":0,
            "초등학교학업성취도":89.97,
            "중학교학업성취도":46.3,
            "용적률":189,
            "건폐율":16,
            "Y":37.291764,
            "X":127.030403,
            "rank":23.0,
            "area_info":"15평(52.55), 15평(52.81), 17평(57.15), 18평(60.33), 18평(60.38), 18평(61.3), 20평(69.1), 22평(72.95), 22평(72.98), 22평(74.13)",
            "last_sales":"2022-01-27,29500.0,15평(52.55)",
            "rank_history":[
                [
                    "202203",
                    23
                ],
                [
                    "202202",
                    56
                ],
                [
                    "202201",
                    56
                ]
            ],
            "rank_gap":33
        },
        {
            "index":289,
            "아파트명":"인계리치안(도시형)",
            "투자타입":"일반",
            "전용면적(m2)":"26.98",
            "전용면적(평)":"8평",
            "법정동주소":"경기도 수원시 팔달구 인계동 1035-7",
            "도로명주소":"경기도 수원시 팔달구 경수대로466번길 59",
            "세대수":0,
            "입주년차":100,
            "용적률점수":"--",
            "건폐율점수":"--",
            "세대당주차수":0,
            "난방방식":30,
            "공급면적":"--",
            "전용률":"--",
            "욕실수":50,
            "현관타입":100,
            "주거총점":38.0,
            "지역구공급총점":0.0,
            "역세권":50,
            "30분내 이동가능 거점":40,
            "1시간내 이동가능 거점":90,
            "교통총점":55.0,
            "백화점":100,
            "아울렛몰":100,
            "대형마트":100,
            "은행":100,
            "병원":100,
            "종합병원":100,
            "공원":100,
            "혐오시설":0,
            "인프라총점":98.0,
            "초등학군":89.97,
            "중학군":42.18,
            "학군총점":51.738,
            "인구수":20.19,
            "인구증감":21.17,
            "인구총점":20.484,
            "일자리":9.46,
            "소득수준":100.0,
            "일자리총점":36.622,
            "가치 총점":64.0107,
            "매매실거래년":20211201.0,
            "매매실거래가":10000.0,
            "전세실거래년":20220108.0,
            "전세실거래가":12000.0,
            "전세가율":120.0,
            "장기전세가율평균":69.89,
            "전세가율거품지수":-50.11,
            "검색코드":124701,
            "세대수":180.0,
            "준공년월":"2019-04-29",
            "준공년차":4.0,
            "가까운역이름":"수원시청",
            "가까운역거리":575.49,
            "역세권여부":"준역세권",
            "30분이내주요거점역":2,
            "30분거점역이름":"['수원시청', '수원']",
            "1시간이내주요거점역":9,
            "1시간거점역이름":"['판교', '정자', '수원시청', '평촌', '가산디지털단지', '수원', '안산', '서현', 'GTX용인(2023년)']",
            "3km이내백화점수":2,
            "5km이내아울렛몰수":2,
            "1km이내대형먀트수":3,
            "500m이내은행수":5,
            "500m이내병원수":107,
            "5km이내대형병원수":4,
            "500m이내공원수":3,
            "3km이내혐오시설수":0,
            "초등학교학업성취도":89.97,
            "중학교학업성취도":70.3,
            "용적률":358,
            "건폐율":57,
            "Y":37.267083,
            "X":127.030361,
            "rank":24.0,
            "area_info":"8평(26.98)",
            "last_sales":"2021-12-01,10000.0,8평(26.98)",
            "rank_history":[
                [
                    "202203",
                    24
                ],
                [
                    "202202",
                    10
                ],
                [
                    "202201",
                    8
                ]
            ],
            "rank_gap":-14
        },
        {
            "index":162,
            "아파트명":"풍림",
            "투자타입":"재건축",
            "전용면적(m2)":"49.28",
            "전용면적(평)":"14평",
            "법정동주소":"경기도 수원시 팔달구 우만동 498",
            "도로명주소":"경기도 수원시 팔달구 세지로 439-14",
            "세대수":30,
            "입주년차":"--",
            "용적률점수":100,
            "건폐율점수":80,
            "세대당주차수":"--",
            "난방방식":"--",
            "공급면적":50,
            "전용률":80,
            "욕실수":"--",
            "현관타입":"--",
            "주거총점":71.5,
            "지역구공급총점":0.0,
            "역세권":80,
            "30분내 이동가능 거점":20,
            "1시간내 이동가능 거점":60,
            "교통총점":58.0,
            "백화점":100,
            "아울렛몰":100,
            "대형마트":0,
            "은행":0,
            "병원":60,
            "종합병원":100,
            "공원":100,
            "혐오시설":0,
            "인프라총점":69.0,
            "초등학군":89.97,
            "중학군":45.62,
            "학군총점":54.49,
            "인구수":20.19,
            "인구증감":21.17,
            "인구총점":20.484,
            "일자리":9.46,
            "소득수준":100.0,
            "일자리총점":36.622,
            "가치 총점":63.4735,
            "매매실거래년":20210915.0,
            "매매실거래가":58000.0,
            "전세실거래년":20220219.0,
            "전세실거래가":14000.0,
            "전세가율":29.79,
            "장기전세가율평균":69.89,
            "전세가율거품지수":40.1,
            "검색코드":2491,
            "세대수":390.0,
            "준공년월":"1987-12-26",
            "준공년차":36.0,
            "가까운역이름":"수원월드컵경기장 (2028년 예정)",
            "가까운역거리":213.91,
            "역세권여부":"역세권",
            "30분이내주요거점역":1,
            "30분거점역이름":"['수원']",
            "1시간이내주요거점역":6,
            "1시간거점역이름":"['판교', '정자', '수원시청', '수원', '구로디지털단지', 'GTX용인(2023년)']",
            "3km이내백화점수":1,
            "5km이내아울렛몰수":2,
            "1km이내대형먀트수":0,
            "500m이내은행수":0,
            "500m이내병원수":12,
            "5km이내대형병원수":4,
            "500m이내공원수":3,
            "3km이내혐오시설수":0,
            "초등학교학업성취도":89.97,
            "중학교학업성취도":75.5,
            "용적률":117,
            "건폐율":23,
            "Y":37.287686,
            "X":127.031989,
            "rank":25.0,
            "area_info":"14평(49.28), 18평(60.71)",
            "last_sales":"2021-09-15,58000.0,18평(60.71)",
            "rank_history":[
                [
                    "202203",
                    25
                ],
                [
                    "202202",
                    51
                ],
                [
                    "202201",
                    50
                ]
            ],
            "rank_gap":26
        },
        {
            "index":211,
            "아파트명":"삼호파크타워",
            "투자타입":"일반",
            "전용면적(m2)":"168.29",
            "전용면적(평)":"50평",
            "법정동주소":"경기도 수원시 팔달구 인계동 1122-10",
            "도로명주소":"경기도 수원시 팔달구 효원로 303",
            "세대수":0,
            "입주년차":0,
            "용적률점수":"--",
            "건폐율점수":"--",
            "세대당주차수":60,
            "난방방식":30,
            "공급면적":"--",
            "전용률":"--",
            "욕실수":100,
            "현관타입":100,
            "주거총점":32.0,
            "지역구공급총점":0.0,
            "역세권":80,
            "30분내 이동가능 거점":60,
            "1시간내 이동가능 거점":100,
            "교통총점":78.0,
            "백화점":0,
            "아울렛몰":100,
            "대형마트":100,
            "은행":100,
            "병원":100,
            "종합병원":100,
            "공원":100,
            "혐오시설":0,
            "인프라총점":68.0,
            "초등학군":89.99,
            "중학군":54.78,
            "학군총점":61.822,
            "인구수":20.19,
            "인구증감":21.17,
            "인구총점":20.484,
            "일자리":9.46,
            "소득수준":100.0,
            "일자리총점":36.622,
            "가치 총점":63.3733,
            "매매실거래년":20210520.0,
            "매매실거래가":40000.0,
            "전세실거래년":null,
            "전세실거래가":null,
            "전세가율":null,
            "장기전세가율평균":69.89,
            "전세가율거품지수":null,
            "검색코드":10461,
            "세대수":64.0,
            "준공년월":"1998-11-24",
            "준공년차":25.0,
            "가까운역이름":"수원시청",
            "가까운역거리":380.83,
            "역세권여부":"역세권",
            "30분이내주요거점역":3,
            "30분거점역이름":"['수원시청', '수원', 'GTX용인(2023년)']",
            "1시간이내주요거점역":12,
            "1시간거점역이름":"['판교', '여의도', '정자', '수원시청', '평촌', '가산디지털단지', '수원', '안산', '서현', 'GTX성남(2023년)', 'GTX용인(2023년)', 'GTX동탄(2023년)']",
            "3km이내백화점수":0,
            "5km이내아울렛몰수":2,
            "1km이내대형먀트수":3,
            "500m이내은행수":11,
            "500m이내병원수":128,
            "5km이내대형병원수":4,
            "500m이내공원수":2,
            "3km이내혐오시설수":0,
            "초등학교학업성취도":89.99,
            "중학교학업성취도":89.5,
            "용적률":892,
            "건폐율":71,
            "Y":37.261346,
            "X":127.035099,
            "rank":26.0,
            "area_info":"50평(168.29), 53평(178.41), 56평(187.83), 57평(189.69), 57평(190.32), 57평(190.74), 59평(198.33), 60평(199.9)",
            "last_sales":"2021-05-20,40000.0,57평(190.74)",
            "rank_history":[
                [
                    "202203",
                    26
                ],
                [
                    "202202",
                    9999
                ]
            ],
            "rank_gap":9999
        },
        {
            "index":379,
            "아파트명":"꽃뫼양지마을대우",
            "투자타입":"일반",
            "전용면적(m2)":"112.66",
            "전용면적(평)":"34평",
            "법정동주소":"경기도 수원시 팔달구 화서동 703",
            "도로명주소":"경기도 수원시 팔달구 수성로101번길 20",
            "세대수":0,
            "입주년차":20,
            "용적률점수":"--",
            "건폐율점수":"--",
            "세대당주차수":60,
            "난방방식":100,
            "공급면적":"--",
            "전용률":"--",
            "욕실수":100,
            "현관타입":100,
            "주거총점":43.0,
            "지역구공급총점":0.0,
            "역세권":80,
            "30분내 이동가능 거점":20,
            "1시간내 이동가능 거점":80,
            "교통총점":62.0,
            "백화점":100,
            "아울렛몰":80,
            "대형마트":80,
            "은행":0,
            "병원":60,
            "종합병원":100,
            "공원":100,
            "혐오시설":0,
            "인프라총점":79.0,
            "초등학군":89.97,
            "중학군":52.06,
            "학군총점":59.642,
            "인구수":20.19,
            "인구증감":21.17,
            "인구총점":20.484,
            "일자리":9.46,
            "소득수준":100.0,
            "일자리총점":36.622,
            "가치 총점":62.9463,
            "매매실거래년":20210828.0,
            "매매실거래가":99900.0,
            "전세실거래년":20211228.0,
            "전세실거래가":40000.0,
            "전세가율":54.05,
            "장기전세가율평균":69.89,
            "전세가율거품지수":15.84,
            "검색코드":3640,
            "세대수":236.0,
            "준공년월":"2001-06-26",
            "준공년차":22.0,
            "가까운역이름":"화서",
            "가까운역거리":488.77,
            "역세권여부":"역세권",
            "30분이내주요거점역":1,
            "30분거점역이름":"['수원']",
            "1시간이내주요거점역":8,
            "1시간거점역이름":"['여의도', '수원시청', '평촌', '가산디지털단지', '홍대입구', '수원', '구로디지털단지', '안산']",
            "3km이내백화점수":2,
            "5km이내아울렛몰수":1,
            "1km이내대형먀트수":1,
            "500m이내은행수":0,
            "500m이내병원수":19,
            "5km이내대형병원수":4,
            "500m이내공원수":7,
            "3km이내혐오시설수":0,
            "초등학교학업성취도":89.97,
            "중학교학업성취도":86.3,
            "용적률":201,
            "건폐율":19,
            "Y":37.286147,
            "X":126.98479,
            "rank":27.0,
            "area_info":"34평(112.66), 44평(148.29)",
            "last_sales":"2021-08-28,99900.0,44평(148.29)",
            "rank_history":[
                [
                    "202203",
                    27
                ],
                [
                    "202202",
                    18
                ],
                [
                    "202201",
                    24
                ]
            ],
            "rank_gap":-9
        },
        {
            "index":241,
            "아파트명":"수원인계동문굿모닝힐",
            "투자타입":"일반",
            "전용면적(m2)":"84.72",
            "전용면적(평)":"25평",
            "법정동주소":"경기도 수원시 팔달구 인계동 1171",
            "도로명주소":"경기도 수원시 팔달구 중부대로220번길 10",
            "세대수":0,
            "입주년차":100,
            "용적률점수":"--",
            "건폐율점수":"--",
            "세대당주차수":30,
            "난방방식":30,
            "공급면적":"--",
            "전용률":"--",
            "욕실수":100,
            "현관타입":100,
            "주거총점":47.5,
            "지역구공급총점":0.0,
            "역세권":50,
            "30분내 이동가능 거점":40,
            "1시간내 이동가능 거점":70,
            "교통총점":51.0,
            "백화점":100,
            "아울렛몰":100,
            "대형마트":80,
            "은행":70,
            "병원":80,
            "종합병원":100,
            "공원":100,
            "혐오시설":0,
            "인프라총점":90.0,
            "초등학군":89.99,
            "중학군":46.32,
            "학군총점":55.054,
            "인구수":20.19,
            "인구증감":21.17,
            "인구총점":20.484,
            "일자리":9.46,
            "소득수준":100.0,
            "일자리총점":36.622,
            "가치 총점":62.6081,
            "매매실거래년":20210130.0,
            "매매실거래가":69000.0,
            "전세실거래년":20220205.0,
            "전세실거래가":40000.0,
            "전세가율":68.38,
            "장기전세가율평균":69.89,
            "전세가율거품지수":1.51,
            "검색코드":120222,
            "세대수":298.0,
            "준공년월":"2020-11-25",
            "준공년차":3.0,
            "가까운역이름":"아주대삼거리 (2028년 예정)",
            "가까운역거리":547.26,
            "역세권여부":"준역세권",
            "30분이내주요거점역":2,
            "30분거점역이름":"['수원시청', '수원']",
            "1시간이내주요거점역":7,
            "1시간거점역이름":"['판교', '정자', '수원시청', '평촌', '가산디지털단지', '수원', 'GTX용인(2023년)']",
            "3km이내백화점수":1,
            "5km이내아울렛몰수":2,
            "1km이내대형먀트수":1,
            "500m이내은행수":4,
            "500m이내병원수":52,
            "5km이내대형병원수":4,
            "500m이내공원수":2,
            "3km이내혐오시설수":0,
            "초등학교학업성취도":89.99,
            "중학교학업성취도":76.6,
            "용적률":327,
            "건폐율":15,
            "Y":37.275859,
            "X":127.038413,
            "rank":28.0,
            "area_info":"25평(84.72), 28평(94.6), 31평(104.84), 32평(105.87)",
            "last_sales":"2021-01-30,69000.0,32평(105.87)",
            "rank_history":[
                [
                    "202203",
                    28
                ],
                [
                    "202202",
                    33
                ],
                [
                    "202201",
                    33
                ]
            ],
            "rank_gap":5
        },
        {
            "index":98,
            "아파트명":"선경",
            "투자타입":"일반",
            "전용면적(m2)":"58.67",
            "전용면적(평)":"17평",
            "법정동주소":"경기도 수원시 팔달구 우만동 98",
            "도로명주소":"경기도 수원시 팔달구 중부대로 215",
            "세대수":30,
            "입주년차":0,
            "용적률점수":"--",
            "건폐율점수":"--",
            "세대당주차수":0,
            "난방방식":80,
            "공급면적":"--",
            "전용률":"--",
            "욕실수":50,
            "현관타입":10,
            "주거총점":24.5,
            "지역구공급총점":0.0,
            "역세권":80,
            "30분내 이동가능 거점":40,
            "1시간내 이동가능 거점":60,
            "교통총점":64.0,
            "백화점":100,
            "아울렛몰":100,
            "대형마트":80,
            "은행":70,
            "병원":80,
            "종합병원":100,
            "공원":100,
            "혐오시설":0,
            "인프라총점":90.0,
            "초등학군":89.99,
            "중학군":46.32,
            "학군총점":55.054,
            "인구수":20.19,
            "인구증감":21.17,
            "인구총점":20.484,
            "일자리":9.46,
            "소득수준":100.0,
            "일자리총점":36.622,
            "가치 총점":62.5581,
            "매매실거래년":20220209.0,
            "매매실거래가":19500.0,
            "전세실거래년":20220105.0,
            "전세실거래가":18000.0,
            "전세가율":92.31,
            "장기전세가율평균":69.89,
            "전세가율거품지수":-22.42,
            "검색코드":1816,
            "세대수":372.0,
            "준공년월":"1995-10-30",
            "준공년차":28.0,
            "가까운역이름":"아주대삼거리 (2028년 예정)",
            "가까운역거리":482.75,
            "역세권여부":"역세권",
            "30분이내주요거점역":2,
            "30분거점역이름":"['수원시청', '수원']",
            "1시간이내주요거점역":6,
            "1시간거점역이름":"['판교', '정자', '수원시청', '평촌', '수원', 'GTX용인(2023년)']",
            "3km이내백화점수":1,
            "5km이내아울렛몰수":2,
            "1km이내대형먀트수":1,
            "500m이내은행수":3,
            "500m이내병원수":55,
            "5km이내대형병원수":4,
            "500m이내공원수":2,
            "3km이내혐오시설수":0,
            "초등학교학업성취도":89.99,
            "중학교학업성취도":76.6,
            "용적률":236,
            "건폐율":29,
            "Y":37.277416,
            "X":127.039969,
            "rank":29.0,
            "area_info":"17평(58.67), 24평(82.42), 32평(108.29), 49평(164.86)",
            "last_sales":"2022-02-09,19500.0,17평(58.67)",
            "rank_history":[
                [
                    "202203",
                    29
                ],
                [
                    "202202",
                    43
                ],
                [
                    "202201",
                    42
                ]
            ],
            "rank_gap":14
        },
        {
            "index":339,
            "아파트명":"홍암타워(도시형)",
            "투자타입":"일반",
            "전용면적(m2)":"21.31",
            "전용면적(평)":"6평",
            "법정동주소":"경기도 수원시 팔달구 인계동 1121-4",
            "도로명주소":"경기도 수원시 팔달구 권광로180번길 53-8",
            "세대수":0,
            "입주년차":100,
            "용적률점수":"--",
            "건폐율점수":"--",
            "세대당주차수":0,
            "난방방식":30,
            "공급면적":"--",
            "전용률":"--",
            "욕실수":50,
            "현관타입":100,
            "주거총점":38.0,
            "지역구공급총점":0.0,
            "역세권":80,
            "30분내 이동가능 거점":40,
            "1시간내 이동가능 거점":100,
            "교통총점":72.0,
            "백화점":0,
            "아울렛몰":100,
            "대형마트":100,
            "은행":100,
            "병원":100,
            "종합병원":100,
            "공원":100,
            "혐오시설":0,
            "인프라총점":68.0,
            "초등학군":89.99,
            "중학군":54.78,
            "학군총점":61.822,
            "인구수":20.19,
            "인구증감":21.17,
            "인구총점":20.484,
            "일자리":9.46,
            "소득수준":100.0,
            "일자리총점":36.622,
            "가치 총점":62.4733,
            "매매실거래년":"18000101",
            "매매실거래가":null,
            "전세실거래년":null,
            "전세실거래가":null,
            "전세가율":null,
            "장기전세가율평균":69.89,
            "전세가율거품지수":null,
            "검색코드":145409,
            "세대수":74.0,
            "준공년월":"2021-04-15",
            "준공년차":2.0,
            "가까운역이름":"수원시청",
            "가까운역거리":459.24,
            "역세권여부":"역세권",
            "30분이내주요거점역":2,
            "30분거점역이름":"['수원시청', '수원']",
            "1시간이내주요거점역":10,
            "1시간거점역이름":"['판교', '정자', '수원시청', '평촌', '가산디지털단지', '수원', '안산', '서현', 'GTX용인(2023년)', 'GTX동탄(2023년)']",
            "3km이내백화점수":0,
            "5km이내아울렛몰수":2,
            "1km이내대형먀트수":4,
            "500m이내은행수":13,
            "500m이내병원수":144,
            "5km이내대형병원수":4,
            "500m이내공원수":2,
            "3km이내혐오시설수":0,
            "초등학교학업성취도":89.99,
            "중학교학업성취도":89.5,
            "용적률":399,
            "건폐율":75,
            "Y":37.263394,
            "X":127.035706,
            "rank":30.0,
            "area_info":"6평(21.31), 6평(21.91), 7평(24.83), 11평(36.57), 10평(36.1)",
            "last_sales":"1800-01-01,nan,6평(21.31)",
            "rank_history":[
                [
                    "202203",
                    30
                ],
                [
                    "202202",
                    9999
                ]
            ],
            "rank_gap":9999
        },
        {
            "index":0,
            "아파트명":"루체스타(도시형)",
            "투자타입":"일반",
            "전용면적(m2)":"24.36",
            "전용면적(평)":"7평",
            "법정동주소":"경기도 수원시 팔달구 고등동 305-10",
            "도로명주소":"경기도 수원시 팔달구 갓매산로76번길 10",
            "세대수":0,
            "입주년차":100,
            "용적률점수":"--",
            "건폐율점수":"--",
            "세대당주차수":0,
            "난방방식":30,
            "공급면적":"--",
            "전용률":"--",
            "욕실수":50,
            "현관타입":100,
            "주거총점":38.0,
            "지역구공급총점":0.0,
            "역세권":50,
            "30분내 이동가능 거점":40,
            "1시간내 이동가능 거점":100,
            "교통총점":57.0,
            "백화점":100,
            "아울렛몰":100,
            "대형마트":100,
            "은행":70,
            "병원":80,
            "종합병원":100,
            "공원":80,
            "혐오시설":0,
            "인프라총점":92.4,
            "초등학군":89.96,
            "중학군":36.6,
            "학군총점":47.272,
            "인구수":20.19,
            "인구증감":21.17,
            "인구총점":20.484,
            "일자리":9.46,
            "소득수준":100.0,
            "일자리총점":36.622,
            "가치 총점":62.3608,
            "매매실거래년":"18000101",
            "매매실거래가":null,
            "전세실거래년":null,
            "전세실거래가":null,
            "전세가율":null,
            "장기전세가율평균":69.89,
            "전세가율거품지수":null,
            "검색코드":134723,
            "세대수":275.0,
            "준공년월":"2020-09-17",
            "준공년차":3.0,
            "가까운역이름":"수원",
            "가까운역거리":589.98,
            "역세권여부":"준역세권",
            "30분이내주요거점역":2,
            "30분거점역이름":"['수원시청', '수원']",
            "1시간이내주요거점역":14,
            "1시간거점역이름":"['판교', '여의도', '정자', '수원시청', '평촌', '가산디지털단지', '홍대입구', '수원', '구로디지털단지', '명동', '안산', '서현', 'GTX용인(2023년)', 'GTX동탄(2023년)']",
            "3km이내백화점수":2,
            "5km이내아울렛몰수":2,
            "1km이내대형먀트수":2,
            "500m이내은행수":3,
            "500m이내병원수":45,
            "5km이내대형병원수":5,
            "500m이내공원수":1,
            "3km이내혐오시설수":0,
            "초등학교학업성취도":89.96,
            "중학교학업성취도":61.0,
            "용적률":466,
            "건폐율":59,
            "Y":37.270534,
            "X":127.002748,
            "rank":31.0,
            "area_info":"7평(24.36), 11평(36.77)",
            "last_sales":"1800-01-01,nan,7평(24.36)",
            "rank_history":[
                [
                    "202203",
                    31
                ],
                [
                    "202202",
                    13
                ],
                [
                    "202201",
                    11
                ]
            ],
            "rank_gap":-18
        },
        {
            "index":20,
            "아파트명":"해창",
            "투자타입":"재건축",
            "전용면적(m2)":"61.46",
            "전용면적(평)":"18평",
            "법정동주소":"경기도 수원시 팔달구 고등동 94-1",
            "도로명주소":"경기도 수원시 팔달구 갓매산로86번길 40",
            "세대수":0,
            "입주년차":"--",
            "용적률점수":100,
            "건폐율점수":80,
            "세대당주차수":"--",
            "난방방식":"--",
            "공급면적":50,
            "전용률":80,
            "욕실수":"--",
            "현관타입":"--",
            "주거총점":62.5,
            "지역구공급총점":0.0,
            "역세권":50,
            "30분내 이동가능 거점":40,
            "1시간내 이동가능 거점":100,
            "교통총점":57.0,
            "백화점":100,
            "아울렛몰":100,
            "대형마트":0,
            "은행":70,
            "병원":60,
            "종합병원":100,
            "공원":100,
            "혐오시설":0,
            "인프라총점":76.0,
            "초등학군":89.96,
            "중학군":36.6,
            "학군총점":47.272,
            "인구수":20.19,
            "인구증감":21.17,
            "인구총점":20.484,
            "일자리":9.46,
            "소득수준":100.0,
            "일자리총점":36.622,
            "가치 총점":62.3408,
            "매매실거래년":20210729.0,
            "매매실거래가":60000.0,
            "전세실거래년":20220212.0,
            "전세실거래가":8000.0,
            "전세가율":13.33,
            "장기전세가율평균":69.89,
            "전세가율거품지수":56.56,
            "검색코드":1750,
            "세대수":190.0,
            "준공년월":"1979-05-02",
            "준공년차":44.0,
            "가까운역이름":"수원",
            "가까운역거리":713.65,
            "역세권여부":"준역세권",
            "30분이내주요거점역":2,
            "30분거점역이름":"['수원시청', '수원']",
            "1시간이내주요거점역":12,
            "1시간거점역이름":"['판교', '여의도', '을지로3가', '정자', '수원시청', '평촌', '가산디지털단지', '수원', '명동', '안산', '서현', 'GTX용인(2023년)']",
            "3km이내백화점수":2,
            "5km이내아울렛몰수":2,
            "1km이내대형먀트수":0,
            "500m이내은행수":3,
            "500m이내병원수":29,
            "5km이내대형병원수":5,
            "500m이내공원수":2,
            "3km이내혐오시설수":0,
            "초등학교학업성취도":89.96,
            "중학교학업성취도":61.0,
            "용적률":119,
            "건폐율":24,
            "Y":37.271868,
            "X":127.002199,
            "rank":32.0,
            "area_info":"18평(61.46), 18평(61.69), 18평(61.82), 22평(74.75), 22평(74.12), 22평(74.74), 22평(74.18), 26평(87.77), 26평(87.37), 26평(87.59), 26평(88.0)",
            "last_sales":"2021-07-29,60000.0,18평(61.46)",
            "rank_history":[
                [
                    "202203",
                    32
                ],
                [
                    "202202",
                    14
                ],
                [
                    "202201",
                    10
                ]
            ],
            "rank_gap":-18
        },
        {
            "index":94,
            "아파트명":"삼성",
            "투자타입":"일반",
            "전용면적(m2)":"81.3",
            "전용면적(평)":"24평",
            "법정동주소":"경기도 수원시 팔달구 우만동 76-7",
            "도로명주소":"경기도 수원시 팔달구 아주로 17",
            "세대수":0,
            "입주년차":0,
            "용적률점수":"--",
            "건폐율점수":"--",
            "세대당주차수":30,
            "난방방식":30,
            "공급면적":"--",
            "전용률":"--",
            "욕실수":50,
            "현관타입":10,
            "주거총점":13.5,
            "지역구공급총점":0.0,
            "역세권":80,
            "30분내 이동가능 거점":40,
            "1시간내 이동가능 거점":70,
            "교통총점":66.0,
            "백화점":100,
            "아울렛몰":100,
            "대형마트":80,
            "은행":70,
            "병원":100,
            "종합병원":100,
            "공원":100,
            "혐오시설":0,
            "인프라총점":92.0,
            "초등학군":89.99,
            "중학군":46.32,
            "학군총점":55.054,
            "인구수":20.19,
            "인구증감":21.17,
            "인구총점":20.484,
            "일자리":9.46,
            "소득수준":100.0,
            "일자리총점":36.622,
            "가치 총점":61.6581,
            "매매실거래년":20210318.0,
            "매매실거래가":34500.0,
            "전세실거래년":20211210.0,
            "전세실거래가":19400.0,
            "전세가율":56.23,
            "장기전세가율평균":69.89,
            "전세가율거품지수":13.66,
            "검색코드":1813,
            "세대수":173.0,
            "준공년월":"1995-12-26",
            "준공년차":28.0,
            "가까운역이름":"아주대삼거리 (2028년 예정)",
            "가까운역거리":208.8,
            "역세권여부":"역세권",
            "30분이내주요거점역":2,
            "30분거점역이름":"['수원시청', '수원']",
            "1시간이내주요거점역":7,
            "1시간거점역이름":"['판교', '정자', '수원시청', '평촌', '수원', 'GTX용인(2023년)', 'GTX동탄(2023년)']",
            "3km이내백화점수":1,
            "5km이내아울렛몰수":2,
            "1km이내대형먀트수":1,
            "500m이내은행수":3,
            "500m이내병원수":76,
            "5km이내대형병원수":4,
            "500m이내공원수":3,
            "3km이내혐오시설수":0,
            "초등학교학업성취도":89.99,
            "중학교학업성취도":76.6,
            "용적률":320,
            "건폐율":30,
            "Y":37.276614,
            "X":127.043294,
            "rank":33.0,
            "area_info":"24평(81.3), 32평(105.96)",
            "last_sales":"2021-03-18,34500.0,24평(81.3)",
            "rank_history":[
                [
                    "202203",
                    33
                ],
                [
                    "202202",
                    48
                ],
                [
                    "202201",
                    47
                ]
            ],
            "rank_gap":15
        },
        {
            "index":279,
            "아파트명":"엘리시아(도시형)",
            "투자타입":"일반",
            "전용면적(m2)":"50.94",
            "전용면적(평)":"15평",
            "법정동주소":"경기도 수원시 팔달구 인계동 1019-6",
            "도로명주소":"경기도 수원시 팔달구 경수대로466번길 33",
            "세대수":0,
            "입주년차":80,
            "용적률점수":"--",
            "건폐율점수":"--",
            "세대당주차수":0,
            "난방방식":30,
            "공급면적":"--",
            "전용률":"--",
            "욕실수":50,
            "현관타입":10,
            "주거총점":25.0,
            "지역구공급총점":0.0,
            "역세권":50,
            "30분내 이동가능 거점":40,
            "1시간내 이동가능 거점":90,
            "교통총점":55.0,
            "백화점":100,
            "아울렛몰":100,
            "대형마트":100,
            "은행":100,
            "병원":100,
            "종합병원":100,
            "공원":100,
            "혐오시설":0,
            "인프라총점":98.0,
            "초등학군":90.0,
            "중학군":42.18,
            "학군총점":51.744,
            "인구수":20.19,
            "인구증감":21.17,
            "인구총점":20.484,
            "일자리":9.46,
            "소득수준":100.0,
            "일자리총점":36.622,
            "가치 총점":61.4116,
            "매매실거래년":"18000101",
            "매매실거래가":null,
            "전세실거래년":null,
            "전세실거래가":null,
            "전세가율":null,
            "장기전세가율평균":69.89,
            "전세가율거품지수":null,
            "검색코드":119669,
            "세대수":104.0,
            "준공년월":"2018-01-12",
            "준공년차":5.0,
            "가까운역이름":"수원시청",
            "가까운역거리":625.95,
            "역세권여부":"준역세권",
            "30분이내주요거점역":2,
            "30분거점역이름":"['수원시청', '수원']",
            "1시간이내주요거점역":9,
            "1시간거점역이름":"['판교', '정자', '수원시청', '가산디지털단지', '수원', '안산', '서현', 'GTX용인(2023년)', 'GTX동탄(2023년)']",
            "3km이내백화점수":2,
            "5km이내아울렛몰수":2,
            "1km이내대형먀트수":3,
            "500m이내은행수":5,
            "500m이내병원수":79,
            "5km이내대형병원수":4,
            "500m이내공원수":4,
            "3km이내혐오시설수":0,
            "초등학교학업성취도":90.0,
            "중학교학업성취도":70.3,
            "용적률":373,
            "건폐율":61,
            "Y":37.267364,
            "X":127.029045,
            "rank":34.0,
            "area_info":"15평(50.94), 15평(51.64), 15평(52.82), 16평(53.65), 16평(54.15), 16평(56.1), 17평(58.41)",
            "last_sales":"1800-01-01,nan,15평(50.94)",
            "rank_history":[
                [
                    "202203",
                    34
                ],
                [
                    "202202",
                    17
                ],
                [
                    "202201",
                    14
                ]
            ],
            "rank_gap":-17
        },
        {
            "index":53,
            "아파트명":"매산",
            "투자타입":"재건축",
            "전용면적(m2)":"54.68",
            "전용면적(평)":"16평",
            "법정동주소":"경기도 수원시 팔달구 매산로1가 24",
            "도로명주소":"경기도 수원시 팔달구 갓매산로71번길 8",
            "세대수":0,
            "입주년차":"--",
            "용적률점수":0,
            "건폐율점수":0,
            "세대당주차수":"--",
            "난방방식":"--",
            "공급면적":50,
            "전용률":100,
            "욕실수":"--",
            "현관타입":"--",
            "주거총점":7.5,
            "지역구공급총점":0.0,
            "역세권":80,
            "30분내 이동가능 거점":40,
            "1시간내 이동가능 거점":100,
            "교통총점":72.0,
            "백화점":100,
            "아울렛몰":80,
            "대형마트":100,
            "은행":70,
            "병원":80,
            "종합병원":100,
            "공원":80,
            "혐오시설":0,
            "인프라총점":90.4,
            "초등학군":89.96,
            "중학군":36.6,
            "학군총점":47.272,
            "인구수":20.19,
            "인구증감":21.17,
            "인구총점":20.484,
            "일자리":9.46,
            "소득수준":100.0,
            "일자리총점":36.622,
            "가치 총점":60.9108,
            "매매실거래년":"18000101",
            "매매실거래가":null,
            "전세실거래년":null,
            "전세실거래가":null,
            "전세가율":null,
            "장기전세가율평균":69.89,
            "전세가율거품지수":null,
            "검색코드":113615,
            "세대수":94.0,
            "준공년월":"1977-10-19",
            "준공년차":46.0,
            "가까운역이름":"수원",
            "가까운역거리":488.95,
            "역세권여부":"역세권",
            "30분이내주요거점역":2,
            "30분거점역이름":"['수원시청', '수원']",
            "1시간이내주요거점역":14,
            "1시간거점역이름":"['판교', '여의도', '정자', '수원시청', '평촌', '가산디지털단지', '홍대입구', '수원', '구로디지털단지', '명동', '안산', '서현', 'GTX용인(2023년)', 'GTX동탄(2023년)']",
            "3km이내백화점수":2,
            "5km이내아울렛몰수":1,
            "1km이내대형먀트수":2,
            "500m이내은행수":4,
            "500m이내병원수":54,
            "5km이내대형병원수":5,
            "500m이내공원수":1,
            "3km이내혐오시설수":0,
            "초등학교학업성취도":89.96,
            "중학교학업성취도":61.0,
            "용적률":0,
            "건폐율":0,
            "Y":37.26975,
            "X":127.002148,
            "rank":35.0,
            "area_info":"16평(54.68), 16평(55.17), 26평(87.3)",
            "last_sales":"1800-01-01,nan,16평(54.68)",
            "rank_history":[
                [
                    "202203",
                    35
                ],
                [
                    "202202",
                    9999
                ]
            ],
            "rank_gap":9999
        },
        {
            "index":402,
            "아파트명":"수원화서역동문굿모닝힐",
            "투자타입":"일반",
            "전용면적(m2)":"109.87",
            "전용면적(평)":"33평",
            "법정동주소":"경기도 수원시 팔달구 화서동 761",
            "도로명주소":"경기도 수원시 팔달구 화양로67번길 10",
            "세대수":0,
            "입주년차":60,
            "용적률점수":"--",
            "건폐율점수":"--",
            "세대당주차수":30,
            "난방방식":100,
            "공급면적":"--",
            "전용률":"--",
            "욕실수":100,
            "현관타입":100,
            "주거총점":46.5,
            "지역구공급총점":0.0,
            "역세권":80,
            "30분내 이동가능 거점":40,
            "1시간내 이동가능 거점":70,
            "교통총점":66.0,
            "백화점":100,
            "아울렛몰":80,
            "대형마트":0,
            "은행":0,
            "병원":60,
            "종합병원":100,
            "공원":100,
            "혐오시설":0,
            "인프라총점":67.0,
            "초등학군":90.0,
            "중학군":46.68,
            "학군총점":55.344,
            "인구수":20.19,
            "인구증감":21.17,
            "인구총점":20.484,
            "일자리":9.46,
            "소득수준":100.0,
            "일자리총점":36.622,
            "가치 총점":60.8016,
            "매매실거래년":20211030.0,
            "매매실거래가":96000.0,
            "전세실거래년":20220207.0,
            "전세실거래가":33600.0,
            "전세가율":35.0,
            "장기전세가율평균":69.89,
            "전세가율거품지수":34.89,
            "검색코드":26431,
            "세대수":293.0,
            "준공년월":"2010-06-30",
            "준공년차":13.0,
            "가까운역이름":"화서",
            "가까운역거리":470.67,
            "역세권여부":"역세권",
            "30분이내주요거점역":2,
            "30분거점역이름":"['평촌', '수원']",
            "1시간이내주요거점역":7,
            "1시간거점역이름":"['수원시청', '평촌', '가산디지털단지', '홍대입구', '수원', '구로디지털단지', 'GTX용인(2023년)']",
            "3km이내백화점수":2,
            "5km이내아울렛몰수":1,
            "1km이내대형먀트수":0,
            "500m이내은행수":0,
            "500m이내병원수":19,
            "5km이내대형병원수":5,
            "500m이내공원수":6,
            "3km이내혐오시설수":0,
            "초등학교학업성취도":90.0,
            "중학교학업성취도":77.8,
            "용적률":223,
            "건폐율":13,
            "Y":37.28471,
            "X":126.994857,
            "rank":36.0,
            "area_info":"33평(109.87), 33평(110.34), 33평(110.21), 43평(143.19)",
            "last_sales":"2021-10-30,96000.0,33평(109.87)",
            "rank_history":[
                [
                    "202203",
                    36
                ],
                [
                    "202202",
                    20
                ],
                [
                    "202201",
                    16
                ]
            ],
            "rank_gap":-16
        },
        {
            "index":414,
            "아파트명":"한진,현대",
            "투자타입":"일반",
            "전용면적(m2)":"120.9",
            "전용면적(평)":"36평",
            "법정동주소":"경기도 수원시 팔달구 화서동 656",
            "도로명주소":"경기도 수원시 팔달구 덕영대로735번길 18",
            "세대수":50,
            "입주년차":0,
            "용적률점수":"--",
            "건폐율점수":"--",
            "세대당주차수":60,
            "난방방식":100,
            "공급면적":"--",
            "전용률":"--",
            "욕실수":100,
            "현관타입":100,
            "주거총점":56.5,
            "지역구공급총점":0.0,
            "역세권":80,
            "30분내 이동가능 거점":20,
            "1시간내 이동가능 거점":70,
            "교통총점":60.0,
            "백화점":100,
            "아울렛몰":80,
            "대형마트":0,
            "은행":0,
            "병원":60,
            "종합병원":100,
            "공원":100,
            "혐오시설":0,
            "인프라총점":67.0,
            "초등학군":90.0,
            "중학군":46.68,
            "학군총점":55.344,
            "인구수":20.19,
            "인구증감":21.17,
            "인구총점":20.484,
            "일자리":9.46,
            "소득수준":100.0,
            "일자리총점":36.622,
            "가치 총점":60.7016,
            "매매실거래년":20201225.0,
            "매매실거래가":59000.0,
            "전세실거래년":20220209.0,
            "전세실거래가":43000.0,
            "전세가율":75.11,
            "장기전세가율평균":69.89,
            "전세가율거품지수":-5.22,
            "검색코드":24738,
            "세대수":516.0,
            "준공년월":"1997-12-15",
            "준공년차":26.0,
            "가까운역이름":"화서",
            "가까운역거리":465.03,
            "역세권여부":"역세권",
            "30분이내주요거점역":1,
            "30분거점역이름":"['수원']",
            "1시간이내주요거점역":7,
            "1시간거점역이름":"['수원시청', '평촌', '가산디지털단지', '홍대입구', '수원', '구로디지털단지', 'GTX용인(2023년)']",
            "3km이내백화점수":2,
            "5km이내아울렛몰수":1,
            "1km이내대형먀트수":0,
            "500m이내은행수":0,
            "500m이내병원수":19,
            "5km이내대형병원수":5,
            "500m이내공원수":5,
            "3km이내혐오시설수":0,
            "초등학교학업성취도":90.0,
            "중학교학업성취도":77.8,
            "용적률":245,
            "건폐율":18,
            "Y":37.28172,
            "X":126.994017,
            "rank":37.0,
            "area_info":"36평(120.9), 42평(141.34), 49평(163.39)",
            "last_sales":"2020-12-25,59000.0,42평(141.34)",
            "rank_history":[
                [
                    "202203",
                    37
                ],
                [
                    "202202",
                    16
                ],
                [
                    "202201",
                    13
                ]
            ],
            "rank_gap":-21
        },
        {
            "index":135,
            "아파트명":"월드메르디앙",
            "투자타입":"일반",
            "전용면적(m2)":"105.55",
            "전용면적(평)":"31평",
            "법정동주소":"경기도 수원시 팔달구 우만동 600",
            "도로명주소":"경기도 수원시 팔달구 권광로 373",
            "세대수":100,
            "입주년차":40,
            "용적률점수":"--",
            "건폐율점수":"--",
            "세대당주차수":60,
            "난방방식":30,
            "공급면적":"--",
            "전용률":"--",
            "욕실수":100,
            "현관타입":100,
            "주거총점":75.0,
            "지역구공급총점":0.0,
            "역세권":50,
            "30분내 이동가능 거점":40,
            "1시간내 이동가능 거점":50,
            "교통총점":47.0,
            "백화점":100,
            "아울렛몰":100,
            "대형마트":0,
            "은행":0,
            "병원":60,
            "종합병원":100,
            "공원":80,
            "혐오시설":0,
            "인프라총점":68.4,
            "초등학군":89.98,
            "중학군":45.62,
            "학군총점":54.492,
            "인구수":20.19,
            "인구증감":21.17,
            "인구총점":20.484,
            "일자리":9.46,
            "소득수준":100.0,
            "일자리총점":36.622,
            "가치 총점":60.1438,
            "매매실거래년":20211210.0,
            "매매실거래가":95000.0,
            "전세실거래년":20220205.0,
            "전세실거래가":48000.0,
            "전세가율":73.85,
            "장기전세가율평균":69.89,
            "전세가율거품지수":-3.96,
            "검색코드":8177,
            "세대수":2063.0,
            "준공년월":"2004-06-14",
            "준공년차":19.0,
            "가까운역이름":"수원월드컵경기장 (2028년 예정)",
            "가까운역거리":980.33,
            "역세권여부":"준역세권",
            "30분이내주요거점역":2,
            "30분거점역이름":"['수원시청', '수원']",
            "1시간이내주요거점역":5,
            "1시간거점역이름":"['판교', '정자', '수원시청', '수원', 'GTX용인(2023년)']",
            "3km이내백화점수":1,
            "5km이내아울렛몰수":2,
            "1km이내대형먀트수":0,
            "500m이내은행수":1,
            "500m이내병원수":18,
            "5km이내대형병원수":4,
            "500m이내공원수":1,
            "3km이내혐오시설수":0,
            "초등학교학업성취도":89.98,
            "중학교학업성취도":75.5,
            "용적률":238,
            "건폐율":12,
            "Y":37.280883,
            "X":127.034128,
            "rank":38.0,
            "area_info":"31평(105.55), 34평(113.73), 35평(118.35), 39평(131.66), 47평(156.84), 57평(191.42), 69평(230.39)",
            "last_sales":"2021-12-10,95000.0,69평(230.39)",
            "rank_history":[
                [
                    "202203",
                    38
                ],
                [
                    "202202",
                    36
                ],
                [
                    "202201",
                    35
                ]
            ],
            "rank_gap":-2
        },
        {
            "index":375,
            "아파트명":"꽃뫼버들마을금강",
            "투자타입":"일반",
            "전용면적(m2)":"115.43",
            "전용면적(평)":"34평",
            "법정동주소":"경기도 수원시 팔달구 화서동 709",
            "도로명주소":"경기도 수원시 팔달구 정자천로32번길 27",
            "세대수":30,
            "입주년차":20,
            "용적률점수":"--",
            "건폐율점수":"--",
            "세대당주차수":30,
            "난방방식":100,
            "공급면적":"--",
            "전용률":"--",
            "욕실수":100,
            "현관타입":100,
            "주거총점":49.0,
            "지역구공급총점":0.0,
            "역세권":50,
            "30분내 이동가능 거점":20,
            "1시간내 이동가능 거점":80,
            "교통총점":47.0,
            "백화점":100,
            "아울렛몰":80,
            "대형마트":100,
            "은행":0,
            "병원":60,
            "종합병원":100,
            "공원":100,
            "혐오시설":0,
            "인프라총점":82.0,
            "초등학군":89.97,
            "중학군":53.7,
            "학군총점":60.954,
            "인구수":20.19,
            "인구증감":21.17,
            "인구총점":20.484,
            "일자리":9.46,
            "소득수준":100.0,
            "일자리총점":36.622,
            "가치 총점":59.9931,
            "매매실거래년":20211001.0,
            "매매실거래가":76000.0,
            "전세실거래년":20220218.0,
            "전세실거래가":31500.0,
            "전세가율":41.45,
            "장기전세가율평균":69.89,
            "전세가율거품지수":28.44,
            "검색코드":3639,
            "세대수":312.0,
            "준공년월":"2002-04-19",
            "준공년차":21.0,
            "가까운역이름":"화서",
            "가까운역거리":753.26,
            "역세권여부":"준역세권",
            "30분이내주요거점역":1,
            "30분거점역이름":"['수원']",
            "1시간이내주요거점역":8,
            "1시간거점역이름":"['강남', '역삼', '수원시청', '평촌', '가산디지털단지', '홍대입구', '수원', '구로디지털단지']",
            "3km이내백화점수":2,
            "5km이내아울렛몰수":1,
            "1km이내대형먀트수":2,
            "500m이내은행수":0,
            "500m이내병원수":19,
            "5km이내대형병원수":4,
            "500m이내공원수":8,
            "3km이내혐오시설수":0,
            "초등학교학업성취도":89.97,
            "중학교학업성취도":88.3,
            "용적률":219,
            "건폐율":13,
            "Y":37.288194,
            "X":126.982924,
            "rank":39.0,
            "area_info":"34평(115.43)",
            "last_sales":"2021-10-01,76000.0,34평(115.43)",
            "rank_history":[
                [
                    "202203",
                    39
                ],
                [
                    "202202",
                    24
                ],
                [
                    "202201",
                    21
                ]
            ],
            "rank_gap":-15
        },
        {
            "index":164,
            "아파트명":"현대",
            "투자타입":"재건축",
            "전용면적(m2)":"90.3",
            "전용면적(평)":"27평",
            "법정동주소":"경기도 수원시 팔달구 우만동 129-1",
            "도로명주소":"경기도 수원시 팔달구 권광로364번길 7-2",
            "세대수":50,
            "입주년차":"--",
            "용적률점수":100,
            "건폐율점수":80,
            "세대당주차수":"--",
            "난방방식":"--",
            "공급면적":70,
            "전용률":80,
            "욕실수":"--",
            "현관타입":"--",
            "주거총점":78.5,
            "지역구공급총점":0.0,
            "역세권":50,
            "30분내 이동가능 거점":0,
            "1시간내 이동가능 거점":80,
            "교통총점":41.0,
            "백화점":100,
            "아울렛몰":100,
            "대형마트":0,
            "은행":0,
            "병원":60,
            "종합병원":100,
            "공원":100,
            "혐오시설":0,
            "인프라총점":69.0,
            "초등학군":89.98,
            "중학군":45.62,
            "학군총점":54.492,
            "인구수":20.19,
            "인구증감":21.17,
            "인구총점":20.484,
            "일자리":9.46,
            "소득수준":100.0,
            "일자리총점":36.622,
            "가치 총점":58.9238,
            "매매실거래년":20211027.0,
            "매매실거래가":77000.0,
            "전세실거래년":20220106.0,
            "전세실거래가":12000.0,
            "전세가율":17.78,
            "장기전세가율평균":69.89,
            "전세가율거품지수":52.11,
            "검색코드":1822,
            "세대수":404.0,
            "준공년월":"1985-06-28",
            "준공년차":38.0,
            "가까운역이름":"아주대삼거리 (2028년 예정)",
            "가까운역거리":751.96,
            "역세권여부":"준역세권",
            "30분이내주요거점역":0,
            "30분거점역이름":"[]",
            "1시간이내주요거점역":8,
            "1시간거점역이름":"['판교', '양재', '정자', '수원시청', '수원', '서현', 'GTX성남(2023년)', 'GTX용인(2023년)']",
            "3km이내백화점수":1,
            "5km이내아울렛몰수":2,
            "1km이내대형먀트수":0,
            "500m이내은행수":1,
            "500m이내병원수":16,
            "5km이내대형병원수":4,
            "500m이내공원수":3,
            "3km이내혐오시설수":0,
            "초등학교학업성취도":89.98,
            "중학교학업성취도":75.5,
            "용적률":120,
            "건폐율":24,
            "Y":37.28022,
            "X":127.039098,
            "rank":40.0,
            "area_info":"27평(90.3), 31평(103.3), 44평(147.98)",
            "last_sales":"2021-10-27,77000.0,44평(147.98)",
            "rank_history":[
                [
                    "202203",
                    40
                ],
                [
                    "202202",
                    42
                ],
                [
                    "202201",
                    40
                ]
            ],
            "rank_gap":2
        },
        {
            "index":2,
            "아파트명":"수원역푸르지오자이",
            "투자타입":"일반",
            "전용면적(m2)":"81.53",
            "전용면적(평)":"24평",
            "법정동주소":"경기도 수원시 팔달구 고등동 수원고등주거환경개선사업지구에이-1블록",
            "도로명주소":"경기도 수원시 팔달구 고등로 15",
            "세대수":100,
            "입주년차":100,
            "용적률점수":"--",
            "건폐율점수":"--",
            "세대당주차수":30,
            "난방방식":100,
            "공급면적":"--",
            "전용률":"--",
            "욕실수":100,
            "현관타입":100,
            "주거총점":89.5,
            "지역구공급총점":0.0,
            "역세권":0,
            "30분내 이동가능 거점":60,
            "1시간내 이동가능 거점":90,
            "교통총점":36.0,
            "백화점":100,
            "아울렛몰":80,
            "대형마트":0,
            "은행":0,
            "병원":60,
            "종합병원":100,
            "공원":100,
            "혐오시설":0,
            "인프라총점":67.0,
            "초등학군":90.08,
            "중학군":46.68,
            "학군총점":55.36,
            "인구수":20.19,
            "인구증감":21.17,
            "인구총점":20.484,
            "일자리":9.46,
            "소득수준":100.0,
            "일자리총점":36.622,
            "가치 총점":58.904,
            "매매실거래년":20210526.0,
            "매매실거래가":96533.0,
            "전세실거래년":null,
            "전세실거래가":null,
            "전세가율":null,
            "장기전세가율평균":69.89,
            "전세가율거품지수":null,
            "검색코드":124237,
            "세대수":4086.0,
            "준공년월":"2021-02-01",
            "준공년차":2.0,
            "가까운역이름":"수원",
            "가까운역거리":1069.28,
            "역세권여부":"비역세권",
            "30분이내주요거점역":3,
            "30분거점역이름":"['수원시청', '평촌', '수원']",
            "1시간이내주요거점역":9,
            "1시간거점역이름":"['여의도', '을지로3가', '정자', '수원시청', '평촌', '가산디지털단지', '수원', '안산', 'GTX용인(2023년)']",
            "3km이내백화점수":2,
            "5km이내아울렛몰수":1,
            "1km이내대형먀트수":0,
            "500m이내은행수":0,
            "500m이내병원수":16,
            "5km이내대형병원수":5,
            "500m이내공원수":3,
            "3km이내혐오시설수":0,
            "초등학교학업성취도":90.08,
            "중학교학업성취도":77.8,
            "용적률":0,
            "건폐율":0,
            "Y":37.275286,
            "X":126.999436,
            "rank":41.0,
            "area_info":"24평(81.53), 24평(82.57), 24평(82.55), 30평(100.86), 30평(101.82), 30평(101.65), 34평(114.48), 34평(114.65), 34평(114.58), 34평(114.81)",
            "last_sales":"2021-05-26,96533.0,34평(114.81)",
            "rank_history":[
                [
                    "202203",
                    41
                ],
                [
                    "202202",
                    25
                ],
                [
                    "202201",
                    20
                ]
            ],
            "rank_gap":-16
        },
        {
            "index":102,
            "아파트명":"신미주",
            "투자타입":"재건축",
            "전용면적(m2)":"56.42",
            "전용면적(평)":"17평",
            "법정동주소":"경기도 수원시 팔달구 우만동 517",
            "도로명주소":"경기도 수원시 팔달구 월드컵로321번길 17",
            "세대수":0,
            "입주년차":"--",
            "용적률점수":60,
            "건폐율점수":60,
            "세대당주차수":"--",
            "난방방식":"--",
            "공급면적":50,
            "전용률":60,
            "욕실수":"--",
            "현관타입":"--",
            "주거총점":41.5,
            "지역구공급총점":0.0,
            "역세권":80,
            "30분내 이동가능 거점":20,
            "1시간내 이동가능 거점":80,
            "교통총점":62.0,
            "백화점":100,
            "아울렛몰":100,
            "대형마트":0,
            "은행":0,
            "병원":60,
            "종합병원":100,
            "공원":80,
            "혐오시설":0,
            "인프라총점":68.4,
            "초등학군":89.98,
            "중학군":45.62,
            "학군총점":54.492,
            "인구수":20.19,
            "인구증감":21.17,
            "인구총점":20.484,
            "일자리":9.46,
            "소득수준":100.0,
            "일자리총점":36.622,
            "가치 총점":58.6938,
            "매매실거래년":20211016.0,
            "매매실거래가":25800.0,
            "전세실거래년":20211101.0,
            "전세실거래가":10500.0,
            "전세가율":40.7,
            "장기전세가율평균":69.89,
            "전세가율거품지수":29.19,
            "검색코드":1820,
            "세대수":144.0,
            "준공년월":"1989-12-28",
            "준공년차":34.0,
            "가까운역이름":"수원월드컵경기장 (2028년 예정)",
            "가까운역거리":416.61,
            "역세권여부":"역세권",
            "30분이내주요거점역":1,
            "30분거점역이름":"['수원']",
            "1시간이내주요거점역":8,
            "1시간거점역이름":"['판교', '을지로3가', '정자', '수원시청', '수원', '구로디지털단지', '명동', 'GTX용인(2023년)']",
            "3km이내백화점수":1,
            "5km이내아울렛몰수":2,
            "1km이내대형먀트수":0,
            "500m이내은행수":0,
            "500m이내병원수":15,
            "5km이내대형병원수":4,
            "500m이내공원수":1,
            "3km이내혐오시설수":0,
            "초등학교학업성취도":89.98,
            "중학교학업성취도":75.5,
            "용적률":198,
            "건폐율":33,
            "Y":37.285922,
            "X":127.033342,
            "rank":42.0,
            "area_info":"17평(56.42), 23평(77.13)",
            "last_sales":"2021-10-16,25800.0,17평(56.42)",
            "rank_history":[
                [
                    "202203",
                    42
                ],
                [
                    "202202",
                    67
                ],
                [
                    "202201",
                    66
                ]
            ],
            "rank_gap":25
        },
        {
            "index":381,
            "아파트명":"꽃뫼양지마을현대",
            "투자타입":"일반",
            "전용면적(m2)":"117.51",
            "전용면적(평)":"35평",
            "법정동주소":"경기도 수원시 팔달구 화서동 700",
            "도로명주소":"경기도 수원시 팔달구 화산로17번길 6",
            "세대수":0,
            "입주년차":20,
            "용적률점수":"--",
            "건폐율점수":"--",
            "세대당주차수":60,
            "난방방식":100,
            "공급면적":"--",
            "전용률":"--",
            "욕실수":100,
            "현관타입":100,
            "주거총점":43.0,
            "지역구공급총점":0.0,
            "역세권":50,
            "30분내 이동가능 거점":20,
            "1시간내 이동가능 거점":90,
            "교통총점":49.0,
            "백화점":100,
            "아울렛몰":80,
            "대형마트":80,
            "은행":0,
            "병원":60,
            "종합병원":100,
            "공원":100,
            "혐오시설":0,
            "인프라총점":79.0,
            "초등학군":89.97,
            "중학군":52.06,
            "학군총점":59.642,
            "인구수":20.19,
            "인구증감":21.17,
            "인구총점":20.484,
            "일자리":9.46,
            "소득수준":100.0,
            "일자리총점":36.622,
            "가치 총점":58.3963,
            "매매실거래년":20211220.0,
            "매매실거래가":72000.0,
            "전세실거래년":20220217.0,
            "전세실거래가":42000.0,
            "전세가율":58.33,
            "장기전세가율평균":69.89,
            "전세가율거품지수":11.56,
            "검색코드":3644,
            "세대수":260.0,
            "준공년월":"2002-07-12",
            "준공년차":21.0,
            "가까운역이름":"화서",
            "가까운역거리":520.2,
            "역세권여부":"준역세권",
            "30분이내주요거점역":1,
            "30분거점역이름":"['수원']",
            "1시간이내주요거점역":9,
            "1시간거점역이름":"['여의도', '수원시청', '평촌', '가산디지털단지', '홍대입구', '수원', '구로디지털단지', '안산', 'GTX용인(2023년)']",
            "3km이내백화점수":2,
            "5km이내아울렛몰수":1,
            "1km이내대형먀트수":1,
            "500m이내은행수":0,
            "500m이내병원수":15,
            "5km이내대형병원수":4,
            "500m이내공원수":8,
            "3km이내혐오시설수":0,
            "초등학교학업성취도":89.97,
            "중학교학업성취도":86.3,
            "용적률":187,
            "건폐율":13,
            "Y":37.287178,
            "X":126.985295,
            "rank":43.0,
            "area_info":"35평(117.51), 45평(149.0)",
            "last_sales":"2021-12-20,72000.0,35평(117.51)",
            "rank_history":[
                [
                    "202203",
                    43
                ],
                [
                    "202202",
                    21
                ],
                [
                    "202201",
                    27
                ]
            ],
            "rank_gap":-22
        },
        {
            "index":224,
            "아파트명":"선경3차",
            "투자타입":"일반",
            "전용면적(m2)":"81.86",
            "전용면적(평)":"24평",
            "법정동주소":"경기도 수원시 팔달구 인계동 159",
            "도로명주소":"경기도 수원시 팔달구 권광로317번길 15",
            "세대수":50,
            "입주년차":0,
            "용적률점수":"--",
            "건폐율점수":"--",
            "세대당주차수":30,
            "난방방식":30,
            "공급면적":"--",
            "전용률":"--",
            "욕실수":50,
            "현관타입":10,
            "주거총점":31.0,
            "지역구공급총점":0.0,
            "역세권":50,
            "30분내 이동가능 거점":40,
            "1시간내 이동가능 거점":60,
            "교통총점":49.0,
            "백화점":100,
            "아울렛몰":100,
            "대형마트":80,
            "은행":70,
            "병원":60,
            "종합병원":100,
            "공원":100,
            "혐오시설":0,
            "인프라총점":88.0,
            "초등학군":89.99,
            "중학군":45.62,
            "학군총점":54.494,
            "인구수":20.19,
            "인구증감":21.17,
            "인구총점":20.484,
            "일자리":9.46,
            "소득수준":100.0,
            "일자리총점":36.622,
            "가치 총점":57.9241,
            "매매실거래년":20211021.0,
            "매매실거래가":46500.0,
            "전세실거래년":20220214.0,
            "전세실거래가":28500.0,
            "전세가율":61.29,
            "장기전세가율평균":69.89,
            "전세가율거품지수":8.6,
            "검색코드":2494,
            "세대수":604.0,
            "준공년월":"1996-04-30",
            "준공년차":27.0,
            "가까운역이름":"아주대삼거리 (2028년 예정)",
            "가까운역거리":772.43,
            "역세권여부":"준역세권",
            "30분이내주요거점역":2,
            "30분거점역이름":"['수원시청', '수원']",
            "1시간이내주요거점역":6,
            "1시간거점역이름":"['판교', '정자', '수원시청', '평촌', '수원', 'GTX용인(2023년)']",
            "3km이내백화점수":1,
            "5km이내아울렛몰수":2,
            "1km이내대형먀트수":1,
            "500m이내은행수":4,
            "500m이내병원수":20,
            "5km이내대형병원수":4,
            "500m이내공원수":2,
            "3km이내혐오시설수":0,
            "초등학교학업성취도":89.99,
            "중학교학업성취도":75.5,
            "용적률":279,
            "건폐율":19,
            "Y":37.2754,
            "X":127.035788,
            "rank":44.0,
            "area_info":"24평(81.86), 32평(108.35), 49평(163.28)",
            "last_sales":"2021-10-21,46500.0,24평(81.86)",
            "rank_history":[
                [
                    "202203",
                    44
                ],
                [
                    "202202",
                    46
                ],
                [
                    "202201",
                    44
                ]
            ],
            "rank_gap":2
        },
        {
            "index":373,
            "아파트명":"꽃뫼노을마을풍림",
            "투자타입":"일반",
            "전용면적(m2)":"80.86",
            "전용면적(평)":"24평",
            "법정동주소":"경기도 수원시 팔달구 화서동 674-1",
            "도로명주소":"경기도 수원시 팔달구 수성로157번길 75",
            "세대수":0,
            "입주년차":20,
            "용적률점수":"--",
            "건폐율점수":"--",
            "세대당주차수":30,
            "난방방식":100,
            "공급면적":"--",
            "전용률":"--",
            "욕실수":100,
            "현관타입":100,
            "주거총점":38.5,
            "지역구공급총점":0.0,
            "역세권":50,
            "30분내 이동가능 거점":20,
            "1시간내 이동가능 거점":90,
            "교통총점":49.0,
            "백화점":100,
            "아울렛몰":80,
            "대형마트":100,
            "은행":0,
            "병원":30,
            "종합병원":100,
            "공원":100,
            "혐오시설":0,
            "인프라총점":79.0,
            "초등학군":90.46,
            "중학군":53.7,
            "학군총점":61.052,
            "인구수":20.19,
            "인구증감":21.17,
            "인구총점":20.484,
            "일자리":9.46,
            "소득수준":100.0,
            "일자리총점":36.622,
            "가치 총점":57.7078,
            "매매실거래년":20211222.0,
            "매매실거래가":55000.0,
            "전세실거래년":20220209.0,
            "전세실거래가":28000.0,
            "전세가율":50.91,
            "장기전세가율평균":69.89,
            "전세가율거품지수":18.98,
            "검색코드":8087,
            "세대수":275.0,
            "준공년월":"1999-09-17",
            "준공년차":24.0,
            "가까운역이름":"화서",
            "가까운역거리":562.0,
            "역세권여부":"준역세권",
            "30분이내주요거점역":1,
            "30분거점역이름":"['수원']",
            "1시간이내주요거점역":9,
            "1시간거점역이름":"['여의도', '수원시청', '평촌', '가산디지털단지', '홍대입구', '수원', '구로디지털단지', '안산', 'GTX용인(2023년)']",
            "3km이내백화점수":2,
            "5km이내아울렛몰수":1,
            "1km이내대형먀트수":2,
            "500m이내은행수":0,
            "500m이내병원수":8,
            "5km이내대형병원수":4,
            "500m이내공원수":6,
            "3km이내혐오시설수":0,
            "초등학교학업성취도":90.46,
            "중학교학업성취도":88.3,
            "용적률":229,
            "건폐율":20,
            "Y":37.288821,
            "X":126.987698,
            "rank":45.0,
            "area_info":"24평(80.86)",
            "last_sales":"2021-12-22,55000.0,24평(80.86)",
            "rank_history":[
                [
                    "202203",
                    45
                ],
                [
                    "202202",
                    29
                ],
                [
                    "202201",
                    29
                ]
            ],
            "rank_gap":-16
        },
        {
            "index":378,
            "아파트명":"꽃뫼버들마을코오롱",
            "투자타입":"일반",
            "전용면적(m2)":"115.98",
            "전용면적(평)":"35평",
            "법정동주소":"경기도 수원시 팔달구 화서동 730",
            "도로명주소":"경기도 수원시 팔달구 일월로18번길 4-26",
            "세대수":50,
            "입주년차":20,
            "용적률점수":"--",
            "건폐율점수":"--",
            "세대당주차수":30,
            "난방방식":100,
            "공급면적":"--",
            "전용률":"--",
            "욕실수":100,
            "현관타입":100,
            "주거총점":56.0,
            "지역구공급총점":0.0,
            "역세권":50,
            "30분내 이동가능 거점":20,
            "1시간내 이동가능 거점":40,
            "교통총점":39.0,
            "백화점":100,
            "아울렛몰":80,
            "대형마트":80,
            "은행":0,
            "병원":60,
            "종합병원":100,
            "공원":100,
            "혐오시설":0,
            "인프라총점":79.0,
            "초등학군":89.97,
            "중학군":52.06,
            "학군총점":59.642,
            "인구수":20.19,
            "인구증감":21.17,
            "인구총점":20.484,
            "일자리":9.46,
            "소득수준":100.0,
            "일자리총점":36.622,
            "가치 총점":57.4963,
            "매매실거래년":20211023.0,
            "매매실거래가":81000.0,
            "전세실거래년":20220129.0,
            "전세실거래가":42000.0,
            "전세가율":51.85,
            "장기전세가율평균":69.89,
            "전세가율거품지수":18.04,
            "검색코드":3643,
            "세대수":538.0,
            "준공년월":"2002-03-11",
            "준공년차":21.0,
            "가까운역이름":"화서",
            "가까운역거리":670.8,
            "역세권여부":"준역세권",
            "30분이내주요거점역":1,
            "30분거점역이름":"['수원']",
            "1시간이내주요거점역":4,
            "1시간거점역이름":"['수원시청', '평촌', '가산디지털단지', '수원']",
            "3km이내백화점수":2,
            "5km이내아울렛몰수":1,
            "1km이내대형먀트수":1,
            "500m이내은행수":0,
            "500m이내병원수":15,
            "5km이내대형병원수":4,
            "500m이내공원수":5,
            "3km이내혐오시설수":0,
            "초등학교학업성취도":89.97,
            "중학교학업성취도":86.3,
            "용적률":219,
            "건폐율":14,
            "Y":37.284826,
            "X":126.982101,
            "rank":46.0,
            "area_info":"35평(115.98)",
            "last_sales":"2021-10-23,81000.0,35평(115.98)",
            "rank_history":[
                [
                    "202203",
                    46
                ],
                [
                    "202202",
                    23
                ],
                [
                    "202201",
                    28
                ]
            ],
            "rank_gap":-23
        },
        {
            "index":96,
            "아파트명":"삼익세라믹",
            "투자타입":"재건축",
            "전용면적(m2)":"61.45",
            "전용면적(평)":"18평",
            "법정동주소":"경기도 수원시 팔달구 우만동 494",
            "도로명주소":"경기도 수원시 팔달구 경수대로680번길 50",
            "세대수":0,
            "입주년차":"--",
            "용적률점수":60,
            "건폐율점수":40,
            "세대당주차수":"--",
            "난방방식":"--",
            "공급면적":50,
            "전용률":60,
            "욕실수":"--",
            "현관타입":"--",
            "주거총점":37.5,
            "지역구공급총점":0.0,
            "역세권":80,
            "30분내 이동가능 거점":40,
            "1시간내 이동가능 거점":40,
            "교통총점":60.0,
            "백화점":100,
            "아울렛몰":100,
            "대형마트":0,
            "은행":0,
            "병원":60,
            "종합병원":100,
            "공원":100,
            "혐오시설":0,
            "인프라총점":69.0,
            "초등학군":89.97,
            "중학군":45.62,
            "학군총점":54.49,
            "인구수":20.19,
            "인구증감":21.17,
            "인구총점":20.484,
            "일자리":9.46,
            "소득수준":100.0,
            "일자리총점":36.622,
            "가치 총점":57.3735,
            "매매실거래년":20210923.0,
            "매매실거래가":32500.0,
            "전세실거래년":20210420.0,
            "전세실거래가":12500.0,
            "전세가율":51.02,
            "장기전세가율평균":69.89,
            "전세가율거품지수":18.87,
            "검색코드":1814,
            "세대수":110.0,
            "준공년월":"1989-10-26",
            "준공년차":34.0,
            "가까운역이름":"수원월드컵경기장 (2028년 예정)",
            "가까운역거리":363.23,
            "역세권여부":"역세권",
            "30분이내주요거점역":2,
            "30분거점역이름":"['수원시청', '수원']",
            "1시간이내주요거점역":4,
            "1시간거점역이름":"['판교', '정자', '수원시청', '수원']",
            "3km이내백화점수":1,
            "5km이내아울렛몰수":2,
            "1km이내대형먀트수":0,
            "500m이내은행수":1,
            "500m이내병원수":14,
            "5km이내대형병원수":4,
            "500m이내공원수":3,
            "3km이내혐오시설수":0,
            "초등학교학업성취도":89.97,
            "중학교학업성취도":75.5,
            "용적률":186,
            "건폐율":37,
            "Y":37.2868,
            "X":127.03022,
            "rank":47.0,
            "area_info":"18평(61.45), 22평(74.98)",
            "last_sales":"2021-09-23,32500.0,22평(74.98)",
            "rank_history":[
                [
                    "202203",
                    47
                ],
                [
                    "202202",
                    73
                ],
                [
                    "202201",
                    72
                ]
            ],
            "rank_gap":26
        },
        {
            "index":300,
            "아파트명":"인계파밀리에",
            "투자타입":"일반",
            "전용면적(m2)":"81.69",
            "전용면적(평)":"24평",
            "법정동주소":"경기도 수원시 팔달구 인계동 865-10",
            "도로명주소":"경기도 수원시 팔달구 세지로 211",
            "세대수":50,
            "입주년차":60,
            "용적률점수":"--",
            "건폐율점수":"--",
            "세대당주차수":30,
            "난방방식":30,
            "공급면적":"--",
            "전용률":"--",
            "욕실수":100,
            "현관타입":100,
            "주거총점":57.0,
            "지역구공급총점":0.0,
            "역세권":50,
            "30분내 이동가능 거점":40,
            "1시간내 이동가능 거점":80,
            "교통총점":53.0,
            "백화점":100,
            "아울렛몰":100,
            "대형마트":0,
            "은행":0,
            "병원":30,
            "종합병원":100,
            "공원":80,
            "혐오시설":0,
            "인프라총점":65.4,
            "초등학군":90.0,
            "중학군":42.18,
            "학군총점":51.744,
            "인구수":20.19,
            "인구증감":21.17,
            "인구총점":20.484,
            "일자리":9.46,
            "소득수준":100.0,
            "일자리총점":36.622,
            "가치 총점":57.3316,
            "매매실거래년":20220108.0,
            "매매실거래가":69000.0,
            "전세실거래년":20220111.0,
            "전세실거래가":35000.0,
            "전세가율":59.83,
            "장기전세가율평균":69.89,
            "전세가율거품지수":10.06,
            "검색코드":26276,
            "세대수":431.0,
            "준공년월":"2009-06-04",
            "준공년차":14.0,
            "가까운역이름":"매교",
            "가까운역거리":823.23,
            "역세권여부":"준역세권",
            "30분이내주요거점역":2,
            "30분거점역이름":"['수원시청', '수원']",
            "1시간이내주요거점역":8,
            "1시간거점역이름":"['정자', '수원시청', '평촌', '가산디지털단지', '수원', '안산', '서현', 'GTX용인(2023년)']",
            "3km이내백화점수":2,
            "5km이내아울렛몰수":2,
            "1km이내대형먀트수":0,
            "500m이내은행수":0,
            "500m이내병원수":8,
            "5km이내대형병원수":4,
            "500m이내공원수":1,
            "3km이내혐오시설수":0,
            "초등학교학업성취도":90.0,
            "중학교학업성취도":70.3,
            "용적률":249,
            "건폐율":17,
            "Y":37.270374,
            "X":127.02292,
            "rank":48.0,
            "area_info":"24평(81.69), 33평(109.12), 33평(109.31), 33평(111.28), 43평(143.18), 43평(144.4)",
            "last_sales":"2022-01-08,69000.0,43평(143.18)",
            "rank_history":[
                [
                    "202203",
                    48
                ],
                [
                    "202202",
                    27
                ],
                [
                    "202201",
                    23
                ]
            ],
            "rank_gap":-21
        },
        {
            "index":104,
            "아파트명":"신성미소지움",
            "투자타입":"일반",
            "전용면적(m2)":"116.14",
            "전용면적(평)":"35평",
            "법정동주소":"경기도 수원시 팔달구 우만동 138",
            "도로명주소":"경기도 수원시 팔달구 중부대로 193",
            "세대수":0,
            "입주년차":20,
            "용적률점수":"--",
            "건폐율점수":"--",
            "세대당주차수":30,
            "난방방식":30,
            "공급면적":"--",
            "전용률":"--",
            "욕실수":100,
            "현관타입":100,
            "주거총점":31.5,
            "지역구공급총점":0.0,
            "역세권":50,
            "30분내 이동가능 거점":40,
            "1시간내 이동가능 거점":70,
            "교통총점":51.0,
            "백화점":100,
            "아울렛몰":100,
            "대형마트":80,
            "은행":20,
            "병원":60,
            "종합병원":100,
            "공원":80,
            "혐오시설":0,
            "인프라총점":82.4,
            "초등학군":89.98,
            "중학군":45.62,
            "학군총점":54.492,
            "인구수":20.19,
            "인구증감":21.17,
            "인구총점":20.484,
            "일자리":9.46,
            "소득수준":100.0,
            "일자리총점":36.622,
            "가치 총점":57.0438,
            "매매실거래년":20211130.0,
            "매매실거래가":59000.0,
            "전세실거래년":20211122.0,
            "전세실거래가":45000.0,
            "전세가율":76.27,
            "장기전세가율평균":69.89,
            "전세가율거품지수":-6.38,
            "검색코드":10171,
            "세대수":272.0,
            "준공년월":"2002-12-18",
            "준공년차":21.0,
            "가까운역이름":"아주대삼거리 (2028년 예정)",
            "가까운역거리":682.42,
            "역세권여부":"준역세권",
            "30분이내주요거점역":2,
            "30분거점역이름":"['수원시청', '수원']",
            "1시간이내주요거점역":7,
            "1시간거점역이름":"['판교', '정자', '수원시청', '평촌', '가산디지털단지', '수원', 'GTX용인(2023년)']",
            "3km이내백화점수":1,
            "5km이내아울렛몰수":2,
            "1km이내대형먀트수":1,
            "500m이내은행수":2,
            "500m이내병원수":25,
            "5km이내대형병원수":4,
            "500m이내공원수":1,
            "3km이내혐오시설수":0,
            "초등학교학업성취도":89.98,
            "중학교학업성취도":75.5,
            "용적률":293,
            "건폐율":16,
            "Y":37.27752,
            "X":127.03747,
            "rank":49.0,
            "area_info":"35평(116.14), 46평(152.8)",
            "last_sales":"2021-11-30,59000.0,35평(116.14)",
            "rank_history":[
                [
                    "202203",
                    49
                ],
                [
                    "202202",
                    44
                ],
                [
                    "202201",
                    43
                ]
            ],
            "rank_gap":-5
        },
        {
            "index":12,
            "아파트명":"엘리시아(도시형)",
            "투자타입":"일반",
            "전용면적(m2)":"42.1",
            "전용면적(평)":"12평",
            "법정동주소":"경기도 수원시 팔달구 고등동 116",
            "도로명주소":"경기도 수원시 팔달구 고매로 1",
            "세대수":0,
            "입주년차":100,
            "용적률점수":"--",
            "건폐율점수":"--",
            "세대당주차수":0,
            "난방방식":30,
            "공급면적":"--",
            "전용률":"--",
            "욕실수":50,
            "현관타입":10,
            "주거총점":29.0,
            "지역구공급총점":0.0,
            "역세권":50,
            "30분내 이동가능 거점":40,
            "1시간내 이동가능 거점":100,
            "교통총점":57.0,
            "백화점":100,
            "아울렛몰":100,
            "대형마트":0,
            "은행":70,
            "병원":80,
            "종합병원":100,
            "공원":80,
            "혐오시설":0,
            "인프라총점":77.4,
            "초등학군":90.02,
            "중학군":42.18,
            "학군총점":51.748,
            "인구수":20.19,
            "인구증감":21.17,
            "인구총점":20.484,
            "일자리":9.46,
            "소득수준":100.0,
            "일자리총점":36.622,
            "가치 총점":56.7322,
            "매매실거래년":20200624.0,
            "매매실거래가":22000.0,
            "전세실거래년":20210223.0,
            "전세실거래가":14000.0,
            "전세가율":77.35,
            "장기전세가율평균":69.89,
            "전세가율거품지수":-7.46,
            "검색코드":129013,
            "세대수":126.0,
            "준공년월":"2020-07-08",
            "준공년차":3.0,
            "가까운역이름":"수원",
            "가까운역거리":596.85,
            "역세권여부":"준역세권",
            "30분이내주요거점역":2,
            "30분거점역이름":"['수원시청', '수원']",
            "1시간이내주요거점역":13,
            "1시간거점역이름":"['판교', '여의도', '정자', '수원시청', '평촌', '가산디지털단지', '홍대입구', '수원', '명동', '안산', '서현', 'GTX용인(2023년)', 'GTX동탄(2023년)']",
            "3km이내백화점수":2,
            "5km이내아울렛몰수":2,
            "1km이내대형먀트수":0,
            "500m이내은행수":3,
            "500m이내병원수":56,
            "5km이내대형병원수":5,
            "500m이내공원수":1,
            "3km이내혐오시설수":0,
            "초등학교학업성취도":90.02,
            "중학교학업성취도":70.3,
            "용적률":498,
            "건폐율":69,
            "Y":37.269947,
            "X":127.004145,
            "rank":50.0,
            "area_info":"12평(42.1), 14평(46.57), 15평(51.87), 16평(53.62), 17평(59.07), 20평(68.11), 23평(78.15), 24평(81.89)",
            "last_sales":"2020-06-24,22000.0,24평(81.89)",
            "rank_history":[
                [
                    "202203",
                    50
                ],
                [
                    "202202",
                    26
                ],
                [
                    "202201",
                    22
                ]
            ],
            "rank_gap":-24
        },
        {
            "index":245,
            "아파트명":"수원인계푸르지오",
            "투자타입":"일반",
            "전용면적(m2)":"113.41",
            "전용면적(평)":"34평",
            "법정동주소":"경기도 수원시 팔달구 인계동 1169",
            "도로명주소":"경기도 수원시 팔달구 중부대로170번길 17",
            "세대수":0,
            "입주년차":60,
            "용적률점수":"--",
            "건폐율점수":"--",
            "세대당주차수":30,
            "난방방식":30,
            "공급면적":"--",
            "전용률":"--",
            "욕실수":100,
            "현관타입":100,
            "주거총점":39.5,
            "지역구공급총점":0.0,
            "역세권":50,
            "30분내 이동가능 거점":40,
            "1시간내 이동가능 거점":70,
            "교통총점":51.0,
            "백화점":100,
            "아울렛몰":100,
            "대형마트":0,
            "은행":70,
            "병원":60,
            "종합병원":100,
            "공원":80,
            "혐오시설":0,
            "인프라총점":75.4,
            "초등학군":89.98,
            "중학군":45.62,
            "학군총점":54.492,
            "인구수":20.19,
            "인구증감":21.17,
            "인구총점":20.484,
            "일자리":9.46,
            "소득수준":100.0,
            "일자리총점":36.622,
            "가치 총점":56.5438,
            "매매실거래년":20210928.0,
            "매매실거래가":63000.0,
            "전세실거래년":20211115.0,
            "전세실거래가":50000.0,
            "전세가율":79.37,
            "장기전세가율평균":69.89,
            "전세가율거품지수":-9.48,
            "검색코드":102511,
            "세대수":190.0,
            "준공년월":"2012-12-18",
            "준공년차":11.0,
            "가까운역이름":"아주대삼거리 (2028년 예정)",
            "가까운역거리":826.54,
            "역세권여부":"준역세권",
            "30분이내주요거점역":2,
            "30분거점역이름":"['수원시청', '수원']",
            "1시간이내주요거점역":7,
            "1시간거점역이름":"['판교', '정자', '수원시청', '평촌', '가산디지털단지', '수원', 'GTX용인(2023년)']",
            "3km이내백화점수":1,
            "5km이내아울렛몰수":2,
            "1km이내대형먀트수":0,
            "500m이내은행수":4,
            "500m이내병원수":22,
            "5km이내대형병원수":4,
            "500m이내공원수":1,
            "3km이내혐오시설수":0,
            "초등학교학업성취도":89.98,
            "중학교학업성취도":75.5,
            "용적률":395,
            "건폐율":42,
            "Y":37.277037,
            "X":127.035519,
            "rank":51.0,
            "area_info":"34평(113.41)",
            "last_sales":"2021-09-28,63000.0,34평(113.41)",
            "rank_history":[
                [
                    "202203",
                    51
                ],
                [
                    "202202",
                    52
                ],
                [
                    "202201",
                    51
                ]
            ],
            "rank_gap":1
        },
        {
            "index":251,
            "아파트명":"신반포(한신)",
            "투자타입":"재건축",
            "전용면적(m2)":"58.87",
            "전용면적(평)":"17평",
            "법정동주소":"경기도 수원시 팔달구 인계동 319-6",
            "도로명주소":"경기도 수원시 팔달구 장다리로306번길 13",
            "세대수":90,
            "입주년차":"--",
            "용적률점수":60,
            "건폐율점수":100,
            "세대당주차수":"--",
            "난방방식":"--",
            "공급면적":50,
            "전용률":60,
            "욕실수":"--",
            "현관타입":"--",
            "주거총점":76.5,
            "지역구공급총점":0.0,
            "역세권":0,
            "30분내 이동가능 거점":20,
            "1시간내 이동가능 거점":50,
            "교통총점":16.0,
            "백화점":100,
            "아울렛몰":100,
            "대형마트":100,
            "은행":70,
            "병원":60,
            "종합병원":100,
            "공원":100,
            "혐오시설":0,
            "인프라총점":91.0,
            "초등학군":90.0,
            "중학군":45.62,
            "학군총점":54.496,
            "인구수":20.19,
            "인구증감":21.17,
            "인구총점":20.484,
            "일자리":9.46,
            "소득수준":100.0,
            "일자리총점":36.622,
            "가치 총점":56.3744,
            "매매실거래년":20220209.0,
            "매매실거래가":17995.0,
            "전세실거래년":20220216.0,
            "전세실거래가":7000.0,
            "전세가율":38.9,
            "장기전세가율평균":69.89,
            "전세가율거품지수":30.99,
            "검색코드":1835,
            "세대수":1185.0,
            "준공년월":"1980-12-02",
            "준공년차":43.0,
            "가까운역이름":"아주대삼거리 (2028년 예정)",
            "가까운역거리":1075.9,
            "역세권여부":"비역세권",
            "30분이내주요거점역":1,
            "30분거점역이름":"['수원시청']",
            "1시간이내주요거점역":5,
            "1시간거점역이름":"['판교', '정자', '수원시청', '수원', 'GTX용인(2023년)']",
            "3km이내백화점수":2,
            "5km이내아울렛몰수":2,
            "1km이내대형먀트수":2,
            "500m이내은행수":3,
            "500m이내병원수":25,
            "5km이내대형병원수":4,
            "500m이내공원수":2,
            "3km이내혐오시설수":0,
            "초등학교학업성취도":90.0,
            "중학교학업성취도":75.5,
            "용적률":181,
            "건폐율":15,
            "Y":37.274489,
            "X":127.032361,
            "rank":52.0,
            "area_info":"17평(58.87), 17평(58.94), 17평(59.44), 20평(68.64), 20평(68.65), 21평(70.69), 21평(70.71), 21평(72.24), 21평(72.26), 21평(72.22), 22평(73.15), 26평(88.7), 26평(88.69), 26평(88.89), 26평(88.9), 35평(117.79)",
            "last_sales":"2022-02-09,17995.0,17평(58.87)",
            "rank_history":[
                [
                    "202203",
                    52
                ],
                [
                    "202202",
                    28
                ],
                [
                    "202201",
                    25
                ]
            ],
            "rank_gap":-24
        },
        {
            "index":51,
            "아파트명":"연향예스빌",
            "투자타입":"일반",
            "전용면적(m2)":"83.45",
            "전용면적(평)":"25평",
            "법정동주소":"경기도 수원시 팔달구 매교동 142-1",
            "도로명주소":"경기도 수원시 팔달구 정조로 687",
            "세대수":0,
            "입주년차":40,
            "용적률점수":"--",
            "건폐율점수":"--",
            "세대당주차수":0,
            "난방방식":30,
            "공급면적":"--",
            "전용률":"--",
            "욕실수":100,
            "현관타입":10,
            "주거총점":22.0,
            "지역구공급총점":0.0,
            "역세권":80,
            "30분내 이동가능 거점":40,
            "1시간내 이동가능 거점":100,
            "교통총점":72.0,
            "백화점":100,
            "아울렛몰":100,
            "대형마트":0,
            "은행":0,
            "병원":30,
            "종합병원":100,
            "공원":0,
            "혐오시설":0,
            "인프라총점":63.0,
            "초등학군":90.02,
            "중학군":42.18,
            "학군총점":51.748,
            "인구수":20.19,
            "인구증감":21.17,
            "인구총점":20.484,
            "일자리":9.46,
            "소득수준":100.0,
            "일자리총점":36.622,
            "가치 총점":56.2622,
            "매매실거래년":20210708.0,
            "매매실거래가":29500.0,
            "전세실거래년":20210729.0,
            "전세실거래가":18000.0,
            "전세가율":61.02,
            "장기전세가율평균":69.89,
            "전세가율거품지수":8.87,
            "검색코드":11238,
            "세대수":112.0,
            "준공년월":"2004-04-20",
            "준공년차":19.0,
            "가까운역이름":"매교",
            "가까운역거리":491.19,
            "역세권여부":"역세권",
            "30분이내주요거점역":2,
            "30분거점역이름":"['수원시청', '수원']",
            "1시간이내주요거점역":11,
            "1시간거점역이름":"['판교', '여의도', '정자', '수원시청', '평촌', '가산디지털단지', '수원', '안산', '서현', 'GTX용인(2023년)', 'GTX동탄(2023년)']",
            "3km이내백화점수":2,
            "5km이내아울렛몰수":2,
            "1km이내대형먀트수":0,
            "500m이내은행수":0,
            "500m이내병원수":6,
            "5km이내대형병원수":5,
            "500m이내공원수":0,
            "3km이내혐오시설수":0,
            "초등학교학업성취도":90.02,
            "중학교학업성취도":70.3,
            "용적률":487,
            "건폐율":35,
            "Y":37.26979,
            "X":127.0173,
            "rank":53.0,
            "area_info":"25평(83.45), 25평(83.2)",
            "last_sales":"2021-07-08,29500.0,25평(83.45)",
            "rank_history":[
                [
                    "202203",
                    53
                ],
                [
                    "202202",
                    38
                ],
                [
                    "202201",
                    38
                ]
            ],
            "rank_gap":-15
        },
        {
            "index":269,
            "아파트명":"아미힐(도시형)",
            "투자타입":"일반",
            "전용면적(m2)":"24.0",
            "전용면적(평)":"7평",
            "법정동주소":"경기도 수원시 팔달구 인계동 373-2",
            "도로명주소":"경기도 수원시 팔달구 권광로276번길 33-25",
            "세대수":0,
            "입주년차":100,
            "용적률점수":"--",
            "건폐율점수":"--",
            "세대당주차수":0,
            "난방방식":30,
            "공급면적":"--",
            "전용률":"--",
            "욕실수":50,
            "현관타입":100,
            "주거총점":38.0,
            "지역구공급총점":0.0,
            "역세권":50,
            "30분내 이동가능 거점":20,
            "1시간내 이동가능 거점":60,
            "교통총점":43.0,
            "백화점":100,
            "아울렛몰":100,
            "대형마트":100,
            "은행":0,
            "병원":60,
            "종합병원":100,
            "공원":100,
            "혐오시설":0,
            "인프라총점":84.0,
            "초등학군":89.97,
            "중학군":46.94,
            "학군총점":55.546,
            "인구수":20.19,
            "인구증감":21.17,
            "인구총점":20.484,
            "일자리":9.46,
            "소득수준":100.0,
            "일자리총점":36.622,
            "가치 총점":56.1819,
            "매매실거래년":20201126.0,
            "매매실거래가":11260.0,
            "전세실거래년":20210518.0,
            "전세실거래가":7000.0,
            "전세가율":76.92,
            "장기전세가율평균":69.89,
            "전세가율거품지수":-7.03,
            "검색코드":122797,
            "세대수":129.0,
            "준공년월":"2019-01-21",
            "준공년차":4.0,
            "가까운역이름":"아주대삼거리 (2028년 예정)",
            "가까운역거리":711.59,
            "역세권여부":"준역세권",
            "30분이내주요거점역":1,
            "30분거점역이름":"['수원시청']",
            "1시간이내주요거점역":6,
            "1시간거점역이름":"['판교', '정자', '수원시청', '평촌', '수원', 'GTX용인(2023년)']",
            "3km이내백화점수":1,
            "5km이내아울렛몰수":2,
            "1km이내대형먀트수":3,
            "500m이내은행수":1,
            "500m이내병원수":21,
            "5km이내대형병원수":4,
            "500m이내공원수":3,
            "3km이내혐오시설수":0,
            "초등학교학업성취도":89.97,
            "중학교학업성취도":77.5,
            "용적률":228,
            "건폐율":37,
            "Y":37.27299,
            "X":127.036869,
            "rank":54.0,
            "area_info":"7평(24.0), 8평(29.23), 8평(29.12), 9평(31.83), 10평(35.33), 11평(38.09), 11평(38.02), 13평(43.11), 13평(44.85), 17평(58.59)",
            "last_sales":"2020-11-26,11260.0,11평(38.02)",
            "rank_history":[
                [
                    "202203",
                    54
                ],
                [
                    "202202",
                    57
                ],
                [
                    "202201",
                    54
                ]
            ],
            "rank_gap":3
        },
        {
            "index":219,
            "아파트명":"선경1차",
            "투자타입":"일반",
            "전용면적(m2)":"81.48",
            "전용면적(평)":"24평",
            "법정동주소":"경기도 수원시 팔달구 인계동 163",
            "도로명주소":"경기도 수원시 팔달구 권광로317번길 12",
            "세대수":30,
            "입주년차":0,
            "용적률점수":"--",
            "건폐율점수":"--",
            "세대당주차수":0,
            "난방방식":30,
            "공급면적":"--",
            "전용률":"--",
            "욕실수":50,
            "현관타입":10,
            "주거총점":19.5,
            "지역구공급총점":0.0,
            "역세권":50,
            "30분내 이동가능 거점":40,
            "1시간내 이동가능 거점":70,
            "교통총점":51.0,
            "백화점":100,
            "아울렛몰":100,
            "대형마트":80,
            "은행":70,
            "병원":60,
            "종합병원":100,
            "공원":80,
            "혐오시설":0,
            "인프라총점":87.4,
            "초등학군":89.98,
            "중학군":45.62,
            "학군총점":54.492,
            "인구수":20.19,
            "인구증감":21.17,
            "인구총점":20.484,
            "일자리":9.46,
            "소득수준":100.0,
            "일자리총점":36.622,
            "가치 총점":56.1438,
            "매매실거래년":20220204.0,
            "매매실거래가":58000.0,
            "전세실거래년":20220207.0,
            "전세실거래가":25000.0,
            "전세가율":56.82,
            "장기전세가율평균":69.89,
            "전세가율거품지수":13.07,
            "검색코드":1833,
            "세대수":360.0,
            "준공년월":"1993-06-28",
            "준공년차":30.0,
            "가까운역이름":"아주대삼거리 (2028년 예정)",
            "가까운역거리":711.14,
            "역세권여부":"준역세권",
            "30분이내주요거점역":2,
            "30분거점역이름":"['수원시청', '수원']",
            "1시간이내주요거점역":7,
            "1시간거점역이름":"['판교', '정자', '수원시청', '평촌', '가산디지털단지', '수원', 'GTX용인(2023년)']",
            "3km이내백화점수":1,
            "5km이내아울렛몰수":2,
            "1km이내대형먀트수":1,
            "500m이내은행수":3,
            "500m이내병원수":25,
            "5km이내대형병원수":4,
            "500m이내공원수":1,
            "3km이내혐오시설수":0,
            "초등학교학업성취도":89.98,
            "중학교학업성취도":75.5,
            "용적률":259,
            "건폐율":19,
            "Y":37.276172,
            "X":127.036602,
            "rank":55.0,
            "area_info":"24평(81.48), 32평(107.95), 48평(161.71)",
            "last_sales":"2022-02-04,58000.0,48평(161.71)",
            "rank_history":[
                [
                    "202203",
                    55
                ],
                [
                    "202202",
                    50
                ],
                [
                    "202201",
                    49
                ]
            ],
            "rank_gap":-5
        },
        {
            "index":70,
            "아파트명":"KCC파크타운",
            "투자타입":"일반",
            "전용면적(m2)":"58.81",
            "전용면적(평)":"17평",
            "법정동주소":"경기도 수원시 팔달구 매산로3가 32-1",
            "도로명주소":"경기도 수원시 팔달구 매산로 75",
            "세대수":0,
            "입주년차":40,
            "용적률점수":"--",
            "건폐율점수":"--",
            "세대당주차수":0,
            "난방방식":30,
            "공급면적":"--",
            "전용률":"--",
            "욕실수":50,
            "현관타입":50,
            "주거총점":21.0,
            "지역구공급총점":0.0,
            "역세권":50,
            "30분내 이동가능 거점":60,
            "1시간내 이동가능 거점":100,
            "교통총점":63.0,
            "백화점":100,
            "아울렛몰":100,
            "대형마트":0,
            "은행":20,
            "병원":60,
            "종합병원":100,
            "공원":100,
            "혐오시설":0,
            "인프라총점":71.0,
            "초등학군":90.02,
            "중학군":42.18,
            "학군총점":51.748,
            "인구수":20.19,
            "인구증감":21.17,
            "인구총점":20.484,
            "일자리":9.46,
            "소득수준":100.0,
            "일자리총점":36.622,
            "가치 총점":55.3122,
            "매매실거래년":20210319.0,
            "매매실거래가":29000.0,
            "전세실거래년":20200423.0,
            "전세실거래가":14500.0,
            "전세가율":72.14,
            "장기전세가율평균":69.89,
            "전세가율거품지수":-2.25,
            "검색코드":14531,
            "세대수":143.0,
            "준공년월":"2005-07-29",
            "준공년차":18.0,
            "가까운역이름":"매교",
            "가까운역거리":775.02,
            "역세권여부":"준역세권",
            "30분이내주요거점역":3,
            "30분거점역이름":"['수원시청', '평촌', '수원']",
            "1시간이내주요거점역":11,
            "1시간거점역이름":"['판교', '여의도', '을지로3가', '정자', '수원시청', '평촌', '가산디지털단지', '수원', '안산', '서현', 'GTX용인(2023년)']",
            "3km이내백화점수":2,
            "5km이내아울렛몰수":2,
            "1km이내대형먀트수":0,
            "500m이내은행수":2,
            "500m이내병원수":14,
            "5km이내대형병원수":5,
            "500m이내공원수":2,
            "3km이내혐오시설수":0,
            "초등학교학업성취도":90.02,
            "중학교학업성취도":70.3,
            "용적률":609,
            "건폐율":55,
            "Y":37.269953,
            "X":127.009147,
            "rank":56.0,
            "area_info":"17평(58.81), 28평(95.59), 30평(100.58), 30평(101.41), 30평(101.46), 30평(102.46)",
            "last_sales":"2021-03-19,29000.0,30평(101.46)",
            "rank_history":[
                [
                    "202203",
                    56
                ],
                [
                    "202202",
                    31
                ],
                [
                    "202201",
                    30
                ]
            ],
            "rank_gap":-25
        },
        {
            "index":46,
            "아파트명":"문화맨션",
            "투자타입":"재건축",
            "전용면적(m2)":"89.26",
            "전용면적(평)":"27평",
            "법정동주소":"경기도 수원시 팔달구 매교동 158-6",
            "도로명주소":"경기도 수원시 팔달구 정조로 659",
            "세대수":0,
            "입주년차":"--",
            "용적률점수":0,
            "건폐율점수":0,
            "세대당주차수":"--",
            "난방방식":"--",
            "공급면적":70,
            "전용률":60,
            "욕실수":"--",
            "현관타입":"--",
            "주거총점":6.5,
            "지역구공급총점":0.0,
            "역세권":80,
            "30분내 이동가능 거점":60,
            "1시간내 이동가능 거점":100,
            "교통총점":78.0,
            "백화점":100,
            "아울렛몰":100,
            "대형마트":0,
            "은행":0,
            "병원":30,
            "종합병원":100,
            "공원":0,
            "혐오시설":0,
            "인프라총점":63.0,
            "초등학군":89.97,
            "중학군":42.18,
            "학군총점":51.738,
            "인구수":20.19,
            "인구증감":21.17,
            "인구총점":20.484,
            "일자리":9.46,
            "소득수준":100.0,
            "일자리총점":36.622,
            "가치 총점":55.2607,
            "매매실거래년":20220108.0,
            "매매실거래가":32000.0,
            "전세실거래년":20211201.0,
            "전세실거래가":20000.0,
            "전세가율":62.5,
            "장기전세가율평균":69.89,
            "전세가율거품지수":7.39,
            "검색코드":2685,
            "세대수":175.0,
            "준공년월":"1979-05-30",
            "준공년차":44.0,
            "가까운역이름":"매교",
            "가까운역거리":224.11,
            "역세권여부":"역세권",
            "30분이내주요거점역":3,
            "30분거점역이름":"['수원시청', '수원', 'GTX용인(2023년)']",
            "1시간이내주요거점역":13,
            "1시간거점역이름":"['판교', '여의도', '정자', '수원시청', '평촌', '가산디지털단지', '수원', '구로디지털단지', '안산', '서현', 'GTX성남(2023년)', 'GTX용인(2023년)', 'GTX동탄(2023년)']",
            "3km이내백화점수":2,
            "5km이내아울렛몰수":2,
            "1km이내대형먀트수":0,
            "500m이내은행수":0,
            "500m이내병원수":5,
            "5km이내대형병원수":5,
            "500m이내공원수":0,
            "3km이내혐오시설수":0,
            "초등학교학업성취도":89.97,
            "중학교학업성취도":70.3,
            "용적률":0,
            "건폐율":0,
            "Y":37.26753,
            "X":127.01597,
            "rank":57.0,
            "area_info":"27평(89.26), 26평(89.25), 29평(99.17), 34평(112.4), 38평(125.62)",
            "last_sales":"2022-01-08,32000.0,27평(89.26)",
            "rank_history":[
                [
                    "202203",
                    57
                ],
                [
                    "202202",
                    32
                ],
                [
                    "202201",
                    32
                ]
            ],
            "rank_gap":-25
        },
        {
            "index":88,
            "아파트명":"동수원신도브래뉴",
            "투자타입":"일반",
            "전용면적(m2)":"111.05",
            "전용면적(평)":"33평",
            "법정동주소":"경기도 수원시 팔달구 우만동 606",
            "도로명주소":"경기도 수원시 팔달구 중부대로183번길 27",
            "세대수":0,
            "입주년차":40,
            "용적률점수":"--",
            "건폐율점수":"--",
            "세대당주차수":30,
            "난방방식":30,
            "공급면적":"--",
            "전용률":"--",
            "욕실수":100,
            "현관타입":100,
            "주거총점":35.5,
            "지역구공급총점":0.0,
            "역세권":50,
            "30분내 이동가능 거점":40,
            "1시간내 이동가능 거점":70,
            "교통총점":51.0,
            "백화점":100,
            "아울렛몰":100,
            "대형마트":0,
            "은행":20,
            "병원":60,
            "종합병원":100,
            "공원":100,
            "혐오시설":0,
            "인프라총점":71.0,
            "초등학군":89.98,
            "중학군":45.62,
            "학군총점":54.492,
            "인구수":20.19,
            "인구증감":21.17,
            "인구총점":20.484,
            "일자리":9.46,
            "소득수준":100.0,
            "일자리총점":36.622,
            "가치 총점":54.4238,
            "매매실거래년":20211219.0,
            "매매실거래가":45700.0,
            "전세실거래년":20211216.0,
            "전세실거래가":30400.0,
            "전세가율":66.52,
            "장기전세가율평균":69.89,
            "전세가율거품지수":3.37,
            "검색코드":22283,
            "세대수":200.0,
            "준공년월":"2007-08-21",
            "준공년차":16.0,
            "가까운역이름":"아주대삼거리 (2028년 예정)",
            "가까운역거리":817.31,
            "역세권여부":"준역세권",
            "30분이내주요거점역":2,
            "30분거점역이름":"['수원시청', '수원']",
            "1시간이내주요거점역":7,
            "1시간거점역이름":"['판교', '정자', '수원시청', '평촌', '가산디지털단지', '수원', 'GTX용인(2023년)']",
            "3km이내백화점수":1,
            "5km이내아울렛몰수":2,
            "1km이내대형먀트수":0,
            "500m이내은행수":2,
            "500m이내병원수":23,
            "5km이내대형병원수":4,
            "500m이내공원수":2,
            "3km이내혐오시설수":0,
            "초등학교학업성취도":89.98,
            "중학교학업성취도":75.5,
            "용적률":226,
            "건폐율":21,
            "Y":37.278613,
            "X":127.036458,
            "rank":58.0,
            "area_info":"33평(111.05), 33평(112.11)",
            "last_sales":"2021-12-19,45700.0,33평(111.05)",
            "rank_history":[
                [
                    "202203",
                    58
                ],
                [
                    "202202",
                    61
                ],
                [
                    "202201",
                    59
                ]
            ],
            "rank_gap":3
        },
        {
            "index":222,
            "아파트명":"선경2차",
            "투자타입":"일반",
            "전용면적(m2)":"81.81",
            "전용면적(평)":"24평",
            "법정동주소":"경기도 수원시 팔달구 인계동 158-30",
            "도로명주소":"경기도 수원시 팔달구 권광로 318",
            "세대수":0,
            "입주년차":0,
            "용적률점수":"--",
            "건폐율점수":"--",
            "세대당주차수":0,
            "난방방식":30,
            "공급면적":"--",
            "전용률":"--",
            "욕실수":50,
            "현관타입":10,
            "주거총점":9.0,
            "지역구공급총점":0.0,
            "역세권":50,
            "30분내 이동가능 거점":40,
            "1시간내 이동가능 거점":60,
            "교통총점":49.0,
            "백화점":100,
            "아울렛몰":100,
            "대형마트":80,
            "은행":70,
            "병원":80,
            "종합병원":100,
            "공원":80,
            "혐오시설":0,
            "인프라총점":89.4,
            "초등학군":89.99,
            "중학군":46.32,
            "학군총점":55.054,
            "인구수":20.19,
            "인구증감":21.17,
            "인구총점":20.484,
            "일자리":9.46,
            "소득수준":100.0,
            "일자리총점":36.622,
            "가치 총점":54.0281,
            "매매실거래년":20211028.0,
            "매매실거래가":39500.0,
            "전세실거래년":20210924.0,
            "전세실거래가":26000.0,
            "전세가율":65.82,
            "장기전세가율평균":69.89,
            "전세가율거품지수":4.07,
            "검색코드":10317,
            "세대수":90.0,
            "준공년월":"1994-09-03",
            "준공년차":29.0,
            "가까운역이름":"아주대삼거리 (2028년 예정)",
            "가까운역거리":601.24,
            "역세권여부":"준역세권",
            "30분이내주요거점역":2,
            "30분거점역이름":"['수원시청', '수원']",
            "1시간이내주요거점역":6,
            "1시간거점역이름":"['판교', '정자', '수원시청', '평촌', '수원', 'GTX용인(2023년)']",
            "3km이내백화점수":1,
            "5km이내아울렛몰수":2,
            "1km이내대형먀트수":1,
            "500m이내은행수":4,
            "500m이내병원수":54,
            "5km이내대형병원수":4,
            "500m이내공원수":1,
            "3km이내혐오시설수":0,
            "초등학교학업성취도":89.99,
            "중학교학업성취도":76.6,
            "용적률":179,
            "건폐율":21,
            "Y":37.275289,
            "X":127.037718,
            "rank":59.0,
            "area_info":"24평(81.81), 31평(105.57)",
            "last_sales":"2021-10-28,39500.0,24평(81.81)",
            "rank_history":[
                [
                    "202203",
                    59
                ],
                [
                    "202202",
                    9999
                ]
            ],
            "rank_gap":9999
        },
        {
            "index":374,
            "아파트명":"꽃뫼버들마을LG",
            "투자타입":"일반",
            "전용면적(m2)":"116.69",
            "전용면적(평)":"35평",
            "법정동주소":"경기도 수원시 팔달구 화서동 713",
            "도로명주소":"경기도 수원시 팔달구 정자천로32번길 20",
            "세대수":50,
            "입주년차":20,
            "용적률점수":"--",
            "건폐율점수":"--",
            "세대당주차수":30,
            "난방방식":100,
            "공급면적":"--",
            "전용률":"--",
            "욕실수":100,
            "현관타입":100,
            "주거총점":56.0,
            "지역구공급총점":0.0,
            "역세권":50,
            "30분내 이동가능 거점":40,
            "1시간내 이동가능 거점":70,
            "교통총점":51.0,
            "백화점":0,
            "아울렛몰":80,
            "대형마트":100,
            "은행":0,
            "병원":60,
            "종합병원":100,
            "공원":100,
            "혐오시설":0,
            "인프라총점":52.0,
            "초등학군":89.97,
            "중학군":53.7,
            "학군총점":60.954,
            "인구수":20.19,
            "인구증감":21.17,
            "인구총점":20.484,
            "일자리":9.46,
            "소득수준":100.0,
            "일자리총점":36.622,
            "가치 총점":53.7931,
            "매매실거래년":20210929.0,
            "매매실거래가":67500.0,
            "전세실거래년":20220115.0,
            "전세실거래가":40000.0,
            "전세가율":59.26,
            "장기전세가율평균":69.89,
            "전세가율거품지수":10.63,
            "검색코드":7978,
            "세대수":665.0,
            "준공년월":"2001-05-12",
            "준공년차":22.0,
            "가까운역이름":"화서",
            "가까운역거리":928.36,
            "역세권여부":"준역세권",
            "30분이내주요거점역":2,
            "30분거점역이름":"['평촌', '수원']",
            "1시간이내주요거점역":7,
            "1시간거점역이름":"['강남', '수원시청', '평촌', '가산디지털단지', '홍대입구', '수원', '구로디지털단지']",
            "3km이내백화점수":0,
            "5km이내아울렛몰수":1,
            "1km이내대형먀트수":2,
            "500m이내은행수":0,
            "500m이내병원수":19,
            "5km이내대형병원수":4,
            "500m이내공원수":6,
            "3km이내혐오시설수":0,
            "초등학교학업성취도":89.97,
            "중학교학업성취도":88.3,
            "용적률":219,
            "건폐율":22,
            "Y":37.288065,
            "X":126.980445,
            "rank":60.0,
            "area_info":"35평(116.69)",
            "last_sales":"2021-09-29,67500.0,35평(116.69)",
            "rank_history":[
                [
                    "202203",
                    60
                ],
                [
                    "202202",
                    41
                ],
                [
                    "202201",
                    41
                ]
            ],
            "rank_gap":-19
        },
        {
            "index":44,
            "아파트명":"건영캐스빌",
            "투자타입":"일반",
            "전용면적(m2)":"84.05",
            "전용면적(평)":"25평",
            "법정동주소":"경기도 수원시 팔달구 매교동 25-4",
            "도로명주소":"경기도 수원시 팔달구 매산로130번길 15",
            "세대수":0,
            "입주년차":20,
            "용적률점수":"--",
            "건폐율점수":"--",
            "세대당주차수":60,
            "난방방식":30,
            "공급면적":"--",
            "전용률":"--",
            "욕실수":100,
            "현관타입":10,
            "주거총점":27.0,
            "지역구공급총점":0.0,
            "역세권":50,
            "30분내 이동가능 거점":40,
            "1시간내 이동가능 거점":100,
            "교통총점":57.0,
            "백화점":100,
            "아울렛몰":100,
            "대형마트":0,
            "은행":0,
            "병원":60,
            "종합병원":100,
            "공원":80,
            "혐오시설":0,
            "인프라총점":68.4,
            "초등학군":90.02,
            "중학군":42.18,
            "학군총점":51.748,
            "인구수":20.19,
            "인구증감":21.17,
            "인구총점":20.484,
            "일자리":9.46,
            "소득수준":100.0,
            "일자리총점":36.622,
            "가치 총점":53.6322,
            "매매실거래년":20211022.0,
            "매매실거래가":35000.0,
            "전세실거래년":20160704.0,
            "전세실거래가":12000.0,
            "전세가율":58.54,
            "장기전세가율평균":69.89,
            "전세가율거품지수":11.35,
            "검색코드":9601,
            "세대수":129.0,
            "준공년월":"2001-04-19",
            "준공년차":22.0,
            "가까운역이름":"매교",
            "가까운역거리":660.08,
            "역세권여부":"준역세권",
            "30분이내주요거점역":2,
            "30분거점역이름":"['수원시청', '수원']",
            "1시간이내주요거점역":10,
            "1시간거점역이름":"['판교', '정자', '수원시청', '평촌', '가산디지털단지', '수원', '안산', '서현', 'GTX용인(2023년)', 'GTX동탄(2023년)']",
            "3km이내백화점수":2,
            "5km이내아울렛몰수":2,
            "1km이내대형먀트수":0,
            "500m이내은행수":1,
            "500m이내병원수":12,
            "5km이내대형병원수":5,
            "500m이내공원수":1,
            "3km이내혐오시설수":0,
            "초등학교학업성취도":90.02,
            "중학교학업성취도":70.3,
            "용적률":332,
            "건폐율":55,
            "Y":37.271438,
            "X":127.015397,
            "rank":61.0,
            "area_info":"25평(84.05), 34평(115.08)",
            "last_sales":"2021-10-22,35000.0,34평(115.08)",
            "rank_history":[
                [
                    "202203",
                    61
                ],
                [
                    "202202",
                    30
                ],
                [
                    "202201",
                    31
                ]
            ],
            "rank_gap":-31
        },
        {
            "index":209,
            "아파트명":"삼성",
            "투자타입":"일반",
            "전용면적(m2)":"79.25",
            "전용면적(평)":"23평",
            "법정동주소":"경기도 수원시 팔달구 인계동 371-1",
            "도로명주소":"경기도 수원시 팔달구 권광로276번길 9",
            "세대수":50,
            "입주년차":0,
            "용적률점수":"--",
            "건폐율점수":"--",
            "세대당주차수":0,
            "난방방식":30,
            "공급면적":"--",
            "전용률":"--",
            "욕실수":50,
            "현관타입":100,
            "주거총점":35.5,
            "지역구공급총점":0.0,
            "역세권":50,
            "30분내 이동가능 거점":20,
            "1시간내 이동가능 거점":40,
            "교통총점":39.0,
            "백화점":100,
            "아울렛몰":100,
            "대형마트":100,
            "은행":0,
            "병원":30,
            "종합병원":100,
            "공원":100,
            "혐오시설":0,
            "인프라총점":81.0,
            "초등학군":89.97,
            "중학군":46.94,
            "학군총점":55.546,
            "인구수":20.19,
            "인구증감":21.17,
            "인구총점":20.484,
            "일자리":9.46,
            "소득수준":100.0,
            "일자리총점":36.622,
            "가치 총점":53.3819,
            "매매실거래년":20220107.0,
            "매매실거래가":42200.0,
            "전세실거래년":20220224.0,
            "전세실거래가":25000.0,
            "전세가율":59.24,
            "장기전세가율평균":69.89,
            "전세가율거품지수":10.65,
            "검색코드":1832,
            "세대수":582.0,
            "준공년월":"1996-04-30",
            "준공년차":27.0,
            "가까운역이름":"아주대삼거리 (2028년 예정)",
            "가까운역거리":803.33,
            "역세권여부":"준역세권",
            "30분이내주요거점역":1,
            "30분거점역이름":"['수원시청']",
            "1시간이내주요거점역":4,
            "1시간거점역이름":"['판교', '수원시청', '수원', 'GTX용인(2023년)']",
            "3km이내백화점수":1,
            "5km이내아울렛몰수":2,
            "1km이내대형먀트수":3,
            "500m이내은행수":1,
            "500m이내병원수":9,
            "5km이내대형병원수":4,
            "500m이내공원수":4,
            "3km이내혐오시설수":0,
            "초등학교학업성취도":89.97,
            "중학교학업성취도":77.5,
            "용적률":333,
            "건폐율":25,
            "Y":37.271674,
            "X":127.036445,
            "rank":62.0,
            "area_info":"23평(79.25), 33평(112.34)",
            "last_sales":"2022-01-07,42200.0,23평(79.25)",
            "rank_history":[
                [
                    "202203",
                    62
                ],
                [
                    "202202",
                    59
                ],
                [
                    "202201",
                    60
                ]
            ],
            "rank_gap":-3
        },
        {
            "index":31,
            "아파트명":"풍림아이원",
            "투자타입":"일반",
            "전용면적(m2)":"56.0",
            "전용면적(평)":"16평",
            "법정동주소":"경기도 수원시 팔달구 교동 185-7",
            "도로명주소":"경기도 수원시 팔달구 매산로104번길 10",
            "세대수":0,
            "입주년차":40,
            "용적률점수":"--",
            "건폐율점수":"--",
            "세대당주차수":30,
            "난방방식":30,
            "공급면적":"--",
            "전용률":"--",
            "욕실수":50,
            "현관타입":10,
            "주거총점":21.5,
            "지역구공급총점":0.0,
            "역세권":50,
            "30분내 이동가능 거점":40,
            "1시간내 이동가능 거점":100,
            "교통총점":57.0,
            "백화점":100,
            "아울렛몰":100,
            "대형마트":0,
            "은행":0,
            "병원":30,
            "종합병원":100,
            "공원":100,
            "혐오시설":0,
            "인프라총점":66.0,
            "초등학군":90.02,
            "중학군":42.18,
            "학군총점":51.748,
            "인구수":20.19,
            "인구증감":21.17,
            "인구총점":20.484,
            "일자리":9.46,
            "소득수준":100.0,
            "일자리총점":36.622,
            "가치 총점":51.8122,
            "매매실거래년":20210516.0,
            "매매실거래가":38900.0,
            "전세실거래년":20210604.0,
            "전세실거래가":15500.0,
            "전세가율":95.68,
            "장기전세가율평균":69.89,
            "전세가율거품지수":-25.79,
            "검색코드":23258,
            "세대수":156.0,
            "준공년월":"2005-04-07",
            "준공년차":18.0,
            "가까운역이름":"매교",
            "가까운역거리":613.72,
            "역세권여부":"준역세권",
            "30분이내주요거점역":2,
            "30분거점역이름":"['수원시청', '수원']",
            "1시간이내주요거점역":11,
            "1시간거점역이름":"['판교', '여의도', '정자', '수원시청', '평촌', '가산디지털단지', '수원', '안산', '서현', 'GTX용인(2023년)', 'GTX동탄(2023년)']",
            "3km이내백화점수":2,
            "5km이내아울렛몰수":2,
            "1km이내대형먀트수":0,
            "500m이내은행수":0,
            "500m이내병원수":9,
            "5km이내대형병원수":5,
            "500m이내공원수":2,
            "3km이내혐오시설수":0,
            "초등학교학업성취도":90.02,
            "중학교학업성취도":70.3,
            "용적률":343,
            "건폐율":43,
            "Y":37.27028,
            "X":127.0124,
            "rank":63.0,
            "area_info":"16평(56.0), 22평(73.76), 22평(73.77), 23평(76.8), 23평(76.76), 23평(79.32), 26평(87.14), 27평(90.2), 29평(98.91), 30평(99.29), 32평(107.24), 33평(110.25), 34평(115.55)",
            "last_sales":"2021-05-16,38900.0,32평(107.24)",
            "rank_history":[
                [
                    "202203",
                    63
                ],
                [
                    "202202",
                    35
                ],
                [
                    "202201",
                    34
                ]
            ],
            "rank_gap":-28
        },
        {
            "index":76,
            "아파트명":"금성",
            "투자타입":"재건축",
            "전용면적(m2)":"85.92",
            "전용면적(평)":"25평",
            "법정동주소":"경기도 수원시 팔달구 우만동 58-1",
            "도로명주소":"경기도 수원시 팔달구 아주로47번길 8",
            "세대수":0,
            "입주년차":"--",
            "용적률점수":0,
            "건폐율점수":0,
            "세대당주차수":"--",
            "난방방식":"--",
            "공급면적":70,
            "전용률":80,
            "욕실수":"--",
            "현관타입":"--",
            "주거총점":7.5,
            "지역구공급총점":0.0,
            "역세권":50,
            "30분내 이동가능 거점":40,
            "1시간내 이동가능 거점":90,
            "교통총점":55.0,
            "백화점":100,
            "아울렛몰":100,
            "대형마트":0,
            "은행":70,
            "병원":60,
            "종합병원":100,
            "공원":100,
            "혐오시설":0,
            "인프라총점":76.0,
            "초등학군":89.98,
            "중학군":46.32,
            "학군총점":55.052,
            "인구수":20.19,
            "인구증감":21.17,
            "인구총점":20.484,
            "일자리":9.46,
            "소득수준":100.0,
            "일자리총점":36.622,
            "가치 총점":51.8078,
            "매매실거래년":20211008.0,
            "매매실거래가":27000.0,
            "전세실거래년":20200303.0,
            "전세실거래가":12000.0,
            "전세가율":47.06,
            "장기전세가율평균":69.89,
            "전세가율거품지수":22.83,
            "검색코드":100407,
            "세대수":65.0,
            "준공년월":"1985-03-27",
            "준공년차":38.0,
            "가까운역이름":"아주대삼거리 (2028년 예정)",
            "가까운역거리":526.48,
            "역세권여부":"준역세권",
            "30분이내주요거점역":2,
            "30분거점역이름":"['수원시청', '수원']",
            "1시간이내주요거점역":9,
            "1시간거점역이름":"['판교', '양재', '정자', '수원시청', '평촌', '수원', '서현', 'GTX성남(2023년)', 'GTX용인(2023년)']",
            "3km이내백화점수":1,
            "5km이내아울렛몰수":2,
            "1km이내대형먀트수":0,
            "500m이내은행수":3,
            "500m이내병원수":26,
            "5km이내대형병원수":4,
            "500m이내공원수":2,
            "3km이내혐오시설수":0,
            "초등학교학업성취도":89.98,
            "중학교학업성취도":76.6,
            "용적률":0,
            "건폐율":0,
            "Y":37.279613,
            "X":127.043154,
            "rank":64.0,
            "area_info":"25평(85.92), 27평(89.34), 27평(91.86), 28평(92.94), 28평(93.86), 28평(94.38), 28평(95.28), 29평(98.79), 29평(99.06)",
            "last_sales":"2021-10-08,27000.0,27평(91.86)",
            "rank_history":[
                [
                    "202203",
                    64
                ],
                [
                    "202202",
                    9999
                ]
            ],
            "rank_gap":9999
        },
        {
            "index":249,
            "아파트명":"신미주",
            "투자타입":"일반",
            "전용면적(m2)":"76.26",
            "전용면적(평)":"23평",
            "법정동주소":"경기도 수원시 팔달구 인계동 374-14",
            "도로명주소":"경기도 수원시 팔달구 권광로276번길 45",
            "세대수":0,
            "입주년차":0,
            "용적률점수":"--",
            "건폐율점수":"--",
            "세대당주차수":0,
            "난방방식":30,
            "공급면적":"--",
            "전용률":"--",
            "욕실수":50,
            "현관타입":100,
            "주거총점":18.0,
            "지역구공급총점":0.0,
            "역세권":50,
            "30분내 이동가능 거점":20,
            "1시간내 이동가능 거점":50,
            "교통총점":41.0,
            "백화점":100,
            "아울렛몰":100,
            "대형마트":100,
            "은행":0,
            "병원":60,
            "종합병원":100,
            "공원":100,
            "혐오시설":0,
            "인프라총점":84.0,
            "초등학군":89.97,
            "중학군":46.94,
            "학군총점":55.546,
            "인구수":20.19,
            "인구증감":21.17,
            "인구총점":20.484,
            "일자리":9.46,
            "소득수준":100.0,
            "일자리총점":36.622,
            "가치 총점":51.4819,
            "매매실거래년":20210531.0,
            "매매실거래가":36900.0,
            "전세실거래년":20211223.0,
            "전세실거래가":20000.0,
            "전세가율":101.01,
            "장기전세가율평균":69.89,
            "전세가율거품지수":-31.12,
            "검색코드":1841,
            "세대수":113.0,
            "준공년월":"1995-05-31",
            "준공년차":28.0,
            "가까운역이름":"아주대삼거리 (2028년 예정)",
            "가까운역거리":664.53,
            "역세권여부":"준역세권",
            "30분이내주요거점역":1,
            "30분거점역이름":"['수원시청']",
            "1시간이내주요거점역":5,
            "1시간거점역이름":"['판교', '정자', '수원시청', '수원', 'GTX용인(2023년)']",
            "3km이내백화점수":1,
            "5km이내아울렛몰수":2,
            "1km이내대형먀트수":3,
            "500m이내은행수":1,
            "500m이내병원수":21,
            "5km이내대형병원수":4,
            "500m이내공원수":3,
            "3km이내혐오시설수":0,
            "초등학교학업성취도":89.97,
            "중학교학업성취도":77.5,
            "용적률":206,
            "건폐율":24,
            "Y":37.272379,
            "X":127.037755,
            "rank":65.0,
            "area_info":"23평(76.26), 33평(109.41)",
            "last_sales":"2021-05-31,36900.0,33평(109.41)",
            "rank_history":[
                [
                    "202203",
                    65
                ],
                [
                    "202202",
                    66
                ],
                [
                    "202201",
                    65
                ]
            ],
            "rank_gap":1
        },
        {
            "index":417,
            "아파트명":"화서맨션",
            "투자타입":"재건축",
            "전용면적(m2)":"79.86",
            "전용면적(평)":"24평",
            "법정동주소":"경기도 수원시 팔달구 화서동 212-1",
            "도로명주소":"경기도 수원시 팔달구 화양로 41",
            "세대수":0,
            "입주년차":"--",
            "용적률점수":60,
            "건폐율점수":40,
            "세대당주차수":"--",
            "난방방식":"--",
            "공급면적":50,
            "전용률":80,
            "욕실수":"--",
            "현관타입":"--",
            "주거총점":38.5,
            "지역구공급총점":0.0,
            "역세권":50,
            "30분내 이동가능 거점":20,
            "1시간내 이동가능 거점":60,
            "교통총점":43.0,
            "백화점":100,
            "아울렛몰":80,
            "대형마트":0,
            "은행":0,
            "병원":60,
            "종합병원":100,
            "공원":100,
            "혐오시설":0,
            "인프라총점":67.0,
            "초등학군":90.0,
            "중학군":46.68,
            "학군총점":55.344,
            "인구수":20.19,
            "인구증감":21.17,
            "인구총점":20.484,
            "일자리":9.46,
            "소득수준":100.0,
            "일자리총점":36.622,
            "가치 총점":51.1516,
            "매매실거래년":20210623.0,
            "매매실거래가":24700.0,
            "전세실거래년":20210826.0,
            "전세실거래가":17000.0,
            "전세가율":68.83,
            "장기전세가율평균":69.89,
            "전세가율거품지수":1.06,
            "검색코드":11276,
            "세대수":115.0,
            "준공년월":"1980-01-21",
            "준공년차":43.0,
            "가까운역이름":"화서",
            "가까운역거리":676.34,
            "역세권여부":"준역세권",
            "30분이내주요거점역":1,
            "30분거점역이름":"['수원']",
            "1시간이내주요거점역":6,
            "1시간거점역이름":"['수원시청', '평촌', '가산디지털단지', '수원', '구로디지털단지', 'GTX용인(2023년)']",
            "3km이내백화점수":2,
            "5km이내아울렛몰수":1,
            "1km이내대형먀트수":0,
            "500m이내은행수":0,
            "500m이내병원수":10,
            "5km이내대형병원수":5,
            "500m이내공원수":7,
            "3km이내혐오시설수":0,
            "초등학교학업성취도":90.0,
            "중학교학업성취도":77.8,
            "용적률":185,
            "건폐율":36,
            "Y":37.28186,
            "X":126.996767,
            "rank":66.0,
            "area_info":"24평(79.86), 27평(89.91), 27평(90.03)",
            "last_sales":"2021-06-23,24700.0,24평(79.86)",
            "rank_history":[
                [
                    "202203",
                    66
                ],
                [
                    "202202",
                    34
                ],
                [
                    "202201",
                    37
                ]
            ],
            "rank_gap":-32
        },
        {
            "index":377,
            "아파트명":"꽃뫼버들마을진흥",
            "투자타입":"일반",
            "전용면적(m2)":"87.01",
            "전용면적(평)":"26평",
            "법정동주소":"경기도 수원시 팔달구 화서동 706",
            "도로명주소":"경기도 수원시 팔달구 화산로 57",
            "세대수":80,
            "입주년차":20,
            "용적률점수":"--",
            "건폐율점수":"--",
            "세대당주차수":0,
            "난방방식":100,
            "공급면적":"--",
            "전용률":"--",
            "욕실수":100,
            "현관타입":100,
            "주거총점":62.0,
            "지역구공급총점":0.0,
            "역세권":50,
            "30분내 이동가능 거점":20,
            "1시간내 이동가능 거점":40,
            "교통총점":39.0,
            "백화점":0,
            "아울렛몰":80,
            "대형마트":100,
            "은행":0,
            "병원":60,
            "종합병원":100,
            "공원":100,
            "혐오시설":0,
            "인프라총점":52.0,
            "초등학군":90.0,
            "중학군":53.7,
            "학군총점":60.96,
            "인구수":20.19,
            "인구증감":21.17,
            "인구총점":20.484,
            "일자리":9.46,
            "소득수준":100.0,
            "일자리총점":36.622,
            "가치 총점":50.794,
            "매매실거래년":20220108.0,
            "매매실거래가":58000.0,
            "전세실거래년":20220103.0,
            "전세실거래가":24000.0,
            "전세가율":41.38,
            "장기전세가율평균":69.89,
            "전세가율거품지수":28.51,
            "검색코드":9279,
            "세대수":824.0,
            "준공년월":"2002-01-17",
            "준공년차":21.0,
            "가까운역이름":"화서",
            "가까운역거리":788.65,
            "역세권여부":"준역세권",
            "30분이내주요거점역":1,
            "30분거점역이름":"['수원']",
            "1시간이내주요거점역":4,
            "1시간거점역이름":"['수원시청', '평촌', '가산디지털단지', '수원']",
            "3km이내백화점수":0,
            "5km이내아울렛몰수":1,
            "1km이내대형먀트수":2,
            "500m이내은행수":0,
            "500m이내병원수":18,
            "5km이내대형병원수":4,
            "500m이내공원수":7,
            "3km이내혐오시설수":0,
            "초등학교학업성취도":90.0,
            "중학교학업성취도":88.3,
            "용적률":217,
            "건폐율":15,
            "Y":37.289245,
            "X":126.983609,
            "rank":67.0,
            "area_info":"26평(87.01)",
            "last_sales":"2022-01-08,58000.0,26평(87.01)",
            "rank_history":[
                [
                    "202203",
                    67
                ],
                [
                    "202202",
                    40
                ],
                [
                    "202201",
                    39
                ]
            ],
            "rank_gap":-27
        },
        {
            "index":425,
            "아파트명":"화서위브하늘채",
            "투자타입":"일반",
            "전용면적(m2)":"84.63",
            "전용면적(평)":"25평",
            "법정동주소":"경기도 수원시 팔달구 화서동 743",
            "도로명주소":"경기도 수원시 팔달구 수성로244번길 25",
            "세대수":80,
            "입주년차":60,
            "용적률점수":"--",
            "건폐율점수":"--",
            "세대당주차수":30,
            "난방방식":100,
            "공급면적":"--",
            "전용률":"--",
            "욕실수":100,
            "현관타입":100,
            "주거총점":74.5,
            "지역구공급총점":0.0,
            "역세권":0,
            "30분내 이동가능 거점":20,
            "1시간내 이동가능 거점":70,
            "교통총점":20.0,
            "백화점":100,
            "아울렛몰":100,
            "대형마트":0,
            "은행":0,
            "병원":60,
            "종합병원":100,
            "공원":100,
            "혐오시설":0,
            "인프라총점":69.0,
            "초등학군":89.97,
            "중학군":41.94,
            "학군총점":51.546,
            "인구수":20.19,
            "인구증감":21.17,
            "인구총점":20.484,
            "일자리":9.46,
            "소득수준":100.0,
            "일자리총점":36.622,
            "가치 총점":50.3319,
            "매매실거래년":20211217.0,
            "매매실거래가":59000.0,
            "전세실거래년":20220219.0,
            "전세실거래가":30100.0,
            "전세가율":51.02,
            "장기전세가율평균":69.89,
            "전세가율거품지수":18.87,
            "검색코드":24672,
            "세대수":807.0,
            "준공년월":"2009-05-25",
            "준공년차":14.0,
            "가까운역이름":"동수원 (2028년 예정)",
            "가까운역거리":1057.98,
            "역세권여부":"비역세권",
            "30분이내주요거점역":1,
            "30분거점역이름":"['평촌']",
            "1시간이내주요거점역":7,
            "1시간거점역이름":"['여의도', '수원시청', '평촌', '가산디지털단지', '홍대입구', '수원', '구로디지털단지']",
            "3km이내백화점수":2,
            "5km이내아울렛몰수":2,
            "1km이내대형먀트수":0,
            "500m이내은행수":0,
            "500m이내병원수":22,
            "5km이내대형병원수":5,
            "500m이내공원수":2,
            "3km이내혐오시설수":0,
            "초등학교학업성취도":89.97,
            "중학교학업성취도":69.9,
            "용적률":244,
            "건폐율":14,
            "Y":37.288441,
            "X":127.00026,
            "rank":68.0,
            "area_info":"25평(84.63), 34평(114.44), 34평(115.08), 45평(150.58), 45평(151.81)",
            "last_sales":"2021-12-17,59000.0,25평(84.63)",
            "rank_history":[
                [
                    "202203",
                    68
                ],
                [
                    "202202",
                    55
                ],
                [
                    "202201",
                    53
                ]
            ],
            "rank_gap":-13
        },
        {
            "index":383,
            "아파트명":"민영루이스",
            "투자타입":"일반",
            "전용면적(m2)":"60.7",
            "전용면적(평)":"18평",
            "법정동주소":"경기도 수원시 팔달구 화서동 213-27",
            "도로명주소":"경기도 수원시 팔달구 화양로47번길 17-5",
            "세대수":0,
            "입주년차":40,
            "용적률점수":"--",
            "건폐율점수":"--",
            "세대당주차수":30,
            "난방방식":30,
            "공급면적":"--",
            "전용률":"--",
            "욕실수":50,
            "현관타입":100,
            "주거총점":30.5,
            "지역구공급총점":0.0,
            "역세권":50,
            "30분내 이동가능 거점":20,
            "1시간내 이동가능 거점":70,
            "교통총점":45.0,
            "백화점":100,
            "아울렛몰":80,
            "대형마트":0,
            "은행":0,
            "병원":60,
            "종합병원":100,
            "공원":100,
            "혐오시설":0,
            "인프라총점":67.0,
            "초등학군":90.0,
            "중학군":46.68,
            "학군총점":55.344,
            "인구수":20.19,
            "인구증감":21.17,
            "인구총점":20.484,
            "일자리":9.46,
            "소득수준":100.0,
            "일자리총점":36.622,
            "가치 총점":50.2516,
            "매매실거래년":20210504.0,
            "매매실거래가":36000.0,
            "전세실거래년":null,
            "전세실거래가":null,
            "전세가율":null,
            "장기전세가율평균":69.89,
            "전세가율거품지수":null,
            "검색코드":19017,
            "세대수":59.0,
            "준공년월":"2005-01-21",
            "준공년차":18.0,
            "가까운역이름":"화서",
            "가까운역거리":624.36,
            "역세권여부":"준역세권",
            "30분이내주요거점역":1,
            "30분거점역이름":"['수원']",
            "1시간이내주요거점역":7,
            "1시간거점역이름":"['수원시청', '평촌', '가산디지털단지', '홍대입구', '수원', '구로디지털단지', 'GTX용인(2023년)']",
            "3km이내백화점수":2,
            "5km이내아울렛몰수":1,
            "1km이내대형먀트수":0,
            "500m이내은행수":0,
            "500m이내병원수":10,
            "5km이내대형병원수":5,
            "500m이내공원수":8,
            "3km이내혐오시설수":0,
            "초등학교학업성취도":90.0,
            "중학교학업성취도":77.8,
            "용적률":212,
            "건폐율":25,
            "Y":37.281529,
            "X":126.995948,
            "rank":69.0,
            "area_info":"18평(60.7), 24평(82.1), 24평(82.16), 26평(87.64), 26평(87.77), 27평(92.02), 29평(98.09), 29평(99.11), 31평(102.92), 32평(106.5)",
            "last_sales":"2021-05-04,36000.0,32평(106.5)",
            "rank_history":[
                [
                    "202203",
                    69
                ],
                [
                    "202202",
                    9999
                ]
            ],
            "rank_gap":9999
        },
        {
            "index":144,
            "아파트명":"주공2단지",
            "투자타입":"재건축",
            "전용면적(m2)":"60.57",
            "전용면적(평)":"18평",
            "법정동주소":"경기도 수원시 팔달구 우만동 28",
            "도로명주소":"경기도 수원시 팔달구 중부대로223번길 92",
            "세대수":90,
            "입주년차":"--",
            "용적률점수":0,
            "건폐율점수":0,
            "세대당주차수":"--",
            "난방방식":"--",
            "공급면적":50,
            "전용률":40,
            "욕실수":"--",
            "현관타입":"--",
            "주거총점":31.5,
            "지역구공급총점":0.0,
            "역세권":50,
            "30분내 이동가능 거점":0,
            "1시간내 이동가능 거점":90,
            "교통총점":43.0,
            "백화점":100,
            "아울렛몰":100,
            "대형마트":0,
            "은행":0,
            "병원":60,
            "종합병원":100,
            "공원":100,
            "혐오시설":0,
            "인프라총점":69.0,
            "초등학군":89.98,
            "중학군":45.62,
            "학군총점":54.492,
            "인구수":20.19,
            "인구증감":21.17,
            "인구총점":20.484,
            "일자리":9.46,
            "소득수준":100.0,
            "일자리총점":36.622,
            "가치 총점":50.2238,
            "매매실거래년":20210727.0,
            "매매실거래가":72000.0,
            "전세실거래년":20211014.0,
            "전세실거래가":19000.0,
            "전세가율":38.0,
            "장기전세가율평균":69.89,
            "전세가율거품지수":31.89,
            "검색코드":1815,
            "세대수":984.0,
            "준공년월":"1989-08-28",
            "준공년차":34.0,
            "가까운역이름":"아주대삼거리 (2028년 예정)",
            "가까운역거리":638.65,
            "역세권여부":"준역세권",
            "30분이내주요거점역":0,
            "30분거점역이름":"[]",
            "1시간이내주요거점역":9,
            "1시간거점역이름":"['판교', '양재', '정자', '수원시청', '평촌', '수원', '서현', 'GTX성남(2023년)', 'GTX용인(2023년)']",
            "3km이내백화점수":1,
            "5km이내아울렛몰수":2,
            "1km이내대형먀트수":0,
            "500m이내은행수":1,
            "500m이내병원수":14,
            "5km이내대형병원수":4,
            "500m이내공원수":3,
            "3km이내혐오시설수":0,
            "초등학교학업성취도":89.98,
            "중학교학업성취도":75.5,
            "용적률":0,
            "건폐율":0,
            "Y":37.280139,
            "X":127.041276,
            "rank":70.0,
            "area_info":"18평(60.57), 19평(63.64), 19평(64.8), 22평(73.24), 24평(80.17), 24평(82.57), 25평(85.69), 28평(92.72)",
            "last_sales":"2021-07-27,72000.0,24평(82.57)",
            "rank_history":[
                [
                    "202203",
                    70
                ],
                [
                    "202202",
                    64
                ],
                [
                    "202201",
                    63
                ]
            ],
            "rank_gap":-6
        },
        {
            "index":106,
            "아파트명":"양우내안애애플(도시형)",
            "투자타입":"일반",
            "전용면적(m2)":"20.86",
            "전용면적(평)":"6평",
            "법정동주소":"경기도 수원시 팔달구 우만동 607",
            "도로명주소":"경기도 수원시 팔달구 권광로367번길 11",
            "세대수":0,
            "입주년차":60,
            "용적률점수":"--",
            "건폐율점수":"--",
            "세대당주차수":0,
            "난방방식":30,
            "공급면적":"--",
            "전용률":"--",
            "욕실수":50,
            "현관타입":100,
            "주거총점":30.0,
            "지역구공급총점":0.0,
            "역세권":50,
            "30분내 이동가능 거점":20,
            "1시간내 이동가능 거점":60,
            "교통총점":43.0,
            "백화점":100,
            "아울렛몰":100,
            "대형마트":0,
            "은행":0,
            "병원":60,
            "종합병원":100,
            "공원":100,
            "혐오시설":0,
            "인프라총점":69.0,
            "초등학군":89.98,
            "중학군":45.62,
            "학군총점":54.492,
            "인구수":20.19,
            "인구증감":21.17,
            "인구총점":20.484,
            "일자리":9.46,
            "소득수준":100.0,
            "일자리총점":36.622,
            "가치 총점":49.9238,
            "매매실거래년":20140317.0,
            "매매실거래가":13930.0,
            "전세실거래년":null,
            "전세실거래가":null,
            "전세가율":null,
            "장기전세가율평균":69.89,
            "전세가율거품지수":null,
            "검색코드":104869,
            "세대수":284.0,
            "준공년월":"2013-09-03",
            "준공년차":10.0,
            "가까운역이름":"아주대삼거리 (2028년 예정)",
            "가까운역거리":824.2,
            "역세권여부":"준역세권",
            "30분이내주요거점역":1,
            "30분거점역이름":"['수원']",
            "1시간이내주요거점역":6,
            "1시간거점역이름":"['판교', '정자', '수원시청', '평촌', '수원', 'GTX용인(2023년)']",
            "3km이내백화점수":1,
            "5km이내아울렛몰수":2,
            "1km이내대형먀트수":0,
            "500m이내은행수":1,
            "500m이내병원수":21,
            "5km이내대형병원수":4,
            "500m이내공원수":2,
            "3km이내혐오시설수":0,
            "초등학교학업성취도":89.98,
            "중학교학업성취도":75.5,
            "용적률":229,
            "건폐율":34,
            "Y":37.279228,
            "X":127.036851,
            "rank":71.0,
            "area_info":"6평(20.86), 6평(21.72), 6평(21.59), 6평(21.01), 6평(22.49), 6평(22.64), 6평(22.44), 7평(23.19), 7평(23.94), 7평(24.67), 7평(25.44), 8평(26.87), 8평(27.28), 8평(28.83), 8평(29.21), 8평(29.13), 9평(31.13), 9평(32.98), 9평(32.36), 10평(34.69), 11평(37.98), 11평(37.43), 11평(38.33), 11평(38.14), 13평(43.65)",
            "last_sales":"2014-03-17,13930.0,13평(43.65)",
            "rank_history":[
                [
                    "202203",
                    71
                ],
                [
                    "202202",
                    68
                ],
                [
                    "202201",
                    67
                ]
            ],
            "rank_gap":-3
        },
        {
            "index":306,
            "아파트명":"인계한양수자인",
            "투자타입":"일반",
            "전용면적(m2)":"82.68",
            "전용면적(평)":"25평",
            "법정동주소":"경기도 수원시 팔달구 인계동 1170",
            "도로명주소":"경기도 수원시 팔달구 중부대로 80",
            "세대수":0,
            "입주년차":100,
            "용적률점수":"--",
            "건폐율점수":"--",
            "세대당주차수":30,
            "난방방식":30,
            "공급면적":"--",
            "전용률":"--",
            "욕실수":100,
            "현관타입":100,
            "주거총점":47.5,
            "지역구공급총점":0.0,
            "역세권":0,
            "30분내 이동가능 거점":20,
            "1시간내 이동가능 거점":80,
            "교통총점":22.0,
            "백화점":100,
            "아울렛몰":100,
            "대형마트":0,
            "은행":70,
            "병원":80,
            "종합병원":100,
            "공원":80,
            "혐오시설":0,
            "인프라총점":77.4,
            "초등학군":89.93,
            "중학군":55.38,
            "학군총점":62.29,
            "인구수":20.19,
            "인구증감":21.17,
            "인구총점":20.484,
            "일자리":9.46,
            "소득수준":100.0,
            "일자리총점":36.622,
            "가치 총점":49.7635,
            "매매실거래년":20210915.0,
            "매매실거래가":59000.0,
            "전세실거래년":20210817.0,
            "전세실거래가":31000.0,
            "전세가율":52.54,
            "장기전세가율평균":69.89,
            "전세가율거품지수":17.35,
            "검색코드":115681,
            "세대수":279.0,
            "준공년월":"2019-04-29",
            "준공년차":4.0,
            "가까운역이름":"매교",
            "가까운역거리":1461.17,
            "역세권여부":"비역세권",
            "30분이내주요거점역":1,
            "30분거점역이름":"['수원']",
            "1시간이내주요거점역":8,
            "1시간거점역이름":"['판교', '정자', '수원시청', '평촌', '가산디지털단지', '수원', '안산', 'GTX용인(2023년)']",
            "3km이내백화점수":3,
            "5km이내아울렛몰수":2,
            "1km이내대형먀트수":0,
            "500m이내은행수":3,
            "500m이내병원수":33,
            "5km이내대형병원수":4,
            "500m이내공원수":1,
            "3km이내혐오시설수":0,
            "초등학교학업성취도":89.93,
            "중학교학업성취도":92.3,
            "용적률":390,
            "건폐율":56,
            "Y":37.276168,
            "X":127.025569,
            "rank":72.0,
            "area_info":"25평(82.68), 25평(83.93), 25평(83.12), 25평(83.55), 25평(83.87), 30평(100.97)",
            "last_sales":"2021-09-15,59000.0,25평(83.93)",
            "rank_history":[
                [
                    "202203",
                    72
                ],
                [
                    "202202",
                    45
                ],
                [
                    "202201",
                    46
                ]
            ],
            "rank_gap":-27
        },
        {
            "index":286,
            "아파트명":"인계극동스타클래스",
            "투자타입":"일반",
            "전용면적(m2)":"107.72",
            "전용면적(평)":"32평",
            "법정동주소":"경기도 수원시 팔달구 인계동 945",
            "도로명주소":"경기도 수원시 팔달구 경수대로 534",
            "세대수":0,
            "입주년차":60,
            "용적률점수":"--",
            "건폐율점수":"--",
            "세대당주차수":30,
            "난방방식":30,
            "공급면적":"--",
            "전용률":"--",
            "욕실수":100,
            "현관타입":100,
            "주거총점":39.5,
            "지역구공급총점":0.0,
            "역세권":0,
            "30분내 이동가능 거점":40,
            "1시간내 이동가능 거점":60,
            "교통총점":24.0,
            "백화점":100,
            "아울렛몰":100,
            "대형마트":100,
            "은행":0,
            "병원":60,
            "종합병원":100,
            "공원":100,
            "혐오시설":0,
            "인프라총점":84.0,
            "초등학군":90.0,
            "중학군":42.18,
            "학군총점":51.744,
            "인구수":20.19,
            "인구증감":21.17,
            "인구총점":20.484,
            "일자리":9.46,
            "소득수준":100.0,
            "일자리총점":36.622,
            "가치 총점":49.2616,
            "매매실거래년":20220206.0,
            "매매실거래가":61000.0,
            "전세실거래년":20210621.0,
            "전세실거래가":26250.0,
            "전세가율":43.03,
            "장기전세가율평균":69.89,
            "전세가율거품지수":26.86,
            "검색코드":27120,
            "세대수":165.0,
            "준공년월":"2009-06-02",
            "준공년차":14.0,
            "가까운역이름":"수원시청",
            "가까운역거리":1260.84,
            "역세권여부":"비역세권",
            "30분이내주요거점역":2,
            "30분거점역이름":"['수원시청', '수원']",
            "1시간이내주요거점역":6,
            "1시간거점역이름":"['판교', '정자', '수원시청', '수원', '안산', 'GTX용인(2023년)']",
            "3km이내백화점수":3,
            "5km이내아울렛몰수":2,
            "1km이내대형먀트수":2,
            "500m이내은행수":1,
            "500m이내병원수":15,
            "5km이내대형병원수":4,
            "500m이내공원수":3,
            "3km이내혐오시설수":0,
            "초등학교학업성취도":90.0,
            "중학교학업성취도":70.3,
            "용적률":229,
            "건폐율":22,
            "Y":37.273223,
            "X":127.029682,
            "rank":73.0,
            "area_info":"32평(107.72), 32평(107.81), 32평(107.4)",
            "last_sales":"2022-02-06,61000.0,32평(107.72)",
            "rank_history":[
                [
                    "202203",
                    73
                ],
                [
                    "202202",
                    47
                ],
                [
                    "202201",
                    45
                ]
            ],
            "rank_gap":-26
        },
        {
            "index":246,
            "아파트명":"수정",
            "투자타입":"일반",
            "전용면적(m2)":"98.11",
            "전용면적(평)":"29평",
            "법정동주소":"경기도 수원시 팔달구 인계동 303-3",
            "도로명주소":"경기도 수원시 팔달구 장다리로306번길 45",
            "세대수":0,
            "입주년차":60,
            "용적률점수":"--",
            "건폐율점수":"--",
            "세대당주차수":0,
            "난방방식":30,
            "공급면적":"--",
            "전용률":"--",
            "욕실수":100,
            "현관타입":100,
            "주거총점":35.0,
            "지역구공급총점":0.0,
            "역세권":0,
            "30분내 이동가능 거점":40,
            "1시간내 이동가능 거점":60,
            "교통총점":24.0,
            "백화점":100,
            "아울렛몰":100,
            "대형마트":100,
            "은행":20,
            "병원":60,
            "종합병원":100,
            "공원":100,
            "혐오시설":0,
            "인프라총점":86.0,
            "초등학군":90.0,
            "중학군":42.18,
            "학군총점":51.744,
            "인구수":20.19,
            "인구증감":21.17,
            "인구총점":20.484,
            "일자리":9.46,
            "소득수준":100.0,
            "일자리총점":36.622,
            "가치 총점":48.9616,
            "매매실거래년":20220120.0,
            "매매실거래가":25500.0,
            "전세실거래년":20211030.0,
            "전세실거래가":16000.0,
            "전세가율":62.75,
            "장기전세가율평균":69.89,
            "전세가율거품지수":7.14,
            "검색코드":1834,
            "세대수":166.0,
            "준공년월":"2009-02-16",
            "준공년차":14.0,
            "가까운역이름":"수원시청",
            "가까운역거리":1237.58,
            "역세권여부":"비역세권",
            "30분이내주요거점역":2,
            "30분거점역이름":"['수원시청', '수원']",
            "1시간이내주요거점역":6,
            "1시간거점역이름":"['판교', '정자', '수원시청', '수원', '안산', 'GTX용인(2023년)']",
            "3km이내백화점수":2,
            "5km이내아울렛몰수":2,
            "1km이내대형먀트수":2,
            "500m이내은행수":2,
            "500m이내병원수":11,
            "5km이내대형병원수":4,
            "500m이내공원수":4,
            "3km이내혐오시설수":0,
            "초등학교학업성취도":90.0,
            "중학교학업성취도":70.3,
            "용적률":0,
            "건폐율":0,
            "Y":37.27305,
            "X":127.030564,
            "rank":74.0,
            "area_info":"29평(98.11), 52평(172.03), 52평(173.3)",
            "last_sales":"2022-01-20,25500.0,29평(98.11)",
            "rank_history":[
                [
                    "202203",
                    74
                ],
                [
                    "202202",
                    54
                ],
                [
                    "202201",
                    55
                ]
            ],
            "rank_gap":-20
        },
        {
            "index":85,
            "아파트명":"동도센트리움",
            "투자타입":"일반",
            "전용면적(m2)":"106.78",
            "전용면적(평)":"32평",
            "법정동주소":"경기도 수원시 팔달구 우만동 533-1",
            "도로명주소":"경기도 수원시 팔달구 팔달문로 183",
            "세대수":0,
            "입주년차":40,
            "용적률점수":"--",
            "건폐율점수":"--",
            "세대당주차수":30,
            "난방방식":30,
            "공급면적":"--",
            "전용률":"--",
            "욕실수":100,
            "현관타입":100,
            "주거총점":35.5,
            "지역구공급총점":0.0,
            "역세권":50,
            "30분내 이동가능 거점":0,
            "1시간내 이동가능 거점":70,
            "교통총점":39.0,
            "백화점":100,
            "아울렛몰":100,
            "대형마트":0,
            "은행":0,
            "병원":30,
            "종합병원":100,
            "공원":100,
            "혐오시설":0,
            "인프라총점":66.0,
            "초등학군":89.98,
            "중학군":45.62,
            "학군총점":54.492,
            "인구수":20.19,
            "인구증감":21.17,
            "인구총점":20.484,
            "일자리":9.46,
            "소득수준":100.0,
            "일자리총점":36.622,
            "가치 총점":48.7238,
            "매매실거래년":20210222.0,
            "매매실거래가":54000.0,
            "전세실거래년":20211002.0,
            "전세실거래가":29400.0,
            "전세가율":54.44,
            "장기전세가율평균":69.89,
            "전세가율거품지수":15.45,
            "검색코드":25903,
            "세대수":115.0,
            "준공년월":"2007-06-19",
            "준공년차":16.0,
            "가까운역이름":"수원월드컵경기장 (2028년 예정)",
            "가까운역거리":674.15,
            "역세권여부":"준역세권",
            "30분이내주요거점역":0,
            "30분거점역이름":"[]",
            "1시간이내주요거점역":7,
            "1시간거점역이름":"['판교', '을지로3가', '정자', '수원시청', '수원', '명동', 'GTX용인(2023년)']",
            "3km이내백화점수":1,
            "5km이내아울렛몰수":2,
            "1km이내대형먀트수":0,
            "500m이내은행수":0,
            "500m이내병원수":9,
            "5km이내대형병원수":4,
            "500m이내공원수":3,
            "3km이내혐오시설수":0,
            "초등학교학업성취도":89.98,
            "중학교학업성취도":75.5,
            "용적률":229,
            "건폐율":19,
            "Y":37.284167,
            "X":127.035778,
            "rank":75.0,
            "area_info":"32평(106.78), 32평(107.16), 33평(109.48)",
            "last_sales":"2021-02-22,54000.0,32평(106.78)",
            "rank_history":[
                [
                    "202203",
                    75
                ],
                [
                    "202202",
                    71
                ],
                [
                    "202201",
                    70
                ]
            ],
            "rank_gap":-4
        },
        {
            "index":411,
            "아파트명":"포레스트나인",
            "투자타입":"일반",
            "전용면적(m2)":"65.48",
            "전용면적(평)":"19평",
            "법정동주소":"경기도 수원시 팔달구 화서동 71-6",
            "도로명주소":"경기도 수원시 팔달구 팔달로 124",
            "세대수":0,
            "입주년차":80,
            "용적률점수":"--",
            "건폐율점수":"--",
            "세대당주차수":30,
            "난방방식":30,
            "공급면적":"--",
            "전용률":"--",
            "욕실수":50,
            "현관타입":100,
            "주거총점":38.5,
            "지역구공급총점":0.0,
            "역세권":0,
            "30분내 이동가능 거점":40,
            "1시간내 이동가능 거점":100,
            "교통총점":32.0,
            "백화점":100,
            "아울렛몰":100,
            "대형마트":0,
            "은행":0,
            "병원":80,
            "종합병원":100,
            "공원":100,
            "혐오시설":0,
            "인프라총점":71.0,
            "초등학군":90.08,
            "중학군":48.36,
            "학군총점":56.704,
            "인구수":20.19,
            "인구증감":21.17,
            "인구총점":20.484,
            "일자리":9.46,
            "소득수준":100.0,
            "일자리총점":36.622,
            "가치 총점":48.7056,
            "매매실거래년":"18000101",
            "매매실거래가":null,
            "전세실거래년":20211203.0,
            "전세실거래가":23100.0,
            "전세가율":null,
            "장기전세가율평균":69.89,
            "전세가율거품지수":null,
            "검색코드":119387,
            "세대수":60.0,
            "준공년월":"2017-11-27",
            "준공년차":6.0,
            "가까운역이름":"화서",
            "가까운역거리":1404.26,
            "역세권여부":"비역세권",
            "30분이내주요거점역":2,
            "30분거점역이름":"['수원시청', '수원']",
            "1시간이내주요거점역":10,
            "1시간거점역이름":"['강남', '을지로3가', '정자', '수원시청', '평촌', '가산디지털단지', '수원', '명동', '안산', 'GTX용인(2023년)']",
            "3km이내백화점수":2,
            "5km이내아울렛몰수":2,
            "1km이내대형먀트수":0,
            "500m이내은행수":1,
            "500m이내병원수":41,
            "5km이내대형병원수":5,
            "500m이내공원수":6,
            "3km이내혐오시설수":0,
            "초등학교학업성취도":90.08,
            "중학교학업성취도":80.6,
            "용적률":499,
            "건폐율":68,
            "Y":37.279516,
            "X":127.004449,
            "rank":76.0,
            "area_info":"19평(65.48), 19평(65.69), 20평(66.35)",
            "last_sales":"1800-01-01,nan,19평(65.48)",
            "rank_history":[
                [
                    "202203",
                    76
                ],
                [
                    "202202",
                    9999
                ]
            ],
            "rank_gap":9999
        },
        {
            "index":408,
            "아파트명":"영광",
            "투자타입":"일반",
            "전용면적(m2)":"92.98",
            "전용면적(평)":"28평",
            "법정동주소":"경기도 수원시 팔달구 화서동 220-3",
            "도로명주소":"경기도 수원시 팔달구 덕영대로757번길 23",
            "세대수":50,
            "입주년차":0,
            "용적률점수":"--",
            "건폐율점수":"--",
            "세대당주차수":0,
            "난방방식":30,
            "공급면적":"--",
            "전용률":"--",
            "욕실수":50,
            "현관타입":10,
            "주거총점":26.5,
            "지역구공급총점":0.0,
            "역세권":50,
            "30분내 이동가능 거점":20,
            "1시간내 이동가능 거점":70,
            "교통총점":45.0,
            "백화점":100,
            "아울렛몰":80,
            "대형마트":0,
            "은행":0,
            "병원":30,
            "종합병원":100,
            "공원":100,
            "혐오시설":0,
            "인프라총점":64.0,
            "초등학군":89.95,
            "중학군":46.68,
            "학군총점":55.334,
            "인구수":20.19,
            "인구증감":21.17,
            "인구총점":20.484,
            "일자리":9.46,
            "소득수준":100.0,
            "일자리총점":36.622,
            "가치 총점":48.5501,
            "매매실거래년":20210527.0,
            "매매실거래가":39500.0,
            "전세실거래년":20210429.0,
            "전세실거래가":16800.0,
            "전세가율":58.13,
            "장기전세가율평균":69.89,
            "전세가율거품지수":11.76,
            "검색코드":2751,
            "세대수":459.0,
            "준공년월":"1993-04-21",
            "준공년차":30.0,
            "가까운역이름":"화서",
            "가까운역거리":615.04,
            "역세권여부":"준역세권",
            "30분이내주요거점역":1,
            "30분거점역이름":"['수원']",
            "1시간이내주요거점역":7,
            "1시간거점역이름":"['수원시청', '평촌', '가산디지털단지', '홍대입구', '수원', '구로디지털단지', 'GTX용인(2023년)']",
            "3km이내백화점수":2,
            "5km이내아울렛몰수":1,
            "1km이내대형먀트수":0,
            "500m이내은행수":0,
            "500m이내병원수":8,
            "5km이내대형병원수":5,
            "500m이내공원수":5,
            "3km이내혐오시설수":0,
            "초등학교학업성취도":89.95,
            "중학교학업성취도":77.8,
            "용적률":383,
            "건폐율":26,
            "Y":37.279546,
            "X":126.993731,
            "rank":77.0,
            "area_info":"28평(92.98), 31평(102.89), 31평(103.98)",
            "last_sales":"2021-05-27,39500.0,31평(103.98)",
            "rank_history":[
                [
                    "202203",
                    77
                ],
                [
                    "202202",
                    53
                ],
                [
                    "202201",
                    52
                ]
            ],
            "rank_gap":-24
        },
        {
            "index":90,
            "아파트명":"보은맨션",
            "투자타입":"재건축",
            "전용면적(m2)":"72.09",
            "전용면적(평)":"21평",
            "법정동주소":"경기도 수원시 팔달구 우만동 479-1",
            "도로명주소":"경기도 수원시 팔달구 월드컵로369번길 13",
            "세대수":0,
            "입주년차":"--",
            "용적률점수":0,
            "건폐율점수":0,
            "세대당주차수":"--",
            "난방방식":"--",
            "공급면적":50,
            "전용률":80,
            "욕실수":"--",
            "현관타입":"--",
            "주거총점":6.5,
            "지역구공급총점":0.0,
            "역세권":80,
            "30분내 이동가능 거점":20,
            "1시간내 이동가능 거점":60,
            "교통총점":58.0,
            "백화점":100,
            "아울렛몰":100,
            "대형마트":0,
            "은행":0,
            "병원":60,
            "종합병원":100,
            "공원":100,
            "혐오시설":0,
            "인프라총점":69.0,
            "초등학군":89.97,
            "중학군":27.78,
            "학군총점":40.218,
            "인구수":20.19,
            "인구증감":21.17,
            "인구총점":20.484,
            "일자리":9.46,
            "소득수준":100.0,
            "일자리총점":36.622,
            "가치 총점":48.3327,
            "매매실거래년":20200606.0,
            "매매실거래가":31500.0,
            "전세실거래년":null,
            "전세실거래가":null,
            "전세가율":null,
            "장기전세가율평균":69.89,
            "전세가율거품지수":null,
            "검색코드":9977,
            "세대수":107.0,
            "준공년월":"1986-05-27",
            "준공년차":37.0,
            "가까운역이름":"수원월드컵경기장 (2028년 예정)",
            "가까운역거리":226.36,
            "역세권여부":"역세권",
            "30분이내주요거점역":1,
            "30분거점역이름":"['수원']",
            "1시간이내주요거점역":6,
            "1시간거점역이름":"['판교', '정자', '수원시청', '가산디지털단지', '수원', 'GTX용인(2023년)']",
            "3km이내백화점수":1,
            "5km이내아울렛몰수":2,
            "1km이내대형먀트수":0,
            "500m이내은행수":0,
            "500m이내병원수":16,
            "5km이내대형병원수":4,
            "500m이내공원수":3,
            "3km이내혐오시설수":0,
            "초등학교학업성취도":89.97,
            "중학교학업성취도":46.3,
            "용적률":0,
            "건폐율":0,
            "Y":37.28973,
            "X":127.02981,
            "rank":78.0,
            "area_info":"21평(72.09), 23평(77.46), 26평(88.88), 27평(92.36)",
            "last_sales":"2020-06-06,31500.0,27평(92.36)",
            "rank_history":[
                [
                    "202203",
                    78
                ],
                [
                    "202202",
                    75
                ],
                [
                    "202201",
                    74
                ]
            ],
            "rank_gap":-3
        },
        {
            "index":142,
            "아파트명":"주공1단지",
            "투자타입":"재건축",
            "전용면적(m2)":"43.92",
            "전용면적(평)":"13평",
            "법정동주소":"경기도 수원시 팔달구 우만동 28",
            "도로명주소":"경기도 수원시 팔달구 중부대로223번길 102",
            "세대수":50,
            "입주년차":"--",
            "용적률점수":0,
            "건폐율점수":0,
            "세대당주차수":"--",
            "난방방식":"--",
            "공급면적":50,
            "전용률":80,
            "욕실수":"--",
            "현관타입":"--",
            "주거총점":21.5,
            "지역구공급총점":0.0,
            "역세권":50,
            "30분내 이동가능 거점":0,
            "1시간내 이동가능 거점":100,
            "교통총점":45.0,
            "백화점":100,
            "아울렛몰":100,
            "대형마트":0,
            "은행":0,
            "병원":30,
            "종합병원":100,
            "공원":100,
            "혐오시설":0,
            "인프라총점":66.0,
            "초등학군":89.98,
            "중학군":45.62,
            "학군총점":54.492,
            "인구수":20.19,
            "인구증감":21.17,
            "인구총점":20.484,
            "일자리":9.46,
            "소득수준":100.0,
            "일자리총점":36.622,
            "가치 총점":48.0238,
            "매매실거래년":20210821.0,
            "매매실거래가":64000.0,
            "전세실거래년":20220222.0,
            "전세실거래가":8500.0,
            "전세가율":13.28,
            "장기전세가율평균":69.89,
            "전세가율거품지수":56.61,
            "검색코드":1819,
            "세대수":500.0,
            "준공년월":"1988-06-10",
            "준공년차":35.0,
            "가까운역이름":"아주대삼거리 (2028년 예정)",
            "가까운역거리":811.35,
            "역세권여부":"준역세권",
            "30분이내주요거점역":0,
            "30분거점역이름":"[]",
            "1시간이내주요거점역":10,
            "1시간거점역이름":"['강남', '판교', '양재', '정자', '수원시청', '평촌', '수원', '서현', 'GTX성남(2023년)', 'GTX용인(2023년)']",
            "3km이내백화점수":1,
            "5km이내아울렛몰수":2,
            "1km이내대형먀트수":0,
            "500m이내은행수":0,
            "500m이내병원수":7,
            "5km이내대형병원수":4,
            "500m이내공원수":2,
            "3km이내혐오시설수":0,
            "초등학교학업성취도":89.98,
            "중학교학업성취도":75.5,
            "용적률":0,
            "건폐율":0,
            "Y":37.281482,
            "X":127.040289,
            "rank":79.0,
            "area_info":"13평(43.92), 15평(52.65)",
            "last_sales":"2021-08-21,64000.0,13평(43.92)",
            "rank_history":[
                [
                    "202203",
                    79
                ],
                [
                    "202202",
                    72
                ],
                [
                    "202201",
                    71
                ]
            ],
            "rank_gap":-7
        },
        {
            "index":293,
            "아파트명":"인계베스트빌",
            "투자타입":"일반",
            "전용면적(m2)":"76.09",
            "전용면적(평)":"23평",
            "법정동주소":"경기도 수원시 팔달구 인계동 968-6",
            "도로명주소":"경기도 수원시 팔달구 장다리로233번길 4",
            "세대수":0,
            "입주년차":40,
            "용적률점수":"--",
            "건폐율점수":"--",
            "세대당주차수":0,
            "난방방식":30,
            "공급면적":"--",
            "전용률":"--",
            "욕실수":100,
            "현관타입":100,
            "주거총점":31.0,
            "지역구공급총점":0.0,
            "역세권":0,
            "30분내 이동가능 거점":40,
            "1시간내 이동가능 거점":60,
            "교통총점":24.0,
            "백화점":100,
            "아울렛몰":100,
            "대형마트":100,
            "은행":0,
            "병원":60,
            "종합병원":100,
            "공원":100,
            "혐오시설":0,
            "인프라총점":84.0,
            "초등학군":90.0,
            "중학군":42.18,
            "학군총점":51.744,
            "인구수":20.19,
            "인구증감":21.17,
            "인구총점":20.484,
            "일자리":9.46,
            "소득수준":100.0,
            "일자리총점":36.622,
            "가치 총점":47.5616,
            "매매실거래년":20220106.0,
            "매매실거래가":27500.0,
            "전세실거래년":20201016.0,
            "전세실거래가":19000.0,
            "전세가율":69.09,
            "장기전세가율평균":69.89,
            "전세가율거품지수":0.8,
            "검색코드":27278,
            "세대수":64.0,
            "준공년월":"2004-08-12",
            "준공년차":19.0,
            "가까운역이름":"수원시청",
            "가까운역거리":1077.84,
            "역세권여부":"비역세권",
            "30분이내주요거점역":2,
            "30분거점역이름":"['수원시청', '수원']",
            "1시간이내주요거점역":6,
            "1시간거점역이름":"['정자', '수원시청', '수원', '안산', '서현', 'GTX용인(2023년)']",
            "3km이내백화점수":2,
            "5km이내아울렛몰수":2,
            "1km이내대형먀트수":3,
            "500m이내은행수":0,
            "500m이내병원수":11,
            "5km이내대형병원수":4,
            "500m이내공원수":2,
            "3km이내혐오시설수":0,
            "초등학교학업성취도":90.0,
            "중학교학업성취도":70.3,
            "용적률":279,
            "건폐율":30,
            "Y":37.27087,
            "X":127.026172,
            "rank":80.0,
            "area_info":"23평(76.09)",
            "last_sales":"2022-01-06,27500.0,23평(76.09)",
            "rank_history":[
                [
                    "202203",
                    80
                ],
                [
                    "202202",
                    9999
                ]
            ],
            "rank_gap":9999
        },
        {
            "index":312,
            "아파트명":"인계희성연인",
            "투자타입":"일반",
            "전용면적(m2)":"112.45",
            "전용면적(평)":"34평",
            "법정동주소":"경기도 수원시 팔달구 인계동 1168",
            "도로명주소":"경기도 수원시 팔달구 중부대로 96-19",
            "세대수":0,
            "입주년차":60,
            "용적률점수":"--",
            "건폐율점수":"--",
            "세대당주차수":30,
            "난방방식":30,
            "공급면적":"--",
            "전용률":"--",
            "욕실수":100,
            "현관타입":50,
            "주거총점":34.5,
            "지역구공급총점":0.0,
            "역세권":0,
            "30분내 이동가능 거점":40,
            "1시간내 이동가능 거점":70,
            "교통총점":26.0,
            "백화점":100,
            "아울렛몰":100,
            "대형마트":0,
            "은행":70,
            "병원":60,
            "종합병원":100,
            "공원":80,
            "혐오시설":0,
            "인프라총점":75.4,
            "초등학군":89.93,
            "중학군":45.62,
            "학군총점":54.482,
            "인구수":20.19,
            "인구증감":21.17,
            "인구총점":20.484,
            "일자리":9.46,
            "소득수준":100.0,
            "일자리총점":36.622,
            "가치 총점":46.7923,
            "매매실거래년":20210928.0,
            "매매실거래가":50000.0,
            "전세실거래년":20210828.0,
            "전세실거래가":24150.0,
            "전세가율":57.5,
            "장기전세가율평균":69.89,
            "전세가율거품지수":12.39,
            "검색코드":104882,
            "세대수":140.0,
            "준공년월":"2012-05-04",
            "준공년차":11.0,
            "가까운역이름":"아주대삼거리 (2028년 예정)",
            "가까운역거리":1471.38,
            "역세권여부":"비역세권",
            "30분이내주요거점역":2,
            "30분거점역이름":"['수원시청', '수원']",
            "1시간이내주요거점역":7,
            "1시간거점역이름":"['판교', '정자', '수원시청', '평촌', '수원', '안산', 'GTX용인(2023년)']",
            "3km이내백화점수":3,
            "5km이내아울렛몰수":2,
            "1km이내대형먀트수":0,
            "500m이내은행수":3,
            "500m이내병원수":22,
            "5km이내대형병원수":4,
            "500m이내공원수":1,
            "3km이내혐오시설수":0,
            "초등학교학업성취도":89.93,
            "중학교학업성취도":75.5,
            "용적률":376,
            "건폐율":37,
            "Y":37.276435,
            "X":127.027972,
            "rank":81.0,
            "area_info":"34평(112.45), 34평(112.8), 34평(112.89)",
            "last_sales":"2021-09-28,50000.0,34평(112.8)",
            "rank_history":[
                [
                    "202203",
                    81
                ],
                [
                    "202202",
                    49
                ],
                [
                    "202201",
                    48
                ]
            ],
            "rank_gap":-32
        },
        {
            "index":437,
            "아파트명":"화서한신더휴",
            "투자타입":"일반",
            "전용면적(m2)":"94.43",
            "전용면적(평)":"28평",
            "법정동주소":"경기도 수원시 팔달구 화서동 769",
            "도로명주소":"경기도 수원시 팔달구 수성로258번길 52",
            "세대수":0,
            "입주년차":80,
            "용적률점수":"--",
            "건폐율점수":"--",
            "세대당주차수":30,
            "난방방식":100,
            "공급면적":"--",
            "전용률":"--",
            "욕실수":100,
            "현관타입":100,
            "주거총점":50.5,
            "지역구공급총점":0.0,
            "역세권":0,
            "30분내 이동가능 거점":20,
            "1시간내 이동가능 거점":80,
            "교통총점":22.0,
            "백화점":100,
            "아울렛몰":100,
            "대형마트":0,
            "은행":0,
            "병원":60,
            "종합병원":100,
            "공원":80,
            "혐오시설":0,
            "인프라총점":68.4,
            "초등학군":89.97,
            "중학군":41.94,
            "학군총점":51.546,
            "인구수":20.19,
            "인구증감":21.17,
            "인구총점":20.484,
            "일자리":9.46,
            "소득수준":100.0,
            "일자리총점":36.622,
            "가치 총점":46.0519,
            "매매실거래년":20220203.0,
            "매매실거래가":71000.0,
            "전세실거래년":20211216.0,
            "전세실거래가":28350.0,
            "전세가율":53.49,
            "장기전세가율평균":69.89,
            "전세가율거품지수":16.4,
            "검색코드":108025,
            "세대수":198.0,
            "준공년월":"2014-06-27",
            "준공년차":9.0,
            "가까운역이름":"동수원 (2028년 예정)",
            "가까운역거리":1019.85,
            "역세권여부":"비역세권",
            "30분이내주요거점역":1,
            "30분거점역이름":"['수원']",
            "1시간이내주요거점역":8,
            "1시간거점역이름":"['여의도', '수원시청', '가산디지털단지', '홍대입구', '수원', '구로디지털단지', '안산', 'GTX용인(2023년)']",
            "3km이내백화점수":2,
            "5km이내아울렛몰수":2,
            "1km이내대형먀트수":0,
            "500m이내은행수":0,
            "500m이내병원수":22,
            "5km이내대형병원수":5,
            "500m이내공원수":1,
            "3km이내혐오시설수":0,
            "초등학교학업성취도":89.97,
            "중학교학업성취도":69.9,
            "용적률":220,
            "건폐율":18,
            "Y":37.28731,
            "X":127.001849,
            "rank":82.0,
            "area_info":"28평(94.43), 33평(109.41), 33평(109.46), 33평(109.66), 33평(109.62)",
            "last_sales":"2022-02-03,71000.0,33평(109.41)",
            "rank_history":[
                [
                    "202203",
                    82
                ],
                [
                    "202202",
                    62
                ],
                [
                    "202201",
                    61
                ]
            ],
            "rank_gap":-20
        },
        {
            "index":317,
            "아파트명":"코스모골드(도시형)",
            "투자타입":"일반",
            "전용면적(m2)":"22.8",
            "전용면적(평)":"6평",
            "법정동주소":"경기도 수원시 팔달구 인계동 939-5",
            "도로명주소":"경기도 수원시 팔달구 장다리로 325",
            "세대수":0,
            "입주년차":80,
            "용적률점수":"--",
            "건폐율점수":"--",
            "세대당주차수":0,
            "난방방식":30,
            "공급면적":"--",
            "전용률":"--",
            "욕실수":50,
            "현관타입":10,
            "주거총점":25.0,
            "지역구공급총점":0.0,
            "역세권":0,
            "30분내 이동가능 거점":40,
            "1시간내 이동가능 거점":70,
            "교통총점":26.0,
            "백화점":100,
            "아울렛몰":100,
            "대형마트":0,
            "은행":70,
            "병원":60,
            "종합병원":100,
            "공원":100,
            "혐오시설":0,
            "인프라총점":76.0,
            "초등학군":89.98,
            "중학군":45.62,
            "학군총점":54.492,
            "인구수":20.19,
            "인구증감":21.17,
            "인구총점":20.484,
            "일자리":9.46,
            "소득수준":100.0,
            "일자리총점":36.622,
            "가치 총점":45.0738,
            "매매실거래년":20210602.0,
            "매매실거래가":7300.0,
            "전세실거래년":20220124.0,
            "전세실거래가":6200.0,
            "전세가율":112.73,
            "장기전세가율평균":69.89,
            "전세가율거품지수":-42.84,
            "검색코드":106056,
            "세대수":266.0,
            "준공년월":"2014-07-22",
            "준공년차":9.0,
            "가까운역이름":"아주대삼거리 (2028년 예정)",
            "가까운역거리":1197.34,
            "역세권여부":"비역세권",
            "30분이내주요거점역":2,
            "30분거점역이름":"['수원시청', '수원']",
            "1시간이내주요거점역":7,
            "1시간거점역이름":"['판교', '정자', '수원시청', '평촌', '가산디지털단지', '수원', 'GTX용인(2023년)']",
            "3km이내백화점수":1,
            "5km이내아울렛몰수":2,
            "1km이내대형먀트수":0,
            "500m이내은행수":3,
            "500m이내병원수":29,
            "5km이내대형병원수":4,
            "500m이내공원수":2,
            "3km이내혐오시설수":0,
            "초등학교학업성취도":89.98,
            "중학교학업성취도":75.5,
            "용적률":549,
            "건폐율":63,
            "Y":37.277237,
            "X":127.031266,
            "rank":83.0,
            "area_info":"6평(22.8), 6평(22.28), 6평(22.48), 6평(23.09), 7평(23.3), 7평(23.18), 7평(23.53), 7평(24.56), 7평(24.48), 7평(24.87), 7평(25.7)",
            "last_sales":"2021-06-02,7300.0,6평(23.09)",
            "rank_history":[
                [
                    "202203",
                    83
                ],
                [
                    "202202",
                    60
                ],
                [
                    "202201",
                    58
                ]
            ],
            "rank_gap":-23
        },
        {
            "index":358,
            "아파트명":"포레스트(도시형)",
            "투자타입":"일반",
            "전용면적(m2)":"19.85",
            "전용면적(평)":"6평",
            "법정동주소":"경기도 수원시 팔달구 지동 365-20",
            "도로명주소":"경기도 수원시 팔달구 세지로 279-1",
            "세대수":0,
            "입주년차":80,
            "용적률점수":"--",
            "건폐율점수":"--",
            "세대당주차수":0,
            "난방방식":30,
            "공급면적":"--",
            "전용률":"--",
            "욕실수":50,
            "현관타입":100,
            "주거총점":34.0,
            "지역구공급총점":0.0,
            "역세권":0,
            "30분내 이동가능 거점":20,
            "1시간내 이동가능 거점":80,
            "교통총점":22.0,
            "백화점":100,
            "아울렛몰":100,
            "대형마트":0,
            "은행":20,
            "병원":60,
            "종합병원":100,
            "공원":80,
            "혐오시설":0,
            "인프라총점":70.4,
            "초등학군":89.93,
            "중학군":55.38,
            "학군총점":62.29,
            "인구수":20.19,
            "인구증감":21.17,
            "인구총점":20.484,
            "일자리":9.46,
            "소득수준":100.0,
            "일자리총점":36.622,
            "가치 총점":44.9635,
            "매매실거래년":20211025.0,
            "매매실거래가":7000.0,
            "전세실거래년":20220222.0,
            "전세실거래가":7000.0,
            "전세가율":100.0,
            "장기전세가율평균":69.89,
            "전세가율거품지수":-30.11,
            "검색코드":116647,
            "세대수":184.0,
            "준공년월":"2014-03-27",
            "준공년차":9.0,
            "가까운역이름":"매교",
            "가까운역거리":1342.29,
            "역세권여부":"비역세권",
            "30분이내주요거점역":1,
            "30분거점역이름":"['수원']",
            "1시간이내주요거점역":8,
            "1시간거점역이름":"['판교', '정자', '수원시청', '평촌', '수원', '안산', '서현', 'GTX용인(2023년)']",
            "3km이내백화점수":2,
            "5km이내아울렛몰수":2,
            "1km이내대형먀트수":0,
            "500m이내은행수":2,
            "500m이내병원수":29,
            "5km이내대형병원수":4,
            "500m이내공원수":1,
            "3km이내혐오시설수":0,
            "초등학교학업성취도":89.93,
            "중학교학업성취도":92.3,
            "용적률":486,
            "건폐율":69,
            "Y":37.2761,
            "X":127.023194,
            "rank":84.0,
            "area_info":"6평(19.85), 5평(19.34), 6평(19.85), 7평(24.16), 7평(24.29), 7평(24.57), 7평(25.16), 7평(25.9), 8평(27.13), 8평(29.39), 9평(30.97), 9평(31.93), 10평(33.93), 10평(36.07), 12평(42.25)",
            "last_sales":"2021-10-25,7000.0,6평(19.85)",
            "rank_history":[
                [
                    "202203",
                    84
                ],
                [
                    "202202",
                    58
                ],
                [
                    "202201",
                    57
                ]
            ],
            "rank_gap":-26
        },
        {
            "index":267,
            "아파트명":"씨제이",
            "투자타입":"일반",
            "전용면적(m2)":"68.02",
            "전용면적(평)":"20평",
            "법정동주소":"경기도 수원시 팔달구 인계동 209-7",
            "도로명주소":"경기도 수원시 팔달구 경수대로565번길 26",
            "세대수":0,
            "입주년차":20,
            "용적률점수":"--",
            "건폐율점수":"--",
            "세대당주차수":0,
            "난방방식":30,
            "공급면적":"--",
            "전용률":"--",
            "욕실수":50,
            "현관타입":10,
            "주거총점":13.0,
            "지역구공급총점":0.0,
            "역세권":0,
            "30분내 이동가능 거점":40,
            "1시간내 이동가능 거점":70,
            "교통총점":26.0,
            "백화점":100,
            "아울렛몰":100,
            "대형마트":0,
            "은행":70,
            "병원":60,
            "종합병원":100,
            "공원":80,
            "혐오시설":0,
            "인프라총점":75.4,
            "초등학군":89.93,
            "중학군":45.62,
            "학군총점":54.482,
            "인구수":20.19,
            "인구증감":21.17,
            "인구총점":20.484,
            "일자리":9.46,
            "소득수준":100.0,
            "일자리총점":36.622,
            "가치 총점":42.4923,
            "매매실거래년":20210910.0,
            "매매실거래가":29200.0,
            "전세실거래년":20211007.0,
            "전세실거래가":17000.0,
            "전세가율":81.73,
            "장기전세가율평균":69.89,
            "전세가율거품지수":-11.84,
            "검색코드":17215,
            "세대수":211.0,
            "준공년월":"2001-05-29",
            "준공년차":22.0,
            "가까운역이름":"아주대삼거리 (2028년 예정)",
            "가까운역거리":1406.45,
            "역세권여부":"비역세권",
            "30분이내주요거점역":2,
            "30분거점역이름":"['수원시청', '수원']",
            "1시간이내주요거점역":7,
            "1시간거점역이름":"['판교', '정자', '수원시청', '가산디지털단지', '수원', '안산', 'GTX용인(2023년)']",
            "3km이내백화점수":2,
            "5km이내아울렛몰수":2,
            "1km이내대형먀트수":0,
            "500m이내은행수":3,
            "500m이내병원수":25,
            "5km이내대형병원수":4,
            "500m이내공원수":1,
            "3km이내혐오시설수":0,
            "초등학교학업성취도":89.93,
            "중학교학업성취도":75.5,
            "용적률":0,
            "건폐율":0,
            "Y":37.27654,
            "X":127.028726,
            "rank":85.0,
            "area_info":"20평(68.02), 23평(79.18)",
            "last_sales":"2021-09-10,29200.0,23평(79.18)",
            "rank_history":[
                [
                    "202203",
                    85
                ],
                [
                    "202202",
                    63
                ],
                [
                    "202201",
                    62
                ]
            ],
            "rank_gap":-22
        },
        {
            "index":356,
            "아파트명":"진우",
            "투자타입":"일반",
            "전용면적(m2)":"80.4",
            "전용면적(평)":"24평",
            "법정동주소":"경기도 수원시 팔달구 지동 138-3",
            "도로명주소":"경기도 수원시 팔달구 팔달문로 84",
            "세대수":0,
            "입주년차":0,
            "용적률점수":"--",
            "건폐율점수":"--",
            "세대당주차수":30,
            "난방방식":30,
            "공급면적":"--",
            "전용률":"--",
            "욕실수":50,
            "현관타입":100,
            "주거총점":22.5,
            "지역구공급총점":0.0,
            "역세권":0,
            "30분내 이동가능 거점":40,
            "1시간내 이동가능 거점":50,
            "교통총점":22.0,
            "백화점":100,
            "아울렛몰":100,
            "대형마트":0,
            "은행":0,
            "병원":60,
            "종합병원":100,
            "공원":100,
            "혐오시설":0,
            "인프라총점":69.0,
            "초등학군":89.93,
            "중학군":55.38,
            "학군총점":62.29,
            "인구수":20.19,
            "인구증감":21.17,
            "인구총점":20.484,
            "일자리":9.46,
            "소득수준":100.0,
            "일자리총점":36.622,
            "가치 총점":42.2435,
            "매매실거래년":20210421.0,
            "매매실거래가":18400.0,
            "전세실거래년":20200919.0,
            "전세실거래가":14500.0,
            "전세가율":78.8,
            "장기전세가율평균":69.89,
            "전세가율거품지수":-8.91,
            "검색코드":11507,
            "세대수":111.0,
            "준공년월":"1995-05-18",
            "준공년차":28.0,
            "가까운역이름":"수원월드컵경기장 (2028년 예정)",
            "가까운역거리":1179.1,
            "역세권여부":"비역세권",
            "30분이내주요거점역":2,
            "30분거점역이름":"['수원시청', '수원']",
            "1시간이내주요거점역":5,
            "1시간거점역이름":"['판교', '정자', '수원시청', '수원', 'GTX용인(2023년)']",
            "3km이내백화점수":2,
            "5km이내아울렛몰수":2,
            "1km이내대형먀트수":0,
            "500m이내은행수":1,
            "500m이내병원수":13,
            "5km이내대형병원수":4,
            "500m이내공원수":3,
            "3km이내혐오시설수":0,
            "초등학교학업성취도":89.93,
            "중학교학업성취도":92.3,
            "용적률":257,
            "건폐율":21,
            "Y":37.280311,
            "X":127.025904,
            "rank":86.0,
            "area_info":"24평(80.4), 34평(113.21)",
            "last_sales":"2021-04-21,18400.0,24평(80.4)",
            "rank_history":[
                [
                    "202203",
                    86
                ],
                [
                    "202202",
                    65
                ],
                [
                    "202201",
                    64
                ]
            ],
            "rank_gap":-21
        },
        {
            "index":420,
            "아파트명":"화서성원상떼빌",
            "투자타입":"일반",
            "전용면적(m2)":"84.81",
            "전용면적(평)":"25평",
            "법정동주소":"경기도 수원시 팔달구 화서동 11-11",
            "도로명주소":"경기도 수원시 팔달구 장안로5번길 45",
            "세대수":50,
            "입주년차":20,
            "용적률점수":"--",
            "건폐율점수":"--",
            "세대당주차수":30,
            "난방방식":30,
            "공급면적":"--",
            "전용률":"--",
            "욕실수":50,
            "현관타입":10,
            "주거총점":35.0,
            "지역구공급총점":0.0,
            "역세권":0,
            "30분내 이동가능 거점":20,
            "1시간내 이동가능 거점":60,
            "교통총점":18.0,
            "백화점":100,
            "아울렛몰":100,
            "대형마트":0,
            "은행":0,
            "병원":30,
            "종합병원":100,
            "공원":100,
            "혐오시설":0,
            "인프라총점":66.0,
            "초등학군":89.97,
            "중학군":48.36,
            "학군총점":56.682,
            "인구수":20.19,
            "인구증감":21.17,
            "인구총점":20.484,
            "일자리":9.46,
            "소득수준":100.0,
            "일자리총점":36.622,
            "가치 총점":41.6023,
            "매매실거래년":20211204.0,
            "매매실거래가":55500.0,
            "전세실거래년":20211022.0,
            "전세실거래가":30000.0,
            "전세가율":166.67,
            "장기전세가율평균":69.89,
            "전세가율거품지수":-96.78,
            "검색코드":8496,
            "세대수":508.0,
            "준공년월":"2001-12-04",
            "준공년차":22.0,
            "가까운역이름":"동수원 (2028년 예정)",
            "가까운역거리":1087.93,
            "역세권여부":"비역세권",
            "30분이내주요거점역":1,
            "30분거점역이름":"['수원']",
            "1시간이내주요거점역":6,
            "1시간거점역이름":"['여의도', '수원시청', '수원', '구로디지털단지', '안산', 'GTX용인(2023년)']",
            "3km이내백화점수":2,
            "5km이내아울렛몰수":2,
            "1km이내대형먀트수":0,
            "500m이내은행수":0,
            "500m이내병원수":6,
            "5km이내대형병원수":5,
            "500m이내공원수":3,
            "3km이내혐오시설수":0,
            "초등학교학업성취도":89.97,
            "중학교학업성취도":80.6,
            "용적률":238,
            "건폐율":22,
            "Y":37.284881,
            "X":127.004429,
            "rank":87.0,
            "area_info":"25평(84.81), 25평(84.41), 25평(85.64), 27평(92.34), 33평(109.18)",
            "last_sales":"2021-12-04,55500.0,33평(109.18)",
            "rank_history":[
                [
                    "202203",
                    87
                ],
                [
                    "202202",
                    70
                ],
                [
                    "202201",
                    69
                ]
            ],
            "rank_gap":-17
        },
        {
            "index":352,
            "아파트명":"삼호",
            "투자타입":"일반",
            "전용면적(m2)":"75.55",
            "전용면적(평)":"22평",
            "법정동주소":"경기도 수원시 팔달구 지동 138-24",
            "도로명주소":"경기도 수원시 팔달구 세지로314번길 17-19",
            "세대수":0,
            "입주년차":0,
            "용적률점수":"--",
            "건폐율점수":"--",
            "세대당주차수":30,
            "난방방식":30,
            "공급면적":"--",
            "전용률":"--",
            "욕실수":50,
            "현관타입":100,
            "주거총점":22.5,
            "지역구공급총점":0.0,
            "역세권":0,
            "30분내 이동가능 거점":20,
            "1시간내 이동가능 거점":70,
            "교통총점":20.0,
            "백화점":100,
            "아울렛몰":100,
            "대형마트":0,
            "은행":0,
            "병원":60,
            "종합병원":100,
            "공원":100,
            "혐오시설":0,
            "인프라총점":69.0,
            "초등학군":89.93,
            "중학군":55.38,
            "학군총점":62.29,
            "인구수":20.19,
            "인구증감":21.17,
            "인구총점":20.484,
            "일자리":9.46,
            "소득수준":100.0,
            "일자리총점":36.622,
            "가치 총점":41.5435,
            "매매실거래년":20211023.0,
            "매매실거래가":34500.0,
            "전세실거래년":null,
            "전세실거래가":null,
            "전세가율":null,
            "장기전세가율평균":69.89,
            "전세가율거품지수":null,
            "검색코드":10961,
            "세대수":89.0,
            "준공년월":"1995-11-01",
            "준공년차":28.0,
            "가까운역이름":"수원월드컵경기장 (2028년 예정)",
            "가까운역거리":1238.34,
            "역세권여부":"비역세권",
            "30분이내주요거점역":1,
            "30분거점역이름":"['수원']",
            "1시간이내주요거점역":7,
            "1시간거점역이름":"['판교', '정자', '수원시청', '평촌', '가산디지털단지', '수원', 'GTX용인(2023년)']",
            "3km이내백화점수":3,
            "5km이내아울렛몰수":2,
            "1km이내대형먀트수":0,
            "500m이내은행수":1,
            "500m이내병원수":12,
            "5km이내대형병원수":4,
            "500m이내공원수":3,
            "3km이내혐오시설수":0,
            "초등학교학업성취도":89.93,
            "중학교학업성취도":92.3,
            "용적률":220,
            "건폐율":32,
            "Y":37.279972,
            "X":127.025299,
            "rank":88.0,
            "area_info":"22평(75.55), 27평(91.72), 31평(104.01), 33평(109.91)",
            "last_sales":"2021-10-23,34500.0,33평(109.91)",
            "rank_history":[
                [
                    "202203",
                    88
                ],
                [
                    "202202",
                    9999
                ]
            ],
            "rank_gap":9999
        },
        {
            "index":344,
            "아파트명":"동오",
            "투자타입":"재건축",
            "전용면적(m2)":"49.66",
            "전용면적(평)":"15평",
            "법정동주소":"경기도 수원시 팔달구 지동 354-35",
            "도로명주소":"경기도 수원시 팔달구 팔달문로42번길 22",
            "세대수":0,
            "입주년차":"--",
            "용적률점수":0,
            "건폐율점수":0,
            "세대당주차수":"--",
            "난방방식":"--",
            "공급면적":50,
            "전용률":60,
            "욕실수":"--",
            "현관타입":"--",
            "주거총점":5.5,
            "지역구공급총점":0.0,
            "역세권":0,
            "30분내 이동가능 거점":20,
            "1시간내 이동가능 거점":80,
            "교통총점":22.0,
            "백화점":100,
            "아울렛몰":100,
            "대형마트":0,
            "은행":70,
            "병원":80,
            "종합병원":100,
            "공원":80,
            "혐오시설":0,
            "인프라총점":77.4,
            "초등학군":89.93,
            "중학군":55.38,
            "학군총점":62.29,
            "인구수":20.19,
            "인구증감":21.17,
            "인구총점":20.484,
            "일자리":9.46,
            "소득수준":100.0,
            "일자리총점":36.622,
            "가치 총점":41.3635,
            "매매실거래년":20180621.0,
            "매매실거래가":14000.0,
            "전세실거래년":20111001.0,
            "전세실거래가":4500.0,
            "전세가율":50.0,
            "장기전세가율평균":69.89,
            "전세가율거품지수":19.89,
            "검색코드":101457,
            "세대수":60.0,
            "준공년월":"1987-11-19",
            "준공년차":36.0,
            "가까운역이름":"매교",
            "가까운역거리":1467.49,
            "역세권여부":"비역세권",
            "30분이내주요거점역":1,
            "30분거점역이름":"['수원']",
            "1시간이내주요거점역":8,
            "1시간거점역이름":"['판교', '정자', '수원시청', '평촌', '가산디지털단지', '수원', '안산', 'GTX용인(2023년)']",
            "3km이내백화점수":2,
            "5km이내아울렛몰수":2,
            "1km이내대형먀트수":0,
            "500m이내은행수":4,
            "500m이내병원수":40,
            "5km이내대형병원수":4,
            "500m이내공원수":1,
            "3km이내혐오시설수":0,
            "초등학교학업성취도":89.93,
            "중학교학업성취도":92.3,
            "용적률":0,
            "건폐율":0,
            "Y":37.277677,
            "X":127.022341,
            "rank":89.0,
            "area_info":"15평(49.66), 15평(51.84), 16평(55.55), 16평(55.8), 18평(61.43), 18평(61.64), 18평(62.04), 20평(68.87)",
            "last_sales":"2018-06-21,14000.0,20평(68.87)",
            "rank_history":[
                [
                    "202203",
                    89
                ],
                [
                    "202202",
                    9999
                ]
            ],
            "rank_gap":9999
        },
        {
            "index":393,
            "아파트명":"벽산",
            "투자타입":"재건축",
            "전용면적(m2)":"90.87",
            "전용면적(평)":"27평",
            "법정동주소":"경기도 수원시 팔달구 화서동 11-41",
            "도로명주소":"경기도 수원시 팔달구 팔달로165번길 39",
            "세대수":0,
            "입주년차":"--",
            "용적률점수":0,
            "건폐율점수":80,
            "세대당주차수":"--",
            "난방방식":"--",
            "공급면적":70,
            "전용률":60,
            "욕실수":"--",
            "현관타입":"--",
            "주거총점":22.5,
            "지역구공급총점":0.0,
            "역세권":0,
            "30분내 이동가능 거점":20,
            "1시간내 이동가능 거점":70,
            "교통총점":20.0,
            "백화점":100,
            "아울렛몰":100,
            "대형마트":0,
            "은행":0,
            "병원":30,
            "종합병원":100,
            "공원":100,
            "혐오시설":0,
            "인프라총점":66.0,
            "초등학군":90.03,
            "중학군":48.36,
            "학군총점":56.694,
            "인구수":20.19,
            "인구증감":21.17,
            "인구총점":20.484,
            "일자리":9.46,
            "소득수준":100.0,
            "일자리총점":36.622,
            "가치 총점":39.8041,
            "매매실거래년":20210707.0,
            "매매실거래가":29000.0,
            "전세실거래년":20211207.0,
            "전세실거래가":20000.0,
            "전세가율":100.0,
            "장기전세가율평균":69.89,
            "전세가율거품지수":-30.11,
            "검색코드":8648,
            "세대수":238.0,
            "준공년월":"1991-11-20",
            "준공년차":32.0,
            "가까운역이름":"화서",
            "가까운역거리":1170.33,
            "역세권여부":"비역세권",
            "30분이내주요거점역":1,
            "30분거점역이름":"['수원']",
            "1시간이내주요거점역":7,
            "1시간거점역이름":"['여의도', '수원시청', '가산디지털단지', '수원', '구로디지털단지', '안산', 'GTX용인(2023년)']",
            "3km이내백화점수":2,
            "5km이내아울렛몰수":2,
            "1km이내대형먀트수":0,
            "500m이내은행수":0,
            "500m이내병원수":7,
            "5km이내대형병원수":5,
            "500m이내공원수":3,
            "3km이내혐오시설수":0,
            "초등학교학업성취도":90.03,
            "중학교학업성취도":80.6,
            "용적률":245,
            "건폐율":22,
            "Y":37.283651,
            "X":127.002833,
            "rank":90.0,
            "area_info":"27평(90.87), 31평(103.06), 42평(139.09)",
            "last_sales":"2021-07-07,29000.0,42평(139.09)",
            "rank_history":[
                [
                    "202203",
                    90
                ],
                [
                    "202202",
                    69
                ],
                [
                    "202201",
                    68
                ]
            ],
            "rank_gap":-21
        },
        {
            "index":315,
            "아파트명":"장안",
            "투자타입":"일반",
            "전용면적(m2)":"85.0",
            "전용면적(평)":"25평",
            "법정동주소":"경기도 수원시 팔달구 인계동 261-1",
            "도로명주소":"경기도 수원시 팔달구 장다리로 269",
            "세대수":0,
            "입주년차":0,
            "용적률점수":"--",
            "건폐율점수":"--",
            "세대당주차수":0,
            "난방방식":30,
            "공급면적":"--",
            "전용률":"--",
            "욕실수":50,
            "현관타입":10,
            "주거총점":9.0,
            "지역구공급총점":0.0,
            "역세권":0,
            "30분내 이동가능 거점":40,
            "1시간내 이동가능 거점":60,
            "교통총점":24.0,
            "백화점":100,
            "아울렛몰":100,
            "대형마트":0,
            "은행":0,
            "병원":60,
            "종합병원":100,
            "공원":100,
            "혐오시설":0,
            "인프라총점":69.0,
            "초등학군":90.0,
            "중학군":42.18,
            "학군총점":51.744,
            "인구수":20.19,
            "인구증감":21.17,
            "인구총점":20.484,
            "일자리":9.46,
            "소득수준":100.0,
            "일자리총점":36.622,
            "가치 총점":38.6616,
            "매매실거래년":20210831.0,
            "매매실거래가":30000.0,
            "전세실거래년":20210316.0,
            "전세실거래가":18000.0,
            "전세가율":72.0,
            "장기전세가율평균":69.89,
            "전세가율거품지수":-2.11,
            "검색코드":1842,
            "세대수":102.0,
            "준공년월":"1995-12-06",
            "준공년차":28.0,
            "가까운역이름":"매교",
            "가까운역거리":1333.72,
            "역세권여부":"비역세권",
            "30분이내주요거점역":2,
            "30분거점역이름":"['수원시청', '수원']",
            "1시간이내주요거점역":6,
            "1시간거점역이름":"['판교', '정자', '수원시청', '수원', '안산', 'GTX용인(2023년)']",
            "3km이내백화점수":3,
            "5km이내아울렛몰수":2,
            "1km이내대형먀트수":0,
            "500m이내은행수":1,
            "500m이내병원수":17,
            "5km이내대형병원수":4,
            "500m이내공원수":3,
            "3km이내혐오시설수":0,
            "초등학교학업성취도":90.0,
            "중학교학업성취도":70.3,
            "용적률":326,
            "건폐율":24,
            "Y":37.273616,
            "X":127.027016,
            "rank":91.0,
            "area_info":"25평(85.0), 36평(121.64)",
            "last_sales":"2021-08-31,30000.0,36평(121.64)",
            "rank_history":[
                [
                    "202203",
                    91
                ],
                [
                    "202202",
                    74
                ],
                [
                    "202201",
                    73
                ]
            ],
            "rank_gap":-17
        },
        {
            "index":406,
            "아파트명":"수정",
            "투자타입":"재건축",
            "전용면적(m2)":"87.15",
            "전용면적(평)":"26평",
            "법정동주소":"경기도 수원시 팔달구 화서동 97-2",
            "도로명주소":"경기도 수원시 팔달구 동말로68번길 15",
            "세대수":0,
            "입주년차":"--",
            "용적률점수":0,
            "건폐율점수":0,
            "세대당주차수":"--",
            "난방방식":"--",
            "공급면적":70,
            "전용률":40,
            "욕실수":"--",
            "현관타입":"--",
            "주거총점":5.5,
            "지역구공급총점":0.0,
            "역세권":0,
            "30분내 이동가능 거점":20,
            "1시간내 이동가능 거점":70,
            "교통총점":20.0,
            "백화점":100,
            "아울렛몰":100,
            "대형마트":0,
            "은행":0,
            "병원":80,
            "종합병원":100,
            "공원":100,
            "혐오시설":0,
            "인프라총점":71.0,
            "초등학군":90.08,
            "중학군":48.36,
            "학군총점":56.704,
            "인구수":20.19,
            "인구증감":21.17,
            "인구총점":20.484,
            "일자리":9.46,
            "소득수준":100.0,
            "일자리총점":36.622,
            "가치 총점":37.9056,
            "매매실거래년":"18000101",
            "매매실거래가":null,
            "전세실거래년":null,
            "전세실거래가":null,
            "전세가율":null,
            "장기전세가율평균":69.89,
            "전세가율거품지수":null,
            "검색코드":112406,
            "세대수":77.0,
            "준공년월":"1990-06-04",
            "준공년차":33.0,
            "가까운역이름":"화서",
            "가까운역거리":1290.02,
            "역세권여부":"비역세권",
            "30분이내주요거점역":1,
            "30분거점역이름":"['수원']",
            "1시간이내주요거점역":7,
            "1시간거점역이름":"['정자', '수원시청', '평촌', '가산디지털단지', '수원', '안산', 'GTX용인(2023년)']",
            "3km이내백화점수":2,
            "5km이내아울렛몰수":2,
            "1km이내대형먀트수":0,
            "500m이내은행수":1,
            "500m이내병원수":40,
            "5km이내대형병원수":5,
            "500m이내공원수":6,
            "3km이내혐오시설수":0,
            "초등학교학업성취도":90.08,
            "중학교학업성취도":80.6,
            "용적률":0,
            "건폐율":0,
            "Y":37.278294,
            "X":127.002306,
            "rank":92.0,
            "area_info":"26평(87.15), 26평(88.12)",
            "last_sales":"1800-01-01,nan,26평(87.15)",
            "rank_history":[
                [
                    "202203",
                    92
                ],
                [
                    "202202",
                    9999
                ]
            ],
            "rank_gap":9999
        }
    ]
}