{
    "schema":{
        "fields":[
            {
                "name":"index",
                "type":"integer"
            },
            {
                "name":"아파트명",
                "type":"string"
            },
            {
                "name":"투자타입",
                "type":"string"
            },
            {
                "name":"전용면적(m2)",
                "type":"string"
            },
            {
                "name":"전용면적(평)",
                "type":"string"
            },
            {
                "name":"법정동주소",
                "type":"string"
            },
            {
                "name":"도로명주소",
                "type":"string"
            },
            {
                "name":"세대수",
                "type":"integer"
            },
            {
                "name":"입주년차",
                "type":"string"
            },
            {
                "name":"용적률점수",
                "type":"string"
            },
            {
                "name":"건폐율점수",
                "type":"string"
            },
            {
                "name":"세대당주차수",
                "type":"string"
            },
            {
                "name":"난방방식",
                "type":"string"
            },
            {
                "name":"공급면적",
                "type":"string"
            },
            {
                "name":"전용률",
                "type":"string"
            },
            {
                "name":"욕실수",
                "type":"string"
            },
            {
                "name":"현관타입",
                "type":"string"
            },
            {
                "name":"주거총점",
                "type":"number"
            },
            {
                "name":"지역구공급총점",
                "type":"number"
            },
            {
                "name":"역세권",
                "type":"integer"
            },
            {
                "name":"30분내 이동가능 거점",
                "type":"integer"
            },
            {
                "name":"1시간내 이동가능 거점",
                "type":"integer"
            },
            {
                "name":"교통총점",
                "type":"number"
            },
            {
                "name":"백화점",
                "type":"integer"
            },
            {
                "name":"아울렛몰",
                "type":"integer"
            },
            {
                "name":"대형마트",
                "type":"integer"
            },
            {
                "name":"은행",
                "type":"integer"
            },
            {
                "name":"병원",
                "type":"integer"
            },
            {
                "name":"종합병원",
                "type":"integer"
            },
            {
                "name":"공원",
                "type":"integer"
            },
            {
                "name":"혐오시설",
                "type":"integer"
            },
            {
                "name":"인프라총점",
                "type":"number"
            },
            {
                "name":"초등학군",
                "type":"number"
            },
            {
                "name":"중학군",
                "type":"number"
            },
            {
                "name":"학군총점",
                "type":"number"
            },
            {
                "name":"인구수",
                "type":"number"
            },
            {
                "name":"인구증감",
                "type":"number"
            },
            {
                "name":"인구총점",
                "type":"number"
            },
            {
                "name":"일자리",
                "type":"number"
            },
            {
                "name":"소득수준",
                "type":"number"
            },
            {
                "name":"일자리총점",
                "type":"number"
            },
            {
                "name":"가치 총점",
                "type":"number"
            },
            {
                "name":"매매실거래년",
                "type":"string"
            },
            {
                "name":"매매실거래가",
                "type":"number"
            },
            {
                "name":"전세실거래년",
                "type":"number"
            },
            {
                "name":"전세실거래가",
                "type":"number"
            },
            {
                "name":"전세가율",
                "type":"number"
            },
            {
                "name":"장기전세가율평균",
                "type":"number"
            },
            {
                "name":"전세가율거품지수",
                "type":"number"
            },
            {
                "name":"검색코드",
                "type":"integer"
            },
            {
                "name":"세대수",
                "type":"number"
            },
            {
                "name":"준공년월",
                "type":"string"
            },
            {
                "name":"준공년차",
                "type":"number"
            },
            {
                "name":"가까운역이름",
                "type":"string"
            },
            {
                "name":"가까운역거리",
                "type":"number"
            },
            {
                "name":"역세권여부",
                "type":"string"
            },
            {
                "name":"30분이내주요거점역",
                "type":"integer"
            },
            {
                "name":"30분거점역이름",
                "type":"string"
            },
            {
                "name":"1시간이내주요거점역",
                "type":"integer"
            },
            {
                "name":"1시간거점역이름",
                "type":"string"
            },
            {
                "name":"3km이내백화점수",
                "type":"integer"
            },
            {
                "name":"5km이내아울렛몰수",
                "type":"integer"
            },
            {
                "name":"1km이내대형먀트수",
                "type":"integer"
            },
            {
                "name":"500m이내은행수",
                "type":"integer"
            },
            {
                "name":"500m이내병원수",
                "type":"integer"
            },
            {
                "name":"5km이내대형병원수",
                "type":"integer"
            },
            {
                "name":"500m이내공원수",
                "type":"integer"
            },
            {
                "name":"3km이내혐오시설수",
                "type":"integer"
            },
            {
                "name":"초등학교학업성취도",
                "type":"number"
            },
            {
                "name":"중학교학업성취도",
                "type":"number"
            },
            {
                "name":"용적률",
                "type":"integer"
            },
            {
                "name":"건폐율",
                "type":"integer"
            },
            {
                "name":"Y",
                "type":"number"
            },
            {
                "name":"X",
                "type":"number"
            },
            {
                "name":"rank",
                "type":"number"
            },
            {
                "name":"area_info",
                "type":"string"
            },
            {
                "name":"last_sales",
                "type":"string"
            },
            {
                "name":"rank_history",
                "type":"string"
            },
            {
                "name":"rank_gap",
                "type":"integer"
            }
        ],
        "primaryKey":[
            "index"
        ],
        "pandas_version":"1.4.0"
    },
    "data":[
        {
            "index":343,
            "아파트명":"화서역파크푸르지오",
            "투자타입":"일반",
            "전용면적(m2)":"83.88",
            "전용면적(평)":"25평",
            "법정동주소":"경기도 수원시 장안구 정자동 950",
            "도로명주소":"경기도 수원시 장안구 대평로 27",
            "세대수":100,
            "입주년차":100,
            "용적률점수":"--",
            "건폐율점수":"--",
            "세대당주차수":30,
            "난방방식":100,
            "공급면적":"--",
            "전용률":"--",
            "욕실수":100,
            "현관타입":100,
            "주거총점":89.5,
            "지역구공급총점":0.0,
            "역세권":50,
            "30분내 이동가능 거점":20,
            "1시간내 이동가능 거점":50,
            "교통총점":41.0,
            "백화점":100,
            "아울렛몰":80,
            "대형마트":80,
            "은행":0,
            "병원":30,
            "종합병원":100,
            "공원":100,
            "혐오시설":0,
            "인프라총점":76.0,
            "초등학군":90.46,
            "중학군":51.38,
            "학군총점":59.196,
            "인구수":31.14,
            "인구증감":-0.27,
            "인구총점":21.717,
            "일자리":14.6,
            "소득수준":100.0,
            "일자리총점":40.22,
            "가치 총점":63.9294,
            "매매실거래년":20210724.0,
            "매매실거래가":83570.0,
            "전세실거래년":null,
            "전세실거래가":null,
            "전세가율":null,
            "장기전세가율평균":74.2,
            "전세가율거품지수":null,
            "검색코드":121991,
            "세대수":2355.0,
            "준공년월":"2021-08-01",
            "준공년차":2.0,
            "가까운역이름":"화서",
            "가까운역거리":831.36,
            "역세권여부":"준역세권",
            "30분이내주요거점역":1,
            "30분거점역이름":"['수원']",
            "1시간이내주요거점역":5,
            "1시간거점역이름":"['수원시청', '평촌', '가산디지털단지', '수원', '안산']",
            "3km이내백화점수":2,
            "5km이내아울렛몰수":1,
            "1km이내대형먀트수":1,
            "500m이내은행수":0,
            "500m이내병원수":8,
            "5km이내대형병원수":5,
            "500m이내공원수":2,
            "3km이내혐오시설수":0,
            "초등학교학업성취도":90.46,
            "중학교학업성취도":84.9,
            "용적률":499,
            "건폐율":27,
            "Y":37.290021,
            "X":126.995186,
            "rank":1.0,
            "area_info":"25평(83.88), 25평(84.89), 31평(104.15), 31평(105.06), 35평(116.95), 35평(118.48), 35평(118.82), 42평(140.71), 42평(141.23), 44평(148.32), 44평(148.12), 63평(208.76), 63평(208.51)",
            "last_sales":"2021-07-24,83570.0,25평(84.89)",
            "rank_history":[
                [
                    "202203",
                    1
                ],
                [
                    "202202",
                    1
                ],
                [
                    "202201",
                    2
                ]
            ],
            "rank_gap":0
        },
        {
            "index":0,
            "아파트명":"대성",
            "투자타입":"재건축",
            "전용면적(m2)":"67.32",
            "전용면적(평)":"20평",
            "법정동주소":"경기도 수원시 장안구 송죽동 498-3",
            "도로명주소":"경기도 수원시 장안구 경수대로939번길 12-6",
            "세대수":0,
            "입주년차":"--",
            "용적률점수":100,
            "건폐율점수":80,
            "세대당주차수":"--",
            "난방방식":"--",
            "공급면적":50,
            "전용률":80,
            "욕실수":"--",
            "현관타입":"--",
            "주거총점":62.5,
            "지역구공급총점":0.0,
            "역세권":80,
            "30분내 이동가능 거점":20,
            "1시간내 이동가능 거점":100,
            "교통총점":66.0,
            "백화점":0,
            "아울렛몰":100,
            "대형마트":80,
            "은행":70,
            "병원":80,
            "종합병원":100,
            "공원":100,
            "혐오시설":0,
            "인프라총점":60.0,
            "초등학군":90.02,
            "중학군":50.66,
            "학군총점":58.532,
            "인구수":31.14,
            "인구증감":-0.27,
            "인구총점":21.717,
            "일자리":14.6,
            "소득수준":100.0,
            "일자리총점":40.22,
            "가치 총점":62.3798,
            "매매실거래년":20210703.0,
            "매매실거래가":26000.0,
            "전세실거래년":20200915.0,
            "전세실거래가":12000.0,
            "전세가율":54.55,
            "장기전세가율평균":74.2,
            "전세가율거품지수":19.65,
            "검색코드":8622,
            "세대수":80.0,
            "준공년월":"1989-02-13",
            "준공년차":34.0,
            "가까운역이름":"장안구청 (2028년 예정)",
            "가까운역거리":290.64,
            "역세권여부":"역세권",
            "30분이내주요거점역":1,
            "30분거점역이름":"['수원']",
            "1시간이내주요거점역":12,
            "1시간거점역이름":"['강남', '역삼', '잠실', '양재', '수원시청', '평촌', '가산디지털단지', '수원', '구로디지털단지', '명동', '안산', 'GTX용인(2023년)']",
            "3km이내백화점수":0,
            "5km이내아울렛몰수":2,
            "1km이내대형먀트수":1,
            "500m이내은행수":3,
            "500m이내병원수":53,
            "5km이내대형병원수":4,
            "500m이내공원수":4,
            "3km이내혐오시설수":0,
            "초등학교학업성취도":90.02,
            "중학교학업성취도":82.5,
            "용적률":133,
            "건폐율":27,
            "Y":37.302796,
            "X":127.006765,
            "rank":2.0,
            "area_info":"20평(67.32), 20평(68.04), 20평(68.28)",
            "last_sales":"2021-07-03,26000.0,20평(68.04)",
            "rank_history":[
                [
                    "202203",
                    2
                ],
                [
                    "202202",
                    9999
                ]
            ],
            "rank_gap":9999
        },
        {
            "index":387,
            "아파트명":"수원한일타운",
            "투자타입":"일반",
            "전용면적(m2)":"81.83",
            "전용면적(평)":"24평",
            "법정동주소":"경기도 수원시 장안구 조원동 881",
            "도로명주소":"경기도 수원시 장안구 경수대로976번길 22",
            "세대수":100,
            "입주년차":20,
            "용적률점수":"--",
            "건폐율점수":"--",
            "세대당주차수":30,
            "난방방식":100,
            "공급면적":"--",
            "전용률":"--",
            "욕실수":50,
            "현관타입":100,
            "주거총점":68.5,
            "지역구공급총점":0.0,
            "역세권":80,
            "30분내 이동가능 거점":20,
            "1시간내 이동가능 거점":80,
            "교통총점":62.0,
            "백화점":0,
            "아울렛몰":100,
            "대형마트":80,
            "은행":70,
            "병원":80,
            "종합병원":100,
            "공원":100,
            "혐오시설":0,
            "인프라총점":60.0,
            "초등학군":89.97,
            "중학군":50.66,
            "학군총점":58.522,
            "인구수":31.14,
            "인구증감":-0.27,
            "인구총점":21.717,
            "일자리":14.6,
            "소득수준":100.0,
            "일자리총점":40.22,
            "가치 총점":62.1783,
            "매매실거래년":20220111.0,
            "매매실거래가":54700.0,
            "전세실거래년":20220220.0,
            "전세실거래가":33000.0,
            "전세가율":60.33,
            "장기전세가율평균":74.2,
            "전세가율거품지수":13.87,
            "검색코드":2712,
            "세대수":5282.0,
            "준공년월":"1999-08-27",
            "준공년차":24.0,
            "가까운역이름":"장안구청 (2028년 예정)",
            "가까운역거리":488.97,
            "역세권여부":"역세권",
            "30분이내주요거점역":1,
            "30분거점역이름":"['수원']",
            "1시간이내주요거점역":8,
            "1시간거점역이름":"['강남', '역삼', '양재', '수원시청', '평촌', '수원', '구로디지털단지', 'GTX용인(2023년)']",
            "3km이내백화점수":0,
            "5km이내아울렛몰수":2,
            "1km이내대형먀트수":1,
            "500m이내은행수":3,
            "500m이내병원수":57,
            "5km이내대형병원수":4,
            "500m이내공원수":2,
            "3km이내혐오시설수":0,
            "초등학교학업성취도":89.97,
            "중학교학업성취도":82.5,
            "용적률":280,
            "건폐율":17,
            "Y":37.305843,
            "X":127.008079,
            "rank":3.0,
            "area_info":"24평(81.83), 24평(81.98), 33평(109.23), 38평(127.28), 45평(149.71), 50평(165.29), 62평(205.52)",
            "last_sales":"2022-01-11,54700.0,24평(81.83)",
            "rank_history":[
                [
                    "202203",
                    3
                ],
                [
                    "202202",
                    16
                ],
                [
                    "202201",
                    13
                ]
            ],
            "rank_gap":13
        },
        {
            "index":169,
            "아파트명":"천록",
            "투자타입":"재건축",
            "전용면적(m2)":"56.25",
            "전용면적(평)":"17평",
            "법정동주소":"경기도 수원시 장안구 율전동 276-3",
            "도로명주소":"경기도 수원시 장안구 화산로203번길 24",
            "세대수":0,
            "입주년차":"--",
            "용적률점수":100,
            "건폐율점수":80,
            "세대당주차수":"--",
            "난방방식":"--",
            "공급면적":50,
            "전용률":60,
            "욕실수":"--",
            "현관타입":"--",
            "주거총점":61.5,
            "지역구공급총점":0.0,
            "역세권":80,
            "30분내 이동가능 거점":40,
            "1시간내 이동가능 거점":90,
            "교통총점":70.0,
            "백화점":0,
            "아울렛몰":80,
            "대형마트":80,
            "은행":0,
            "병원":60,
            "종합병원":100,
            "공원":80,
            "혐오시설":0,
            "인프라총점":48.4,
            "초등학군":89.99,
            "중학군":55.62,
            "학군총점":62.494,
            "인구수":31.14,
            "인구증감":-0.27,
            "인구총점":21.717,
            "일자리":14.6,
            "소득수준":100.0,
            "일자리총점":40.22,
            "가치 총점":60.6941,
            "매매실거래년":20220110.0,
            "매매실거래가":24000.0,
            "전세실거래년":20220108.0,
            "전세실거래가":13000.0,
            "전세가율":54.17,
            "장기전세가율평균":74.2,
            "전세가율거품지수":20.03,
            "검색코드":1827,
            "세대수":230.0,
            "준공년월":"1983-06-01",
            "준공년차":40.0,
            "가까운역이름":"성균관대",
            "가까운역거리":393.9,
            "역세권여부":"역세권",
            "30분이내주요거점역":2,
            "30분거점역이름":"['평촌', '수원']",
            "1시간이내주요거점역":9,
            "1시간거점역이름":"['여의도', '양재', '수원시청', '평촌', '가산디지털단지', '수원', '구로디지털단지', '안산', 'GTX용인(2023년)']",
            "3km이내백화점수":0,
            "5km이내아울렛몰수":1,
            "1km이내대형먀트수":1,
            "500m이내은행수":1,
            "500m이내병원수":26,
            "5km이내대형병원수":2,
            "500m이내공원수":1,
            "3km이내혐오시설수":0,
            "초등학교학업성취도":89.99,
            "중학교학업성취도":91.7,
            "용적률":104,
            "건폐율":20,
            "Y":37.298151,
            "X":126.974534,
            "rank":4.0,
            "area_info":"17평(56.25), 22평(75.39)",
            "last_sales":"2022-01-10,24000.0,17평(56.25)",
            "rank_history":[
                [
                    "202203",
                    4
                ],
                [
                    "202202",
                    2
                ],
                [
                    "202201",
                    1
                ]
            ],
            "rank_gap":-2
        },
        {
            "index":3,
            "아파트명":"동양파라곤",
            "투자타입":"일반",
            "전용면적(m2)":"111.58",
            "전용면적(평)":"33평",
            "법정동주소":"경기도 수원시 장안구 송죽동 499-3",
            "도로명주소":"경기도 수원시 장안구 경수대로 935",
            "세대수":0,
            "입주년차":40,
            "용적률점수":"--",
            "건폐율점수":"--",
            "세대당주차수":60,
            "난방방식":30,
            "공급면적":"--",
            "전용률":"--",
            "욕실수":100,
            "현관타입":100,
            "주거총점":40.0,
            "지역구공급총점":0.0,
            "역세권":80,
            "30분내 이동가능 거점":20,
            "1시간내 이동가능 거점":100,
            "교통총점":66.0,
            "백화점":0,
            "아울렛몰":100,
            "대형마트":80,
            "은행":70,
            "병원":80,
            "종합병원":100,
            "공원":100,
            "혐오시설":0,
            "인프라총점":60.0,
            "초등학군":90.02,
            "중학군":37.02,
            "학군총점":47.62,
            "인구수":31.14,
            "인구증감":-0.27,
            "인구총점":21.717,
            "일자리":14.6,
            "소득수준":100.0,
            "일자리총점":40.22,
            "가치 총점":56.243,
            "매매실거래년":20210522.0,
            "매매실거래가":39620.0,
            "전세실거래년":20201209.0,
            "전세실거래가":28350.0,
            "전세가율":71.55,
            "장기전세가율평균":74.2,
            "전세가율거품지수":2.65,
            "검색코드":23805,
            "세대수":76.0,
            "준공년월":"2006-02-24",
            "준공년차":17.0,
            "가까운역이름":"장안구청 (2028년 예정)",
            "가까운역거리":179.81,
            "역세권여부":"역세권",
            "30분이내주요거점역":1,
            "30분거점역이름":"['수원']",
            "1시간이내주요거점역":11,
            "1시간거점역이름":"['강남', '역삼', '양재', '수원시청', '평촌', '가산디지털단지', '수원', '구로디지털단지', '명동', '안산', 'GTX용인(2023년)']",
            "3km이내백화점수":0,
            "5km이내아울렛몰수":2,
            "1km이내대형먀트수":1,
            "500m이내은행수":3,
            "500m이내병원수":54,
            "5km이내대형병원수":4,
            "500m이내공원수":3,
            "3km이내혐오시설수":0,
            "초등학교학업성취도":90.02,
            "중학교학업성취도":61.7,
            "용적률":398,
            "건폐율":78,
            "Y":37.30193,
            "X":127.007713,
            "rank":5.0,
            "area_info":"33평(111.58), 33평(111.68)",
            "last_sales":"2021-05-22,39620.0,33평(111.58)",
            "rank_history":[
                [
                    "202203",
                    5
                ],
                [
                    "202202",
                    9999
                ]
            ],
            "rank_gap":9999
        },
        {
            "index":29,
            "아파트명":"수원로얄팰리스",
            "투자타입":"일반",
            "전용면적(m2)":"34.84",
            "전용면적(평)":"10평",
            "법정동주소":"경기도 수원시 장안구 송죽동 514",
            "도로명주소":"경기도 수원시 장안구 송정로 83",
            "세대수":50,
            "입주년차":40,
            "용적률점수":"--",
            "건폐율점수":"--",
            "세대당주차수":30,
            "난방방식":30,
            "공급면적":"--",
            "전용률":"--",
            "욕실수":50,
            "현관타입":100,
            "주거총점":48.0,
            "지역구공급총점":0.0,
            "역세권":80,
            "30분내 이동가능 거점":40,
            "1시간내 이동가능 거점":80,
            "교통총점":68.0,
            "백화점":0,
            "아울렛몰":100,
            "대형마트":80,
            "은행":0,
            "병원":60,
            "종합병원":100,
            "공원":100,
            "혐오시설":0,
            "인프라총점":51.0,
            "초등학군":89.99,
            "중학군":37.02,
            "학군총점":47.614,
            "인구수":31.14,
            "인구증감":-0.27,
            "인구총점":21.717,
            "일자리":14.6,
            "소득수준":100.0,
            "일자리총점":40.22,
            "가치 총점":55.8421,
            "매매실거래년":20220208.0,
            "매매실거래가":13500.0,
            "전세실거래년":20210825.0,
            "전세실거래가":11000.0,
            "전세가율":81.48,
            "장기전세가율평균":74.2,
            "전세가율거품지수":-7.28,
            "검색코드":13403,
            "세대수":614.0,
            "준공년월":"2006-01-27",
            "준공년차":17.0,
            "가까운역이름":"동수원 (2028년 예정)",
            "가까운역거리":439.44,
            "역세권여부":"역세권",
            "30분이내주요거점역":2,
            "30분거점역이름":"['수원시청', '수원']",
            "1시간이내주요거점역":8,
            "1시간거점역이름":"['강남', '양재', '수원시청', '평촌', '가산디지털단지', '수원', '안산', 'GTX용인(2023년)']",
            "3km이내백화점수":0,
            "5km이내아울렛몰수":2,
            "1km이내대형먀트수":1,
            "500m이내은행수":1,
            "500m이내병원수":15,
            "5km이내대형병원수":4,
            "500m이내공원수":2,
            "3km이내혐오시설수":0,
            "초등학교학업성취도":89.99,
            "중학교학업성취도":61.7,
            "용적률":431,
            "건폐율":82,
            "Y":37.296283,
            "X":127.007054,
            "rank":6.0,
            "area_info":"10평(34.84), 10평(36.3), 15평(52.67), 21평(70.64), 24평(80.27), 33평(111.12), 44평(145.51)",
            "last_sales":"2022-02-08,13500.0,10평(34.84)",
            "rank_history":[
                [
                    "202203",
                    6
                ],
                [
                    "202202",
                    52
                ],
                [
                    "202201",
                    48
                ]
            ],
            "rank_gap":46
        },
        {
            "index":444,
            "아파트명":"한일,신안",
            "투자타입":"일반",
            "전용면적(m2)":"130.93",
            "전용면적(평)":"39평",
            "법정동주소":"경기도 수원시 장안구 천천동 563",
            "도로명주소":"경기도 수원시 장안구 하률로30번길 22",
            "세대수":50,
            "입주년차":0,
            "용적률점수":"--",
            "건폐율점수":"--",
            "세대당주차수":60,
            "난방방식":100,
            "공급면적":"--",
            "전용률":"--",
            "욕실수":100,
            "현관타입":100,
            "주거총점":56.5,
            "지역구공급총점":0.0,
            "역세권":80,
            "30분내 이동가능 거점":40,
            "1시간내 이동가능 거점":90,
            "교통총점":70.0,
            "백화점":0,
            "아울렛몰":80,
            "대형마트":80,
            "은행":0,
            "병원":60,
            "종합병원":100,
            "공원":100,
            "혐오시설":0,
            "인프라총점":49.0,
            "초등학군":89.99,
            "중학군":21.12,
            "학군총점":34.894,
            "인구수":31.14,
            "인구증감":-0.27,
            "인구총점":21.717,
            "일자리":14.6,
            "소득수준":100.0,
            "일자리총점":40.22,
            "가치 총점":55.7341,
            "매매실거래년":20211225.0,
            "매매실거래가":83000.0,
            "전세실거래년":20220203.0,
            "전세실거래가":40000.0,
            "전세가율":50.63,
            "장기전세가율평균":74.2,
            "전세가율거품지수":23.57,
            "검색코드":2492,
            "세대수":456.0,
            "준공년월":"1997-12-17",
            "준공년차":26.0,
            "가까운역이름":"성균관대",
            "가까운역거리":453.99,
            "역세권여부":"역세권",
            "30분이내주요거점역":2,
            "30분거점역이름":"['수원시청', '수원']",
            "1시간이내주요거점역":9,
            "1시간거점역이름":"['강남', '양재', '수원시청', '평촌', '가산디지털단지', '수원', '구로디지털단지', '안산', 'GTX용인(2023년)']",
            "3km이내백화점수":0,
            "5km이내아울렛몰수":1,
            "1km이내대형먀트수":1,
            "500m이내은행수":1,
            "500m이내병원수":14,
            "5km이내대형병원수":2,
            "500m이내공원수":4,
            "3km이내혐오시설수":0,
            "초등학교학업성취도":89.99,
            "중학교학업성취도":35.2,
            "용적률":225,
            "건폐율":19,
            "Y":37.30238,
            "X":126.97546,
            "rank":7.0,
            "area_info":"39평(130.93), 50평(167.96)",
            "last_sales":"2021-12-25,83000.0,50평(167.96)",
            "rank_history":[
                [
                    "202203",
                    7
                ],
                [
                    "202202",
                    6
                ],
                [
                    "202201",
                    6
                ]
            ],
            "rank_gap":-1
        },
        {
            "index":36,
            "아파트명":"수원아너스빌위즈",
            "투자타입":"일반",
            "전용면적(m2)":"86.03",
            "전용면적(평)":"26평",
            "법정동주소":"경기도 수원시 장안구 송죽동 517",
            "도로명주소":"경기도 수원시 장안구 송원로 20",
            "세대수":80,
            "입주년차":80,
            "용적률점수":"--",
            "건폐율점수":"--",
            "세대당주차수":60,
            "난방방식":30,
            "공급면적":"--",
            "전용률":"--",
            "욕실수":100,
            "현관타입":100,
            "주거총점":76.0,
            "지역구공급총점":0.0,
            "역세권":50,
            "30분내 이동가능 거점":40,
            "1시간내 이동가능 거점":70,
            "교통총점":51.0,
            "백화점":0,
            "아울렛몰":100,
            "대형마트":80,
            "은행":0,
            "병원":60,
            "종합병원":100,
            "공원":100,
            "혐오시설":0,
            "인프라총점":51.0,
            "초등학군":90.02,
            "중학군":37.02,
            "학군총점":47.62,
            "인구수":31.14,
            "인구증감":-0.27,
            "인구총점":21.717,
            "일자리":14.6,
            "소득수준":100.0,
            "일자리총점":40.22,
            "가치 총점":55.493,
            "매매실거래년":20220213.0,
            "매매실거래가":55000.0,
            "전세실거래년":20220212.0,
            "전세실거래가":28300.0,
            "전세가율":51.45,
            "장기전세가율평균":74.2,
            "전세가율거품지수":22.75,
            "검색코드":107682,
            "세대수":798.0,
            "준공년월":"2017-04-18",
            "준공년차":6.0,
            "가까운역이름":"동수원 (2028년 예정)",
            "가까운역거리":539.76,
            "역세권여부":"준역세권",
            "30분이내주요거점역":2,
            "30분거점역이름":"['수원시청', '수원']",
            "1시간이내주요거점역":7,
            "1시간거점역이름":"['강남', '양재', '수원시청', '가산디지털단지', '수원', '안산', 'GTX용인(2023년)']",
            "3km이내백화점수":0,
            "5km이내아울렛몰수":2,
            "1km이내대형먀트수":1,
            "500m이내은행수":0,
            "500m이내병원수":12,
            "5km이내대형병원수":4,
            "500m이내공원수":3,
            "3km이내혐오시설수":0,
            "초등학교학업성취도":90.02,
            "중학교학업성취도":61.7,
            "용적률":557,
            "건폐율":29,
            "Y":37.297332,
            "X":127.006871,
            "rank":8.0,
            "area_info":"26평(86.03), 26평(86.03), 36평(119.65), 36평(119.71), 36평(120.03), 36평(120.03), 42평(141.59), 54평(179.11)",
            "last_sales":"2022-02-13,55000.0,26평(86.03)",
            "rank_history":[
                [
                    "202203",
                    8
                ],
                [
                    "202202",
                    28
                ],
                [
                    "202201",
                    26
                ]
            ],
            "rank_gap":20
        },
        {
            "index":219,
            "아파트명":"꽃뫼노을마을장안",
            "투자타입":"일반",
            "전용면적(m2)":"80.51",
            "전용면적(평)":"24평",
            "법정동주소":"경기도 수원시 장안구 정자동 900-1",
            "도로명주소":"경기도 수원시 장안구 덕영대로639번길 70",
            "세대수":0,
            "입주년차":20,
            "용적률점수":"--",
            "건폐율점수":"--",
            "세대당주차수":30,
            "난방방식":100,
            "공급면적":"--",
            "전용률":"--",
            "욕실수":100,
            "현관타입":100,
            "주거총점":38.5,
            "지역구공급총점":0.0,
            "역세권":50,
            "30분내 이동가능 거점":20,
            "1시간내 이동가능 거점":70,
            "교통총점":45.0,
            "백화점":100,
            "아울렛몰":80,
            "대형마트":100,
            "은행":0,
            "병원":10,
            "종합병원":100,
            "공원":100,
            "혐오시설":0,
            "인프라총점":77.0,
            "초등학군":90.46,
            "중학군":51.38,
            "학군총점":59.196,
            "인구수":31.14,
            "인구증감":-0.27,
            "인구총점":21.717,
            "일자리":14.6,
            "소득수준":100.0,
            "일자리총점":40.22,
            "가치 총점":55.4294,
            "매매실거래년":20210821.0,
            "매매실거래가":59500.0,
            "전세실거래년":20220219.0,
            "전세실거래가":19000.0,
            "전세가율":31.93,
            "장기전세가율평균":74.2,
            "전세가율거품지수":42.27,
            "검색코드":7972,
            "세대수":188.0,
            "준공년월":"1999-08-16",
            "준공년차":24.0,
            "가까운역이름":"화서",
            "가까운역거리":744.67,
            "역세권여부":"준역세권",
            "30분이내주요거점역":1,
            "30분거점역이름":"['수원']",
            "1시간이내주요거점역":7,
            "1시간거점역이름":"['강남', '수원시청', '평촌', '가산디지털단지', '수원', '안산', 'GTX용인(2023년)']",
            "3km이내백화점수":1,
            "5km이내아울렛몰수":1,
            "1km이내대형먀트수":2,
            "500m이내은행수":0,
            "500m이내병원수":2,
            "5km이내대형병원수":4,
            "500m이내공원수":5,
            "3km이내혐오시설수":0,
            "초등학교학업성취도":90.46,
            "중학교학업성취도":84.9,
            "용적률":230,
            "건폐율":19,
            "Y":37.290688,
            "X":126.990086,
            "rank":9.0,
            "area_info":"24평(80.51)",
            "last_sales":"2021-08-21,59500.0,24평(80.51)",
            "rank_history":[
                [
                    "202203",
                    9
                ],
                [
                    "202202",
                    7
                ],
                [
                    "202201",
                    7
                ]
            ],
            "rank_gap":-2
        },
        {
            "index":416,
            "아파트명":"비단마을베스트타운",
            "투자타입":"일반",
            "전용면적(m2)":"113.52",
            "전용면적(평)":"34평",
            "법정동주소":"경기도 수원시 장안구 천천동 511",
            "도로명주소":"경기도 수원시 장안구 정자로42번길 52",
            "세대수":90,
            "입주년차":20,
            "용적률점수":"--",
            "건폐율점수":"--",
            "세대당주차수":30,
            "난방방식":100,
            "공급면적":"--",
            "전용률":"--",
            "욕실수":100,
            "현관타입":100,
            "주거총점":70.0,
            "지역구공급총점":0.0,
            "역세권":50,
            "30분내 이동가능 거점":0,
            "1시간내 이동가능 거점":60,
            "교통총점":37.0,
            "백화점":0,
            "아울렛몰":80,
            "대형마트":80,
            "은행":100,
            "병원":80,
            "종합병원":100,
            "공원":100,
            "혐오시설":0,
            "인프라총점":61.0,
            "초등학군":89.99,
            "중학군":55.62,
            "학군총점":62.494,
            "인구수":31.14,
            "인구증감":-0.27,
            "인구총점":21.717,
            "일자리":14.6,
            "소득수준":100.0,
            "일자리총점":40.22,
            "가치 총점":54.6241,
            "매매실거래년":20220215.0,
            "매매실거래가":79000.0,
            "전세실거래년":20220219.0,
            "전세실거래가":39900.0,
            "전세가율":50.51,
            "장기전세가율평균":74.2,
            "전세가율거품지수":23.69,
            "검색코드":3646,
            "세대수":1032.0,
            "준공년월":"2001-11-22",
            "준공년차":22.0,
            "가까운역이름":"성균관대",
            "가까운역거리":895.04,
            "역세권여부":"준역세권",
            "30분이내주요거점역":0,
            "30분거점역이름":"[]",
            "1시간이내주요거점역":6,
            "1시간거점역이름":"['강남', '양재', '수원시청', '평촌', '가산디지털단지', '수원']",
            "3km이내백화점수":0,
            "5km이내아울렛몰수":1,
            "1km이내대형먀트수":1,
            "500m이내은행수":5,
            "500m이내병원수":42,
            "5km이내대형병원수":3,
            "500m이내공원수":5,
            "3km이내혐오시설수":0,
            "초등학교학업성취도":89.99,
            "중학교학업성취도":91.7,
            "용적률":213,
            "건폐율":16,
            "Y":37.298548,
            "X":126.98089,
            "rank":10.0,
            "area_info":"34평(113.52)",
            "last_sales":"2022-02-15,79000.0,34평(113.52)",
            "rank_history":[
                [
                    "202203",
                    10
                ],
                [
                    "202202",
                    4
                ],
                [
                    "202201",
                    4
                ]
            ],
            "rank_gap":-6
        },
        {
            "index":449,
            "아파트명":"노송",
            "투자타입":"재건축",
            "전용면적(m2)":"61.49",
            "전용면적(평)":"18평",
            "법정동주소":"경기도 수원시 장안구 파장동 560",
            "도로명주소":"경기도 수원시 장안구 파장로110번길 12-5",
            "세대수":0,
            "입주년차":"--",
            "용적률점수":80,
            "건폐율점수":60,
            "세대당주차수":"--",
            "난방방식":"--",
            "공급면적":50,
            "전용률":60,
            "욕실수":"--",
            "현관타입":"--",
            "주거총점":49.5,
            "지역구공급총점":0.0,
            "역세권":80,
            "30분내 이동가능 거점":20,
            "1시간내 이동가능 거점":100,
            "교통총점":66.0,
            "백화점":0,
            "아울렛몰":0,
            "대형마트":80,
            "은행":0,
            "병원":80,
            "종합병원":100,
            "공원":100,
            "혐오시설":0,
            "인프라총점":43.0,
            "초등학군":90.02,
            "중학군":48.28,
            "학군총점":56.628,
            "인구수":31.14,
            "인구증감":-0.27,
            "인구총점":21.717,
            "일자리":14.6,
            "소득수준":100.0,
            "일자리총점":40.22,
            "가치 총점":54.3942,
            "매매실거래년":20220127.0,
            "매매실거래가":25300.0,
            "전세실거래년":20220120.0,
            "전세실거래가":11000.0,
            "전세가율":45.08,
            "장기전세가율평균":74.2,
            "전세가율거품지수":29.12,
            "검색코드":2715,
            "세대수":140.0,
            "준공년월":"1986-07-14",
            "준공년차":37.0,
            "가까운역이름":"북수원 (2028년 예정)",
            "가까운역거리":333.52,
            "역세권여부":"역세권",
            "30분이내주요거점역":1,
            "30분거점역이름":"['수원']",
            "1시간이내주요거점역":10,
            "1시간거점역이름":"['강남', '역삼', '판교', '양재', '수원시청', '평촌', '수원', '구로디지털단지', '명동', 'GTX용인(2023년)']",
            "3km이내백화점수":0,
            "5km이내아울렛몰수":0,
            "1km이내대형먀트수":1,
            "500m이내은행수":1,
            "500m이내병원수":31,
            "5km이내대형병원수":2,
            "500m이내공원수":3,
            "3km이내혐오시설수":0,
            "초등학교학업성취도":90.02,
            "중학교학업성취도":78.4,
            "용적률":161,
            "건폐율":32,
            "Y":37.30931,
            "X":126.99086,
            "rank":11.0,
            "area_info":"18평(61.49), 20평(68.69)",
            "last_sales":"2022-01-27,25300.0,20평(68.69)",
            "rank_history":[
                [
                    "202203",
                    11
                ],
                [
                    "202202",
                    48
                ],
                [
                    "202201",
                    45
                ]
            ],
            "rank_gap":37
        },
        {
            "index":46,
            "아파트명":"은하",
            "투자타입":"재건축",
            "전용면적(m2)":"51.72",
            "전용면적(평)":"15평",
            "법정동주소":"경기도 수원시 장안구 송죽동 190-2",
            "도로명주소":"경기도 수원시 장안구 경수대로994번길 11",
            "세대수":0,
            "입주년차":"--",
            "용적률점수":80,
            "건폐율점수":60,
            "세대당주차수":"--",
            "난방방식":"--",
            "공급면적":50,
            "전용률":60,
            "욕실수":"--",
            "현관타입":"--",
            "주거총점":49.5,
            "지역구공급총점":0.0,
            "역세권":50,
            "30분내 이동가능 거점":40,
            "1시간내 이동가능 거점":100,
            "교통총점":57.0,
            "백화점":0,
            "아울렛몰":80,
            "대형마트":100,
            "은행":0,
            "병원":60,
            "종합병원":100,
            "공원":100,
            "혐오시설":0,
            "인프라총점":52.0,
            "초등학군":89.97,
            "중학군":48.28,
            "학군총점":56.618,
            "인구수":31.14,
            "인구증감":-0.27,
            "인구총점":21.717,
            "일자리":14.6,
            "소득수준":100.0,
            "일자리총점":40.22,
            "가치 총점":53.9427,
            "매매실거래년":20211207.0,
            "매매실거래가":20000.0,
            "전세실거래년":20211001.0,
            "전세실거래가":12000.0,
            "전세가율":90.91,
            "장기전세가율평균":74.2,
            "전세가율거품지수":-16.71,
            "검색코드":8793,
            "세대수":50.0,
            "준공년월":"1989-01-28",
            "준공년차":34.0,
            "가까운역이름":"장안구청 (2028년 예정)",
            "가까운역거리":786.82,
            "역세권여부":"준역세권",
            "30분이내주요거점역":2,
            "30분거점역이름":"['수원시청', '수원']",
            "1시간이내주요거점역":13,
            "1시간거점역이름":"['강남', '역삼', '잠실', '여의도', '양재', '수원시청', '평촌', '가산디지털단지', '수원', '구로디지털단지', '명동', 'GTX성남(2023년)', 'GTX용인(2023년)']",
            "3km이내백화점수":0,
            "5km이내아울렛몰수":1,
            "1km이내대형먀트수":2,
            "500m이내은행수":1,
            "500m이내병원수":16,
            "5km이내대형병원수":4,
            "500m이내공원수":4,
            "3km이내혐오시설수":0,
            "초등학교학업성취도":89.97,
            "중학교학업성취도":78.4,
            "용적률":155,
            "건폐율":32,
            "Y":37.30622,
            "X":127.00293,
            "rank":12.0,
            "area_info":"15평(51.72), 17평(57.84), 18평(62.52), 19평(62.88)",
            "last_sales":"2021-12-07,20000.0,18평(62.52)",
            "rank_history":[
                [
                    "202203",
                    12
                ],
                [
                    "202202",
                    9999
                ]
            ],
            "rank_gap":9999
        },
        {
            "index":269,
            "아파트명":"비바체하임",
            "투자타입":"일반",
            "전용면적(m2)":"85.63",
            "전용면적(평)":"25평",
            "법정동주소":"경기도 수원시 장안구 정자동 1-10",
            "도로명주소":"경기도 수원시 장안구 송정로104번길 21",
            "세대수":0,
            "입주년차":100,
            "용적률점수":"--",
            "건폐율점수":"--",
            "세대당주차수":0,
            "난방방식":30,
            "공급면적":"--",
            "전용률":"--",
            "욕실수":100,
            "현관타입":100,
            "주거총점":43.0,
            "지역구공급총점":0.0,
            "역세권":80,
            "30분내 이동가능 거점":20,
            "1시간내 이동가능 거점":80,
            "교통총점":62.0,
            "백화점":0,
            "아울렛몰":100,
            "대형마트":80,
            "은행":0,
            "병원":80,
            "종합병원":100,
            "공원":80,
            "혐오시설":0,
            "인프라총점":52.4,
            "초등학군":89.98,
            "중학군":43.32,
            "학군총점":52.652,
            "인구수":31.14,
            "인구증감":-0.27,
            "인구총점":21.717,
            "일자리":14.6,
            "소득수준":100.0,
            "일자리총점":40.22,
            "가치 총점":53.9178,
            "매매실거래년":20210514.0,
            "매매실거래가":35500.0,
            "전세실거래년":20220122.0,
            "전세실거래가":28300.0,
            "전세가율":79.72,
            "장기전세가율평균":74.2,
            "전세가율거품지수":-5.52,
            "검색코드":127881,
            "세대수":72.0,
            "준공년월":"2019-10-18",
            "준공년차":4.0,
            "가까운역이름":"동수원 (2028년 예정)",
            "가까운역거리":172.63,
            "역세권여부":"역세권",
            "30분이내주요거점역":1,
            "30분거점역이름":"['수원']",
            "1시간이내주요거점역":8,
            "1시간거점역이름":"['강남', '역삼', '양재', '수원시청', '가산디지털단지', '수원', '안산', 'GTX용인(2023년)']",
            "3km이내백화점수":0,
            "5km이내아울렛몰수":2,
            "1km이내대형먀트수":1,
            "500m이내은행수":1,
            "500m이내병원수":32,
            "5km이내대형병원수":4,
            "500m이내공원수":1,
            "3km이내혐오시설수":0,
            "초등학교학업성취도":89.98,
            "중학교학업성취도":72.2,
            "용적률":498,
            "건폐율":66,
            "Y":37.294653,
            "X":127.009297,
            "rank":13.0,
            "area_info":"25평(85.63), 27평(89.56)",
            "last_sales":"2021-05-14,35500.0,25평(85.63)",
            "rank_history":[
                [
                    "202203",
                    13
                ],
                [
                    "202202",
                    9999
                ]
            ],
            "rank_gap":9999
        },
        {
            "index":151,
            "아파트명":"신일",
            "투자타입":"일반",
            "전용면적(m2)":"80.43",
            "전용면적(평)":"24평",
            "법정동주소":"경기도 수원시 장안구 율전동 319",
            "도로명주소":"경기도 수원시 장안구 화산로 263",
            "세대수":80,
            "입주년차":0,
            "용적률점수":"--",
            "건폐율점수":"--",
            "세대당주차수":30,
            "난방방식":30,
            "공급면적":"--",
            "전용률":"--",
            "욕실수":50,
            "현관타입":100,
            "주거총점":50.5,
            "지역구공급총점":0.0,
            "역세권":80,
            "30분내 이동가능 거점":40,
            "1시간내 이동가능 거점":90,
            "교통총점":70.0,
            "백화점":0,
            "아울렛몰":80,
            "대형마트":0,
            "은행":0,
            "병원":60,
            "종합병원":100,
            "공원":100,
            "혐오시설":0,
            "인프라총점":37.0,
            "초등학군":90.0,
            "중학군":45.86,
            "학군총점":54.688,
            "인구수":31.14,
            "인구증감":-0.27,
            "인구총점":21.717,
            "일자리":14.6,
            "소득수준":100.0,
            "일자리총점":40.22,
            "가치 총점":53.9032,
            "매매실거래년":20211215.0,
            "매매실거래가":50000.0,
            "전세실거래년":20220112.0,
            "전세실거래가":30000.0,
            "전세가율":61.6,
            "장기전세가율평균":74.2,
            "전세가율거품지수":12.6,
            "검색코드":1828,
            "세대수":824.0,
            "준공년월":"1997-12-03",
            "준공년차":26.0,
            "가까운역이름":"성균관대",
            "가까운역거리":370.52,
            "역세권여부":"역세권",
            "30분이내주요거점역":2,
            "30분거점역이름":"['평촌', '수원']",
            "1시간이내주요거점역":9,
            "1시간거점역이름":"['여의도', '수원시청', '평촌', '가산디지털단지', '홍대입구', '수원', '구로디지털단지', '안산', 'GTX용인(2023년)']",
            "3km이내백화점수":0,
            "5km이내아울렛몰수":1,
            "1km이내대형먀트수":0,
            "500m이내은행수":1,
            "500m이내병원수":28,
            "5km이내대형병원수":2,
            "500m이내공원수":2,
            "3km이내혐오시설수":0,
            "초등학교학업성취도":90.0,
            "중학교학업성취도":76.1,
            "용적률":294,
            "건폐율":23,
            "Y":37.299859,
            "X":126.966875,
            "rank":14.0,
            "area_info":"24평(80.43), 32평(107.73), 46평(154.47)",
            "last_sales":"2021-12-15,50000.0,32평(107.73)",
            "rank_history":[
                [
                    "202203",
                    14
                ],
                [
                    "202202",
                    3
                ],
                [
                    "202201",
                    3
                ]
            ],
            "rank_gap":-11
        },
        {
            "index":460,
            "아파트명":"삼익",
            "투자타입":"재건축",
            "전용면적(m2)":"59.5",
            "전용면적(평)":"17평",
            "법정동주소":"경기도 수원시 장안구 파장동 212-5",
            "도로명주소":"경기도 수원시 장안구 경수대로 1102",
            "세대수":0,
            "입주년차":"--",
            "용적률점수":60,
            "건폐율점수":100,
            "세대당주차수":"--",
            "난방방식":"--",
            "공급면적":50,
            "전용률":100,
            "욕실수":"--",
            "현관타입":"--",
            "주거총점":51.5,
            "지역구공급총점":0.0,
            "역세권":80,
            "30분내 이동가능 거점":20,
            "1시간내 이동가능 거점":90,
            "교통총점":64.0,
            "백화점":0,
            "아울렛몰":0,
            "대형마트":80,
            "은행":0,
            "병원":60,
            "종합병원":100,
            "공원":80,
            "혐오시설":0,
            "인프라총점":40.4,
            "초등학군":90.02,
            "중학군":48.28,
            "학군총점":56.628,
            "인구수":31.14,
            "인구증감":-0.27,
            "인구총점":21.717,
            "일자리":14.6,
            "소득수준":100.0,
            "일자리총점":40.22,
            "가치 총점":53.3142,
            "매매실거래년":20211016.0,
            "매매실거래가":37000.0,
            "전세실거래년":20181229.0,
            "전세실거래가":9000.0,
            "전세가율":32.37,
            "장기전세가율평균":74.2,
            "전세가율거품지수":41.83,
            "검색코드":11240,
            "세대수":220.0,
            "준공년월":"1978-11-09",
            "준공년차":45.0,
            "가까운역이름":"북수원 (2028년 예정)",
            "가까운역거리":370.46,
            "역세권여부":"역세권",
            "30분이내주요거점역":1,
            "30분거점역이름":"['수원']",
            "1시간이내주요거점역":9,
            "1시간거점역이름":"['강남', '역삼', '양재', '수원시청', '평촌', '수원', '구로디지털단지', '명동', 'GTX용인(2023년)']",
            "3km이내백화점수":0,
            "5km이내아울렛몰수":0,
            "1km이내대형먀트수":1,
            "500m이내은행수":0,
            "500m이내병원수":18,
            "5km이내대형병원수":2,
            "500m이내공원수":1,
            "3km이내혐오시설수":0,
            "초등학교학업성취도":90.02,
            "중학교학업성취도":78.4,
            "용적률":184,
            "건폐율":17,
            "Y":37.310997,
            "X":126.993063,
            "rank":15.0,
            "area_info":"17평(59.5), 18평(60.46), 25평(82.65), 25평(84.3), 34평(115.7), 34평(115.1), 35평(117.71)",
            "last_sales":"2021-10-16,37000.0,25평(82.65)",
            "rank_history":[
                [
                    "202203",
                    15
                ],
                [
                    "202202",
                    49
                ],
                [
                    "202201",
                    43
                ]
            ],
            "rank_gap":34
        },
        {
            "index":474,
            "아파트명":"화남1차",
            "투자타입":"재건축",
            "전용면적(m2)":"59.12",
            "전용면적(평)":"17평",
            "법정동주소":"경기도 수원시 장안구 파장동 569-3",
            "도로명주소":"경기도 수원시 장안구 파장로110번길 17",
            "세대수":0,
            "입주년차":"--",
            "용적률점수":60,
            "건폐율점수":60,
            "세대당주차수":"--",
            "난방방식":"--",
            "공급면적":50,
            "전용률":60,
            "욕실수":"--",
            "현관타입":"--",
            "주거총점":41.5,
            "지역구공급총점":0.0,
            "역세권":80,
            "30분내 이동가능 거점":20,
            "1시간내 이동가능 거점":100,
            "교통총점":66.0,
            "백화점":0,
            "아울렛몰":0,
            "대형마트":80,
            "은행":0,
            "병원":80,
            "종합병원":100,
            "공원":100,
            "혐오시설":0,
            "인프라총점":43.0,
            "초등학군":90.02,
            "중학군":48.28,
            "학군총점":56.628,
            "인구수":31.14,
            "인구증감":-0.27,
            "인구총점":21.717,
            "일자리":14.6,
            "소득수준":100.0,
            "일자리총점":40.22,
            "가치 총점":52.7942,
            "매매실거래년":20211014.0,
            "매매실거래가":17800.0,
            "전세실거래년":20180803.0,
            "전세실거래가":6000.0,
            "전세가율":40.27,
            "장기전세가율평균":74.2,
            "전세가율거품지수":33.93,
            "검색코드":1850,
            "세대수":120.0,
            "준공년월":"1989-11-27",
            "준공년차":34.0,
            "가까운역이름":"북수원 (2028년 예정)",
            "가까운역거리":302.22,
            "역세권여부":"역세권",
            "30분이내주요거점역":1,
            "30분거점역이름":"['수원']",
            "1시간이내주요거점역":10,
            "1시간거점역이름":"['강남', '역삼', '판교', '양재', '수원시청', '평촌', '수원', '구로디지털단지', '명동', 'GTX용인(2023년)']",
            "3km이내백화점수":0,
            "5km이내아울렛몰수":0,
            "1km이내대형먀트수":1,
            "500m이내은행수":1,
            "500m이내병원수":36,
            "5km이내대형병원수":2,
            "500m이내공원수":3,
            "3km이내혐오시설수":0,
            "초등학교학업성취도":90.02,
            "중학교학업성취도":78.4,
            "용적률":199,
            "건폐율":33,
            "Y":37.30937,
            "X":126.99016,
            "rank":16.0,
            "area_info":"17평(59.12), 21평(71.05), 22평(75.14), 23평(76.33)",
            "last_sales":"2021-10-14,17800.0,23평(76.33)",
            "rank_history":[
                [
                    "202203",
                    16
                ],
                [
                    "202202",
                    60
                ],
                [
                    "202201",
                    61
                ]
            ],
            "rank_gap":44
        },
        {
            "index":426,
            "아파트명":"천천삼성래미안",
            "투자타입":"일반",
            "전용면적(m2)":"86.75",
            "전용면적(평)":"26평",
            "법정동주소":"경기도 수원시 장안구 천천동 544",
            "도로명주소":"경기도 수원시 장안구 화산로187번길 19",
            "세대수":80,
            "입주년차":20,
            "용적률점수":"--",
            "건폐율점수":"--",
            "세대당주차수":30,
            "난방방식":30,
            "공급면적":"--",
            "전용률":"--",
            "욕실수":100,
            "현관타입":100,
            "주거총점":59.5,
            "지역구공급총점":0.0,
            "역세권":50,
            "30분내 이동가능 거점":20,
            "1시간내 이동가능 거점":80,
            "교통총점":47.0,
            "백화점":0,
            "아울렛몰":80,
            "대형마트":80,
            "은행":0,
            "병원":60,
            "종합병원":100,
            "공원":100,
            "혐오시설":0,
            "인프라총점":49.0,
            "초등학군":89.99,
            "중학군":55.62,
            "학군총점":62.494,
            "인구수":31.14,
            "인구증감":-0.27,
            "인구총점":21.717,
            "일자리":14.6,
            "소득수준":100.0,
            "일자리총점":40.22,
            "가치 총점":52.4241,
            "매매실거래년":20211211.0,
            "매매실거래가":53500.0,
            "전세실거래년":20220221.0,
            "전세실거래가":26250.0,
            "전세가율":49.07,
            "장기전세가율평균":74.2,
            "전세가율거품지수":25.13,
            "검색코드":9950,
            "세대수":876.0,
            "준공년월":"2002-04-26",
            "준공년차":21.0,
            "가까운역이름":"성균관대",
            "가까운역거리":560.2,
            "역세권여부":"준역세권",
            "30분이내주요거점역":1,
            "30분거점역이름":"['수원']",
            "1시간이내주요거점역":8,
            "1시간거점역이름":"['양재', '수원시청', '평촌', '가산디지털단지', '수원', '구로디지털단지', 'GTX용인(2023년)', 'GTX동탄(2023년)']",
            "3km이내백화점수":0,
            "5km이내아울렛몰수":1,
            "1km이내대형먀트수":1,
            "500m이내은행수":0,
            "500m이내병원수":16,
            "5km이내대형병원수":2,
            "500m이내공원수":2,
            "3km이내혐오시설수":0,
            "초등학교학업성취도":89.99,
            "중학교학업성취도":91.7,
            "용적률":247,
            "건폐율":16,
            "Y":37.29776,
            "X":126.97647,
            "rank":17.0,
            "area_info":"26평(86.75), 34평(114.62)",
            "last_sales":"2021-12-11,53500.0,26평(86.75)",
            "rank_history":[
                [
                    "202203",
                    17
                ],
                [
                    "202202",
                    5
                ],
                [
                    "202201",
                    5
                ]
            ],
            "rank_gap":-12
        },
        {
            "index":187,
            "아파트명":"수원장안힐스테이트",
            "투자타입":"일반",
            "전용면적(m2)":"83.63",
            "전용면적(평)":"25평",
            "법정동주소":"경기도 수원시 장안구 이목동 916",
            "도로명주소":"경기도 수원시 장안구 장안로359번길 20",
            "세대수":90,
            "입주년차":60,
            "용적률점수":"--",
            "건폐율점수":"--",
            "세대당주차수":60,
            "난방방식":100,
            "공급면적":"--",
            "전용률":"--",
            "욕실수":100,
            "현관타입":100,
            "주거총점":82.5,
            "지역구공급총점":0.0,
            "역세권":80,
            "30분내 이동가능 거점":0,
            "1시간내 이동가능 거점":100,
            "교통총점":60.0,
            "백화점":0,
            "아울렛몰":0,
            "대형마트":0,
            "은행":0,
            "병원":10,
            "종합병원":80,
            "공원":100,
            "혐오시설":0,
            "인프라총점":20.0,
            "초등학군":89.98,
            "중학군":51.52,
            "학군총점":59.212,
            "인구수":31.14,
            "인구증감":-0.27,
            "인구총점":21.717,
            "일자리":14.6,
            "소득수준":100.0,
            "일자리총점":40.22,
            "가치 총점":52.3818,
            "매매실거래년":20210730.0,
            "매매실거래가":103000.0,
            "전세실거래년":null,
            "전세실거래가":null,
            "전세가율":null,
            "장기전세가율평균":74.2,
            "전세가율거품지수":null,
            "검색코드":101509,
            "세대수":927.0,
            "준공년월":"2012-02-28",
            "준공년차":11.0,
            "가까운역이름":"북수원 (2028년 예정)",
            "가까운역거리":417.01,
            "역세권여부":"역세권",
            "30분이내주요거점역":0,
            "30분거점역이름":"[]",
            "1시간이내주요거점역":10,
            "1시간거점역이름":"['강남', '역삼', '판교', '양재', '수원시청', '평촌', '가산디지털단지', '수원', '구로디지털단지', '명동']",
            "3km이내백화점수":0,
            "5km이내아울렛몰수":0,
            "1km이내대형먀트수":0,
            "500m이내은행수":0,
            "500m이내병원수":3,
            "5km이내대형병원수":1,
            "500m이내공원수":8,
            "3km이내혐오시설수":0,
            "초등학교학업성취도":89.98,
            "중학교학업성취도":83.0,
            "용적률":214,
            "건폐율":19,
            "Y":37.312536,
            "X":126.98439,
            "rank":18.0,
            "area_info":"25평(83.63), 25평(85.88), 33평(111.84), 34평(112.78), 39평(130.08), 47평(156.31), 47평(156.27), 47평(157.68)",
            "last_sales":"2021-07-30,103000.0,47평(157.68)",
            "rank_history":[
                [
                    "202203",
                    18
                ],
                [
                    "202202",
                    58
                ],
                [
                    "202201",
                    53
                ]
            ],
            "rank_gap":40
        },
        {
            "index":171,
            "아파트명":"청도",
            "투자타입":"재건축",
            "전용면적(m2)":"55.2",
            "전용면적(평)":"16평",
            "법정동주소":"경기도 수원시 장안구 율전동 408-9",
            "도로명주소":"경기도 수원시 장안구 율전로64번길 69",
            "세대수":0,
            "입주년차":"--",
            "용적률점수":80,
            "건폐율점수":60,
            "세대당주차수":"--",
            "난방방식":"--",
            "공급면적":50,
            "전용률":60,
            "욕실수":"--",
            "현관타입":"--",
            "주거총점":49.5,
            "지역구공급총점":0.0,
            "역세권":80,
            "30분내 이동가능 거점":20,
            "1시간내 이동가능 거점":100,
            "교통총점":66.0,
            "백화점":0,
            "아울렛몰":80,
            "대형마트":0,
            "은행":0,
            "병원":60,
            "종합병원":100,
            "공원":80,
            "혐오시설":0,
            "인프라총점":36.4,
            "초등학군":90.0,
            "중학군":45.86,
            "학군총점":54.688,
            "인구수":31.14,
            "인구증감":-0.27,
            "인구총점":21.717,
            "일자리":14.6,
            "소득수준":100.0,
            "일자리총점":40.22,
            "가치 총점":52.1232,
            "매매실거래년":20211201.0,
            "매매실거래가":15000.0,
            "전세실거래년":20210619.0,
            "전세실거래가":13500.0,
            "전세가율":90.0,
            "장기전세가율평균":74.2,
            "전세가율거품지수":-15.8,
            "검색코드":9077,
            "세대수":85.0,
            "준공년월":"1987-04-21",
            "준공년차":36.0,
            "가까운역이름":"성균관대",
            "가까운역거리":456.69,
            "역세권여부":"역세권",
            "30분이내주요거점역":1,
            "30분거점역이름":"['수원']",
            "1시간이내주요거점역":10,
            "1시간거점역이름":"['강남', '역삼', '양재', '수원시청', '평촌', '가산디지털단지', '수원', '구로디지털단지', '안산', 'GTX용인(2023년)']",
            "3km이내백화점수":0,
            "5km이내아울렛몰수":1,
            "1km이내대형먀트수":0,
            "500m이내은행수":1,
            "500m이내병원수":24,
            "5km이내대형병원수":2,
            "500m이내공원수":1,
            "3km이내혐오시설수":0,
            "초등학교학업성취도":90.0,
            "중학교학업성취도":76.1,
            "용적률":157,
            "건폐율":32,
            "Y":37.296518,
            "X":126.969097,
            "rank":19.0,
            "area_info":"16평(55.2), 18평(61.68)",
            "last_sales":"2021-12-01,15000.0,16평(55.2)",
            "rank_history":[
                [
                    "202203",
                    19
                ],
                [
                    "202202",
                    9999
                ]
            ],
            "rank_gap":9999
        },
        {
            "index":396,
            "아파트명":"조원샤르망",
            "투자타입":"일반",
            "전용면적(m2)":"96.57",
            "전용면적(평)":"29평",
            "법정동주소":"경기도 수원시 장안구 조원동 675-4",
            "도로명주소":"경기도 수원시 장안구 정조로 988",
            "세대수":0,
            "입주년차":40,
            "용적률점수":"--",
            "건폐율점수":"--",
            "세대당주차수":30,
            "난방방식":30,
            "공급면적":"--",
            "전용률":"--",
            "욕실수":50,
            "현관타입":100,
            "주거총점":30.5,
            "지역구공급총점":0.0,
            "역세권":80,
            "30분내 이동가능 거점":20,
            "1시간내 이동가능 거점":80,
            "교통총점":62.0,
            "백화점":0,
            "아울렛몰":100,
            "대형마트":80,
            "은행":0,
            "병원":80,
            "종합병원":100,
            "공원":100,
            "혐오시설":0,
            "인프라총점":53.0,
            "초등학군":89.98,
            "중학군":43.32,
            "학군총점":52.652,
            "인구수":31.14,
            "인구증감":-0.27,
            "인구총점":21.717,
            "일자리":14.6,
            "소득수준":100.0,
            "일자리총점":40.22,
            "가치 총점":51.5978,
            "매매실거래년":20210511.0,
            "매매실거래가":37500.0,
            "전세실거래년":20180525.0,
            "전세실거래가":15000.0,
            "전세가율":73.17,
            "장기전세가율평균":74.2,
            "전세가율거품지수":1.03,
            "검색코드":18362,
            "세대수":91.0,
            "준공년월":"2006-04-04",
            "준공년차":17.0,
            "가까운역이름":"동수원 (2028년 예정)",
            "가까운역거리":189.57,
            "역세권여부":"역세권",
            "30분이내주요거점역":1,
            "30분거점역이름":"['수원']",
            "1시간이내주요거점역":8,
            "1시간거점역이름":"['강남', '역삼', '양재', '수원시청', '가산디지털단지', '수원', '안산', 'GTX용인(2023년)']",
            "3km이내백화점수":0,
            "5km이내아울렛몰수":2,
            "1km이내대형먀트수":1,
            "500m이내은행수":1,
            "500m이내병원수":32,
            "5km이내대형병원수":4,
            "500m이내공원수":2,
            "3km이내혐오시설수":0,
            "초등학교학업성취도":89.98,
            "중학교학업성취도":72.2,
            "용적률":624,
            "건폐율":78,
            "Y":37.295064,
            "X":127.009957,
            "rank":20.0,
            "area_info":"29평(96.57), 44평(147.23), 44평(147.66), 44평(147.25), 45평(151.87), 46평(153.74), 46평(153.58)",
            "last_sales":"2021-05-11,37500.0,46평(153.74)",
            "rank_history":[
                [
                    "202203",
                    20
                ],
                [
                    "202202",
                    9999
                ]
            ],
            "rank_gap":9999
        },
        {
            "index":410,
            "아파트명":"포레스트빌",
            "투자타입":"일반",
            "전용면적(m2)":"60.29",
            "전용면적(평)":"18평",
            "법정동주소":"경기도 수원시 장안구 조원동 676-8",
            "도로명주소":"경기도 수원시 장안구 정조로 970",
            "세대수":0,
            "입주년차":40,
            "용적률점수":"--",
            "건폐율점수":"--",
            "세대당주차수":30,
            "난방방식":30,
            "공급면적":"--",
            "전용률":"--",
            "욕실수":50,
            "현관타입":100,
            "주거총점":30.5,
            "지역구공급총점":0.0,
            "역세권":100,
            "30분내 이동가능 거점":20,
            "1시간내 이동가능 거점":90,
            "교통총점":74.0,
            "백화점":0,
            "아울렛몰":100,
            "대형마트":0,
            "은행":0,
            "병원":60,
            "종합병원":100,
            "공원":100,
            "혐오시설":0,
            "인프라총점":39.0,
            "초등학군":89.98,
            "중학군":43.32,
            "학군총점":52.652,
            "인구수":31.14,
            "인구증감":-0.27,
            "인구총점":21.717,
            "일자리":14.6,
            "소득수준":100.0,
            "일자리총점":40.22,
            "가치 총점":51.5978,
            "매매실거래년":20210908.0,
            "매매실거래가":16000.0,
            "전세실거래년":20210227.0,
            "전세실거래가":11000.0,
            "전세가율":68.75,
            "장기전세가율평균":74.2,
            "전세가율거품지수":5.45,
            "검색코드":17698,
            "세대수":64.0,
            "준공년월":"2004-07-26",
            "준공년차":19.0,
            "가까운역이름":"동수원 (2028년 예정)",
            "가까운역거리":61.74,
            "역세권여부":"초역세권",
            "30분이내주요거점역":1,
            "30분거점역이름":"['수원']",
            "1시간이내주요거점역":9,
            "1시간거점역이름":"['강남', '역삼', '여의도', '양재', '수원시청', '수원', '구로디지털단지', '안산', 'GTX용인(2023년)']",
            "3km이내백화점수":0,
            "5km이내아울렛몰수":2,
            "1km이내대형먀트수":0,
            "500m이내은행수":1,
            "500m이내병원수":28,
            "5km이내대형병원수":4,
            "500m이내공원수":2,
            "3km이내혐오시설수":0,
            "초등학교학업성취도":89.98,
            "중학교학업성취도":72.2,
            "용적률":488,
            "건폐율":76,
            "Y":37.293873,
            "X":127.010841,
            "rank":20.0,
            "area_info":"18평(60.29), 35평(115.78), 35평(117.4), 35평(118.13)",
            "last_sales":"2021-09-08,16000.0,18평(60.29)",
            "rank_history":[
                [
                    "202203",
                    20
                ],
                [
                    "202202",
                    9999
                ]
            ],
            "rank_gap":9999
        },
        {
            "index":93,
            "아파트명":"동성영화타운",
            "투자타입":"일반",
            "전용면적(m2)":"79.4",
            "전용면적(평)":"24평",
            "법정동주소":"경기도 수원시 장안구 영화동 308-1",
            "도로명주소":"경기도 수원시 장안구 정조로 941",
            "세대수":0,
            "입주년차":0,
            "용적률점수":"--",
            "건폐율점수":"--",
            "세대당주차수":60,
            "난방방식":30,
            "공급면적":"--",
            "전용률":"--",
            "욕실수":50,
            "현관타입":100,
            "주거총점":27.0,
            "지역구공급총점":0.0,
            "역세권":80,
            "30분내 이동가능 거점":40,
            "1시간내 이동가능 거점":90,
            "교통총점":70.0,
            "백화점":0,
            "아울렛몰":100,
            "대형마트":0,
            "은행":70,
            "병원":60,
            "종합병원":100,
            "공원":100,
            "혐오시설":0,
            "인프라총점":46.0,
            "초등학군":89.98,
            "중학군":43.32,
            "학군총점":52.652,
            "인구수":31.14,
            "인구증감":-0.27,
            "인구총점":21.717,
            "일자리":14.6,
            "소득수준":100.0,
            "일자리총점":40.22,
            "가치 총점":51.5978,
            "매매실거래년":20210419.0,
            "매매실거래가":44800.0,
            "전세실거래년":null,
            "전세실거래가":null,
            "전세가율":null,
            "장기전세가율평균":74.2,
            "전세가율거품지수":null,
            "검색코드":1798,
            "세대수":178.0,
            "준공년월":"1997-05-10",
            "준공년차":26.0,
            "가까운역이름":"동수원 (2028년 예정)",
            "가까운역거리":269.56,
            "역세권여부":"역세권",
            "30분이내주요거점역":2,
            "30분거점역이름":"['수원시청', '수원']",
            "1시간이내주요거점역":9,
            "1시간거점역이름":"['강남', '양재', '정자', '수원시청', '가산디지털단지', '수원', '안산', '서현', 'GTX용인(2023년)']",
            "3km이내백화점수":0,
            "5km이내아울렛몰수":2,
            "1km이내대형먀트수":0,
            "500m이내은행수":3,
            "500m이내병원수":28,
            "5km이내대형병원수":4,
            "500m이내공원수":2,
            "3km이내혐오시설수":0,
            "초등학교학업성취도":89.98,
            "중학교학업성취도":72.2,
            "용적률":599,
            "건폐율":78,
            "Y":37.29131,
            "X":127.01199,
            "rank":21.0,
            "area_info":"24평(79.4), 25평(83.23), 30평(102.01), 34평(112.69), 48평(161.92)",
            "last_sales":"2021-04-19,44800.0,48평(161.92)",
            "rank_history":[
                [
                    "202203",
                    21
                ],
                [
                    "202202",
                    76
                ],
                [
                    "202201",
                    72
                ]
            ],
            "rank_gap":55
        },
        {
            "index":195,
            "아파트명":"가림",
            "투자타입":"일반",
            "전용면적(m2)":"91.65",
            "전용면적(평)":"27평",
            "법정동주소":"경기도 수원시 장안구 정자동 36-20",
            "도로명주소":"경기도 수원시 장안구 송정로76번길 14",
            "세대수":0,
            "입주년차":40,
            "용적률점수":"--",
            "건폐율점수":"--",
            "세대당주차수":30,
            "난방방식":30,
            "공급면적":"--",
            "전용률":"--",
            "욕실수":100,
            "현관타입":100,
            "주거총점":35.5,
            "지역구공급총점":0.0,
            "역세권":80,
            "30분내 이동가능 거점":20,
            "1시간내 이동가능 거점":80,
            "교통총점":62.0,
            "백화점":0,
            "아울렛몰":100,
            "대형마트":80,
            "은행":0,
            "병원":60,
            "종합병원":100,
            "공원":100,
            "혐오시설":0,
            "인프라총점":51.0,
            "초등학군":89.99,
            "중학군":37.02,
            "학군총점":47.614,
            "인구수":31.14,
            "인구증감":-0.27,
            "인구총점":21.717,
            "일자리":14.6,
            "소득수준":100.0,
            "일자리총점":40.22,
            "가치 총점":51.2421,
            "매매실거래년":20210312.0,
            "매매실거래가":30800.0,
            "전세실거래년":20170508.0,
            "전세실거래가":18000.0,
            "전세가율":81.82,
            "장기전세가율평균":74.2,
            "전세가율거품지수":-7.62,
            "검색코드":26666,
            "세대수":56.0,
            "준공년월":"2007-11-13",
            "준공년차":16.0,
            "가까운역이름":"동수원 (2028년 예정)",
            "가까운역거리":491.5,
            "역세권여부":"역세권",
            "30분이내주요거점역":1,
            "30분거점역이름":"['수원']",
            "1시간이내주요거점역":8,
            "1시간거점역이름":"['강남', '역삼', '양재', '수원시청', '평촌', '가산디지털단지', '수원', 'GTX용인(2023년)']",
            "3km이내백화점수":0,
            "5km이내아울렛몰수":2,
            "1km이내대형먀트수":1,
            "500m이내은행수":1,
            "500m이내병원수":16,
            "5km이내대형병원수":4,
            "500m이내공원수":2,
            "3km이내혐오시설수":0,
            "초등학교학업성취도":89.99,
            "중학교학업성취도":61.7,
            "용적률":356,
            "건폐율":47,
            "Y":37.295188,
            "X":127.005376,
            "rank":22.0,
            "area_info":"27평(91.65), 28평(93.23), 29평(98.51), 31평(105.57), 32평(106.4), 32평(108.76), 33평(111.18)",
            "last_sales":"2021-03-12,30800.0,33평(111.18)",
            "rank_history":[
                [
                    "202203",
                    22
                ],
                [
                    "202202",
                    9999
                ]
            ],
            "rank_gap":9999
        },
        {
            "index":459,
            "아파트명":"북수원아이파크",
            "투자타입":"일반",
            "전용면적(m2)":"106.23",
            "전용면적(평)":"32평",
            "법정동주소":"경기도 수원시 장안구 파장동 632",
            "도로명주소":"경기도 수원시 장안구 경수대로 1110-15",
            "세대수":0,
            "입주년차":40,
            "용적률점수":"--",
            "건폐율점수":"--",
            "세대당주차수":30,
            "난방방식":30,
            "공급면적":"--",
            "전용률":"--",
            "욕실수":100,
            "현관타입":100,
            "주거총점":35.5,
            "지역구공급총점":0.0,
            "역세권":80,
            "30분내 이동가능 거점":20,
            "1시간내 이동가능 거점":100,
            "교통총점":66.0,
            "백화점":0,
            "아울렛몰":0,
            "대형마트":80,
            "은행":0,
            "병원":60,
            "종합병원":100,
            "공원":100,
            "혐오시설":0,
            "인프라총점":41.0,
            "초등학군":90.02,
            "중학군":48.28,
            "학군총점":56.628,
            "인구수":31.14,
            "인구증감":-0.27,
            "인구총점":21.717,
            "일자리":14.6,
            "소득수준":100.0,
            "일자리총점":40.22,
            "가치 총점":50.9942,
            "매매실거래년":20211027.0,
            "매매실거래가":59000.0,
            "전세실거래년":20220126.0,
            "전세실거래가":32000.0,
            "전세가율":54.24,
            "장기전세가율평균":74.2,
            "전세가율거품지수":19.96,
            "검색코드":17642,
            "세대수":143.0,
            "준공년월":"2005-08-22",
            "준공년차":18.0,
            "가까운역이름":"북수원 (2028년 예정)",
            "가까운역거리":182.6,
            "역세권여부":"역세권",
            "30분이내주요거점역":1,
            "30분거점역이름":"['수원']",
            "1시간이내주요거점역":13,
            "1시간거점역이름":"['강남', '역삼', '잠실', '판교', '양재', '수원시청', '평촌', '가산디지털단지', '수원', '명동', '서현', 'GTX성남(2023년)', 'GTX용인(2023년)']",
            "3km이내백화점수":0,
            "5km이내아울렛몰수":0,
            "1km이내대형먀트수":1,
            "500m이내은행수":0,
            "500m이내병원수":12,
            "5km이내대형병원수":2,
            "500m이내공원수":4,
            "3km이내혐오시설수":0,
            "초등학교학업성취도":90.02,
            "중학교학업성취도":78.4,
            "용적률":217,
            "건폐율":18,
            "Y":37.311285,
            "X":126.990939,
            "rank":23.0,
            "area_info":"32평(106.23)",
            "last_sales":"2021-10-27,59000.0,32평(106.23)",
            "rank_history":[
                [
                    "202203",
                    23
                ],
                [
                    "202202",
                    57
                ],
                [
                    "202201",
                    61
                ]
            ],
            "rank_gap":34
        },
        {
            "index":316,
            "아파트명":"정자벽산블루밍",
            "투자타입":"일반",
            "전용면적(m2)":"79.9",
            "전용면적(평)":"24평",
            "법정동주소":"경기도 수원시 장안구 정자동 423-1",
            "도로명주소":"경기도 수원시 장안구 파장로 53",
            "세대수":50,
            "입주년차":40,
            "용적률점수":"--",
            "건폐율점수":"--",
            "세대당주차수":30,
            "난방방식":100,
            "공급면적":"--",
            "전용률":"--",
            "욕실수":100,
            "현관타입":100,
            "주거총점":60.0,
            "지역구공급총점":0.0,
            "역세권":50,
            "30분내 이동가능 거점":0,
            "1시간내 이동가능 거점":90,
            "교통총점":43.0,
            "백화점":0,
            "아울렛몰":80,
            "대형마트":80,
            "은행":0,
            "병원":80,
            "종합병원":100,
            "공원":100,
            "혐오시설":0,
            "인프라총점":51.0,
            "초등학군":90.02,
            "중학군":48.28,
            "학군총점":56.628,
            "인구수":31.14,
            "인구증감":-0.27,
            "인구총점":21.717,
            "일자리":14.6,
            "소득수준":100.0,
            "일자리총점":40.22,
            "가치 총점":50.8442,
            "매매실거래년":20211008.0,
            "매매실거래가":62200.0,
            "전세실거래년":20220124.0,
            "전세실거래가":33000.0,
            "전세가율":73.33,
            "장기전세가율평균":74.2,
            "전세가율거품지수":0.87,
            "검색코드":22878,
            "세대수":481.0,
            "준공년월":"2007-04-12",
            "준공년차":16.0,
            "가까운역이름":"북수원 (2028년 예정)",
            "가까운역거리":928.51,
            "역세권여부":"준역세권",
            "30분이내주요거점역":0,
            "30분거점역이름":"[]",
            "1시간이내주요거점역":9,
            "1시간거점역이름":"['강남', '역삼', '판교', '양재', '수원시청', '평촌', '가산디지털단지', '수원', '구로디지털단지']",
            "3km이내백화점수":0,
            "5km이내아울렛몰수":1,
            "1km이내대형먀트수":1,
            "500m이내은행수":1,
            "500m이내병원수":39,
            "5km이내대형병원수":3,
            "500m이내공원수":2,
            "3km이내혐오시설수":0,
            "초등학교학업성취도":90.02,
            "중학교학업성취도":78.4,
            "용적률":229,
            "건폐율":22,
            "Y":37.304865,
            "X":126.994623,
            "rank":24.0,
            "area_info":"24평(79.9), 24평(79.9), 33평(111.36), 46평(154.87)",
            "last_sales":"2021-10-08,62200.0,33평(111.36)",
            "rank_history":[
                [
                    "202203",
                    24
                ],
                [
                    "202202",
                    39
                ],
                [
                    "202201",
                    38
                ]
            ],
            "rank_gap":15
        },
        {
            "index":254,
            "아파트명":"벽산그랜드코아",
            "투자타입":"일반",
            "전용면적(m2)":"89.6",
            "전용면적(평)":"27평",
            "법정동주소":"경기도 수원시 장안구 정자동 9-2",
            "도로명주소":"경기도 수원시 장안구 송정로 96",
            "세대수":0,
            "입주년차":0,
            "용적률점수":"--",
            "건폐율점수":"--",
            "세대당주차수":0,
            "난방방식":30,
            "공급면적":"--",
            "전용률":"--",
            "욕실수":100,
            "현관타입":100,
            "주거총점":23.0,
            "지역구공급총점":0.0,
            "역세권":80,
            "30분내 이동가능 거점":20,
            "1시간내 이동가능 거점":90,
            "교통총점":64.0,
            "백화점":0,
            "아울렛몰":100,
            "대형마트":80,
            "은행":0,
            "병원":60,
            "종합병원":100,
            "공원":100,
            "혐오시설":0,
            "인프라총점":51.0,
            "초등학군":89.99,
            "중학군":43.32,
            "학군총점":52.654,
            "인구수":31.14,
            "인구증감":-0.27,
            "인구총점":21.717,
            "일자리":14.6,
            "소득수준":100.0,
            "일자리총점":40.22,
            "가치 총점":50.1981,
            "매매실거래년":20211015.0,
            "매매실거래가":23000.0,
            "전세실거래년":20210515.0,
            "전세실거래가":18000.0,
            "전세가율":78.26,
            "장기전세가율평균":74.2,
            "전세가율거품지수":-4.06,
            "검색코드":7968,
            "세대수":76.0,
            "준공년월":"1994-04-21",
            "준공년차":29.0,
            "가까운역이름":"동수원 (2028년 예정)",
            "가까운역거리":319.84,
            "역세권여부":"역세권",
            "30분이내주요거점역":1,
            "30분거점역이름":"['수원']",
            "1시간이내주요거점역":9,
            "1시간거점역이름":"['강남', '역삼', '양재', '수원시청', '평촌', '가산디지털단지', '수원', '안산', 'GTX용인(2023년)']",
            "3km이내백화점수":0,
            "5km이내아울렛몰수":2,
            "1km이내대형먀트수":1,
            "500m이내은행수":1,
            "500m이내병원수":22,
            "5km이내대형병원수":4,
            "500m이내공원수":2,
            "3km이내혐오시설수":0,
            "초등학교학업성취도":89.99,
            "중학교학업성취도":72.2,
            "용적률":624,
            "건폐율":56,
            "Y":37.29531,
            "X":127.00775,
            "rank":25.0,
            "area_info":"27평(89.6), 29평(98.24), 29평(98.89), 32평(106.79), 49평(164.4)",
            "last_sales":"2021-10-15,23000.0,27평(89.6)",
            "rank_history":[
                [
                    "202203",
                    25
                ],
                [
                    "202202",
                    9999
                ]
            ],
            "rank_gap":9999
        },
        {
            "index":5,
            "아파트명":"동진맨션",
            "투자타입":"재건축",
            "전용면적(m2)":"104.2",
            "전용면적(평)":"31평",
            "법정동주소":"경기도 수원시 장안구 송죽동 462",
            "도로명주소":"경기도 수원시 장안구 정조로1060번길 5",
            "세대수":0,
            "입주년차":"--",
            "용적률점수":0,
            "건폐율점수":40,
            "세대당주차수":"--",
            "난방방식":"--",
            "공급면적":90,
            "전용률":80,
            "욕실수":"--",
            "현관타입":"--",
            "주거총점":16.5,
            "지역구공급총점":0.0,
            "역세권":80,
            "30분내 이동가능 거점":20,
            "1시간내 이동가능 거점":100,
            "교통총점":66.0,
            "백화점":0,
            "아울렛몰":100,
            "대형마트":80,
            "은행":20,
            "병원":80,
            "종합병원":100,
            "공원":100,
            "혐오시설":0,
            "인프라총점":55.0,
            "초등학군":90.02,
            "중학군":37.02,
            "학군총점":47.62,
            "인구수":31.14,
            "인구증감":-0.27,
            "인구총점":21.717,
            "일자리":14.6,
            "소득수준":100.0,
            "일자리총점":40.22,
            "가치 총점":50.043,
            "매매실거래년":20220129.0,
            "매매실거래가":47500.0,
            "전세실거래년":20220219.0,
            "전세실거래가":30000.0,
            "전세가율":63.16,
            "장기전세가율평균":74.2,
            "전세가율거품지수":11.04,
            "검색코드":1797,
            "세대수":180.0,
            "준공년월":"1990-04-16",
            "준공년차":33.0,
            "가까운역이름":"장안구청 (2028년 예정)",
            "가까운역거리":422.68,
            "역세권여부":"역세권",
            "30분이내주요거점역":1,
            "30분거점역이름":"['수원']",
            "1시간이내주요거점역":10,
            "1시간거점역이름":"['강남', '역삼', '양재', '수원시청', '가산디지털단지', '수원', '구로디지털단지', '명동', '안산', 'GTX용인(2023년)']",
            "3km이내백화점수":0,
            "5km이내아울렛몰수":2,
            "1km이내대형먀트수":1,
            "500m이내은행수":2,
            "500m이내병원수":51,
            "5km이내대형병원수":4,
            "500m이내공원수":3,
            "3km이내혐오시설수":0,
            "초등학교학업성취도":90.02,
            "중학교학업성취도":61.7,
            "용적률":299,
            "건폐율":35,
            "Y":37.30097,
            "X":127.00501,
            "rank":26.0,
            "area_info":"31평(104.2)",
            "last_sales":"2022-01-29,47500.0,31평(104.2)",
            "rank_history":[
                [
                    "202203",
                    26
                ],
                [
                    "202202",
                    82
                ],
                [
                    "202201",
                    79
                ]
            ],
            "rank_gap":56
        },
        {
            "index":26,
            "아파트명":"송죽희성연인",
            "투자타입":"일반",
            "전용면적(m2)":"78.2",
            "전용면적(평)":"23평",
            "법정동주소":"경기도 수원시 장안구 송죽동 444-5",
            "도로명주소":"경기도 수원시 장안구 파장로6번길 20",
            "세대수":0,
            "입주년차":60,
            "용적률점수":"--",
            "건폐율점수":"--",
            "세대당주차수":30,
            "난방방식":30,
            "공급면적":"--",
            "전용률":"--",
            "욕실수":100,
            "현관타입":100,
            "주거총점":39.5,
            "지역구공급총점":0.0,
            "역세권":50,
            "30분내 이동가능 거점":20,
            "1시간내 이동가능 거점":100,
            "교통총점":51.0,
            "백화점":0,
            "아울렛몰":80,
            "대형마트":100,
            "은행":0,
            "병원":60,
            "종합병원":100,
            "공원":100,
            "혐오시설":0,
            "인프라총점":52.0,
            "초등학군":89.97,
            "중학군":48.28,
            "학군총점":56.618,
            "인구수":31.14,
            "인구증감":-0.27,
            "인구총점":21.717,
            "일자리":14.6,
            "소득수준":100.0,
            "일자리총점":40.22,
            "가치 총점":49.8427,
            "매매실거래년":20220107.0,
            "매매실거래가":49000.0,
            "전세실거래년":20210208.0,
            "전세실거래가":27000.0,
            "전세가율":105.06,
            "장기전세가율평균":74.2,
            "전세가율거품지수":-30.86,
            "검색코드":26468,
            "세대수":99.0,
            "준공년월":"2009-06-23",
            "준공년차":14.0,
            "가까운역이름":"장안구청 (2028년 예정)",
            "가까운역거리":885.51,
            "역세권여부":"준역세권",
            "30분이내주요거점역":1,
            "30분거점역이름":"['수원']",
            "1시간이내주요거점역":10,
            "1시간거점역이름":"['강남', '역삼', '양재', '수원시청', '평촌', '가산디지털단지', '수원', '구로디지털단지', '명동', 'GTX용인(2023년)']",
            "3km이내백화점수":0,
            "5km이내아울렛몰수":1,
            "1km이내대형먀트수":2,
            "500m이내은행수":1,
            "500m이내병원수":23,
            "5km이내대형병원수":3,
            "500m이내공원수":4,
            "3km이내혐오시설수":0,
            "초등학교학업성취도":89.97,
            "중학교학업성취도":78.4,
            "용적률":245,
            "건폐율":21,
            "Y":37.304264,
            "X":127.00026,
            "rank":27.0,
            "area_info":"23평(78.2), 27평(90.72), 33평(109.34)",
            "last_sales":"2022-01-07,49000.0,33평(109.34)",
            "rank_history":[
                [
                    "202203",
                    27
                ],
                [
                    "202202",
                    9999
                ]
            ],
            "rank_gap":9999
        },
        {
            "index":106,
            "아파트명":"태영",
            "투자타입":"재건축",
            "전용면적(m2)":"79.79",
            "전용면적(평)":"24평",
            "법정동주소":"경기도 수원시 장안구 영화동 418",
            "도로명주소":"경기도 수원시 장안구 영화로25번길 22",
            "세대수":0,
            "입주년차":"--",
            "용적률점수":20,
            "건폐율점수":0,
            "세대당주차수":"--",
            "난방방식":"--",
            "공급면적":50,
            "전용률":60,
            "욕실수":"--",
            "현관타입":"--",
            "주거총점":13.5,
            "지역구공급총점":0.0,
            "역세권":50,
            "30분내 이동가능 거점":40,
            "1시간내 이동가능 거점":70,
            "교통총점":51.0,
            "백화점":100,
            "아울렛몰":100,
            "대형마트":0,
            "은행":0,
            "병원":60,
            "종합병원":100,
            "공원":100,
            "혐오시설":0,
            "인프라총점":69.0,
            "초등학군":89.97,
            "중학군":48.36,
            "학군총점":56.682,
            "인구수":31.14,
            "인구증감":-0.27,
            "인구총점":21.717,
            "일자리":14.6,
            "소득수준":100.0,
            "일자리총점":40.22,
            "가치 총점":49.7523,
            "매매실거래년":20220104.0,
            "매매실거래가":19000.0,
            "전세실거래년":20210716.0,
            "전세실거래가":17500.0,
            "전세가율":92.11,
            "장기전세가율평균":74.2,
            "전세가율거품지수":-17.91,
            "검색코드":10826,
            "세대수":117.0,
            "준공년월":"1992-12-26",
            "준공년차":31.0,
            "가까운역이름":"동수원 (2028년 예정)",
            "가까운역거리":528.04,
            "역세권여부":"준역세권",
            "30분이내주요거점역":2,
            "30분거점역이름":"['수원시청', '수원']",
            "1시간이내주요거점역":7,
            "1시간거점역이름":"['강남', '정자', '수원시청', '가산디지털단지', '수원', '안산', 'GTX용인(2023년)']",
            "3km이내백화점수":2,
            "5km이내아울렛몰수":2,
            "1km이내대형먀트수":0,
            "500m이내은행수":0,
            "500m이내병원수":20,
            "5km이내대형병원수":4,
            "500m이내공원수":2,
            "3km이내혐오시설수":0,
            "초등학교학업성취도":89.97,
            "중학교학업성취도":80.6,
            "용적률":216,
            "건폐율":55,
            "Y":37.289091,
            "X":127.007972,
            "rank":28.0,
            "area_info":"24평(79.79), 32평(106.73), 32평(106.63)",
            "last_sales":"2022-01-04,19000.0,24평(79.79)",
            "rank_history":[
                [
                    "202203",
                    28
                ],
                [
                    "202202",
                    66
                ],
                [
                    "202201",
                    59
                ]
            ],
            "rank_gap":38
        },
        {
            "index":10,
            "아파트명":"선경아트빌",
            "투자타입":"일반",
            "전용면적(m2)":"73.79",
            "전용면적(평)":"22평",
            "법정동주소":"경기도 수원시 장안구 송죽동 461",
            "도로명주소":"경기도 수원시 장안구 정조로1074번길 16",
            "세대수":0,
            "입주년차":0,
            "용적률점수":"--",
            "건폐율점수":"--",
            "세대당주차수":0,
            "난방방식":30,
            "공급면적":"--",
            "전용률":"--",
            "욕실수":50,
            "현관타입":100,
            "주거총점":18.0,
            "지역구공급총점":0.0,
            "역세권":80,
            "30분내 이동가능 거점":20,
            "1시간내 이동가능 거점":90,
            "교통총점":64.0,
            "백화점":0,
            "아울렛몰":100,
            "대형마트":80,
            "은행":20,
            "병원":80,
            "종합병원":100,
            "공원":100,
            "혐오시설":0,
            "인프라총점":55.0,
            "초등학군":90.02,
            "중학군":37.02,
            "학군총점":47.62,
            "인구수":31.14,
            "인구증감":-0.27,
            "인구총점":21.717,
            "일자리":14.6,
            "소득수준":100.0,
            "일자리총점":40.22,
            "가치 총점":49.643,
            "매매실거래년":20210327.0,
            "매매실거래가":25000.0,
            "전세실거래년":20211021.0,
            "전세실거래가":22000.0,
            "전세가율":88.0,
            "장기전세가율평균":74.2,
            "전세가율거품지수":-13.8,
            "검색코드":2689,
            "세대수":68.0,
            "준공년월":"1993-12-09",
            "준공년차":30.0,
            "가까운역이름":"장안구청 (2028년 예정)",
            "가까운역거리":422.45,
            "역세권여부":"역세권",
            "30분이내주요거점역":1,
            "30분거점역이름":"['수원']",
            "1시간이내주요거점역":9,
            "1시간거점역이름":"['강남', '역삼', '양재', '수원시청', '가산디지털단지', '수원', '구로디지털단지', '명동', 'GTX용인(2023년)']",
            "3km이내백화점수":0,
            "5km이내아울렛몰수":2,
            "1km이내대형먀트수":1,
            "500m이내은행수":2,
            "500m이내병원수":49,
            "5km이내대형병원수":4,
            "500m이내공원수":3,
            "3km이내혐오시설수":0,
            "초등학교학업성취도":90.02,
            "중학교학업성취도":61.7,
            "용적률":182,
            "건폐율":20,
            "Y":37.30177,
            "X":127.00494,
            "rank":29.0,
            "area_info":"22평(73.79), 29평(98.37)",
            "last_sales":"2021-03-27,25000.0,22평(73.79)",
            "rank_history":[
                [
                    "202203",
                    29
                ],
                [
                    "202202",
                    9999
                ]
            ],
            "rank_gap":9999
        },
        {
            "index":336,
            "아파트명":"화서역우방센트럴파크",
            "투자타입":"일반",
            "전용면적(m2)":"79.46",
            "전용면적(평)":"24평",
            "법정동주소":"경기도 수원시 장안구 정자동 887-1",
            "도로명주소":"경기도 수원시 장안구 수성로245번길 21",
            "세대수":90,
            "입주년차":20,
            "용적률점수":"--",
            "건폐율점수":"--",
            "세대당주차수":30,
            "난방방식":100,
            "공급면적":"--",
            "전용률":"--",
            "욕실수":100,
            "현관타입":100,
            "주거총점":70.0,
            "지역구공급총점":0.0,
            "역세권":0,
            "30분내 이동가능 거점":20,
            "1시간내 이동가능 거점":60,
            "교통총점":18.0,
            "백화점":100,
            "아울렛몰":80,
            "대형마트":0,
            "은행":0,
            "병원":60,
            "종합병원":100,
            "공원":100,
            "혐오시설":0,
            "인프라총점":67.0,
            "초등학군":89.98,
            "중학군":51.38,
            "학군총점":59.1,
            "인구수":31.14,
            "인구증감":-0.27,
            "인구총점":21.717,
            "일자리":14.6,
            "소득수준":100.0,
            "일자리총점":40.22,
            "가치 총점":49.265,
            "매매실거래년":20220124.0,
            "매매실거래가":57000.0,
            "전세실거래년":20220219.0,
            "전세실거래가":33000.0,
            "전세가율":57.89,
            "장기전세가율평균":74.2,
            "전세가율거품지수":16.31,
            "검색코드":7969,
            "세대수":1335.0,
            "준공년월":"1999-08-27",
            "준공년차":24.0,
            "가까운역이름":"화서",
            "가까운역거리":1050.23,
            "역세권여부":"비역세권",
            "30분이내주요거점역":1,
            "30분거점역이름":"['평촌']",
            "1시간이내주요거점역":6,
            "1시간거점역이름":"['수원시청', '평촌', '가산디지털단지', '홍대입구', '수원', '구로디지털단지']",
            "3km이내백화점수":2,
            "5km이내아울렛몰수":1,
            "1km이내대형먀트수":0,
            "500m이내은행수":0,
            "500m이내병원수":22,
            "5km이내대형병원수":5,
            "500m이내공원수":3,
            "3km이내혐오시설수":0,
            "초등학교학업성취도":89.98,
            "중학교학업성취도":84.9,
            "용적률":229,
            "건폐율":18,
            "Y":37.290969,
            "X":126.997627,
            "rank":30.0,
            "area_info":"24평(79.46), 24평(80.0)",
            "last_sales":"2022-01-24,57000.0,24평(79.46)",
            "rank_history":[
                [
                    "202203",
                    30
                ],
                [
                    "202202",
                    20
                ],
                [
                    "202201",
                    19
                ]
            ],
            "rank_gap":-10
        },
        {
            "index":90,
            "아파트명":"경원",
            "투자타입":"재건축",
            "전용면적(m2)":"53.65",
            "전용면적(평)":"16평",
            "법정동주소":"경기도 수원시 장안구 영화동 430-1",
            "도로명주소":"경기도 수원시 장안구 영화로 23",
            "세대수":0,
            "입주년차":"--",
            "용적률점수":0,
            "건폐율점수":0,
            "세대당주차수":"--",
            "난방방식":"--",
            "공급면적":50,
            "전용률":100,
            "욕실수":"--",
            "현관타입":"--",
            "주거총점":7.5,
            "지역구공급총점":0.0,
            "역세권":50,
            "30분내 이동가능 거점":40,
            "1시간내 이동가능 거점":70,
            "교통총점":51.0,
            "백화점":100,
            "아울렛몰":100,
            "대형마트":0,
            "은행":20,
            "병원":60,
            "종합병원":100,
            "공원":80,
            "혐오시설":0,
            "인프라총점":70.4,
            "초등학군":89.97,
            "중학군":48.36,
            "학군총점":56.682,
            "인구수":31.14,
            "인구증감":-0.27,
            "인구총점":21.717,
            "일자리":14.6,
            "소득수준":100.0,
            "일자리총점":40.22,
            "가치 총점":48.9723,
            "매매실거래년":20220115.0,
            "매매실거래가":16700.0,
            "전세실거래년":20210729.0,
            "전세실거래가":12000.0,
            "전세가율":100.84,
            "장기전세가율평균":74.2,
            "전세가율거품지수":-26.64,
            "검색코드":14775,
            "세대수":90.0,
            "준공년월":"1982-12-03",
            "준공년차":41.0,
            "가까운역이름":"동수원 (2028년 예정)",
            "가까운역거리":508.15,
            "역세권여부":"준역세권",
            "30분이내주요거점역":2,
            "30분거점역이름":"['수원시청', '수원']",
            "1시간이내주요거점역":7,
            "1시간거점역이름":"['강남', '정자', '수원시청', '가산디지털단지', '수원', '안산', 'GTX용인(2023년)']",
            "3km이내백화점수":2,
            "5km이내아울렛몰수":2,
            "1km이내대형먀트수":0,
            "500m이내은행수":2,
            "500m이내병원수":28,
            "5km이내대형병원수":4,
            "500m이내공원수":1,
            "3km이내혐오시설수":0,
            "초등학교학업성취도":89.97,
            "중학교학업성취도":80.6,
            "용적률":0,
            "건폐율":0,
            "Y":37.288983,
            "X":127.009022,
            "rank":31.0,
            "area_info":"16평(53.65), 17평(59.04), 20평(69.19)",
            "last_sales":"2022-01-15,16700.0,20평(69.19)",
            "rank_history":[
                [
                    "202203",
                    31
                ],
                [
                    "202202",
                    9999
                ]
            ],
            "rank_gap":9999
        },
        {
            "index":50,
            "아파트명":"희훈루체팰리스",
            "투자타입":"일반",
            "전용면적(m2)":"107.87",
            "전용면적(평)":"32평",
            "법정동주소":"경기도 수원시 장안구 송죽동 513",
            "도로명주소":"경기도 수원시 장안구 경수대로994번길 46",
            "세대수":0,
            "입주년차":40,
            "용적률점수":"--",
            "건폐율점수":"--",
            "세대당주차수":0,
            "난방방식":30,
            "공급면적":"--",
            "전용률":"--",
            "욕실수":100,
            "현관타입":100,
            "주거총점":31.0,
            "지역구공급총점":0.0,
            "역세권":50,
            "30분내 이동가능 거점":20,
            "1시간내 이동가능 거점":100,
            "교통총점":51.0,
            "백화점":0,
            "아울렛몰":80,
            "대형마트":100,
            "은행":0,
            "병원":60,
            "종합병원":100,
            "공원":100,
            "혐오시설":0,
            "인프라총점":52.0,
            "초등학군":89.97,
            "중학군":50.66,
            "학군총점":58.522,
            "인구수":31.14,
            "인구증감":-0.27,
            "인구총점":21.717,
            "일자리":14.6,
            "소득수준":100.0,
            "일자리총점":40.22,
            "가치 총점":48.4283,
            "매매실거래년":20210802.0,
            "매매실거래가":47000.0,
            "전세실거래년":20211119.0,
            "전세실거래가":39000.0,
            "전세가율":82.98,
            "장기전세가율평균":74.2,
            "전세가율거품지수":-8.78,
            "검색코드":17764,
            "세대수":176.0,
            "준공년월":"2005-12-07",
            "준공년차":18.0,
            "가까운역이름":"장안구청 (2028년 예정)",
            "가까운역거리":731.03,
            "역세권여부":"준역세권",
            "30분이내주요거점역":1,
            "30분거점역이름":"['수원']",
            "1시간이내주요거점역":11,
            "1시간거점역이름":"['강남', '역삼', '여의도', '양재', '수원시청', '평촌', '가산디지털단지', '수원', '구로디지털단지', '서현', 'GTX용인(2023년)']",
            "3km이내백화점수":0,
            "5km이내아울렛몰수":1,
            "1km이내대형먀트수":2,
            "500m이내은행수":1,
            "500m이내병원수":18,
            "5km이내대형병원수":4,
            "500m이내공원수":2,
            "3km이내혐오시설수":0,
            "초등학교학업성취도":89.97,
            "중학교학업성취도":82.5,
            "용적률":229,
            "건폐율":22,
            "Y":37.307052,
            "X":127.005017,
            "rank":32.0,
            "area_info":"32평(107.87), 32평(107.87), 33평(109.6), 33평(109.69)",
            "last_sales":"2021-08-02,47000.0,32평(107.87)",
            "rank_history":[
                [
                    "202203",
                    32
                ],
                [
                    "202202",
                    70
                ],
                [
                    "202201",
                    67
                ]
            ],
            "rank_gap":38
        },
        {
            "index":6,
            "아파트명":"삼우",
            "투자타입":"재건축",
            "전용면적(m2)":"96.07",
            "전용면적(평)":"29평",
            "법정동주소":"경기도 수원시 장안구 송죽동 458-3",
            "도로명주소":"경기도 수원시 장안구 정조로1088번길 18-22",
            "세대수":0,
            "입주년차":"--",
            "용적률점수":0,
            "건폐율점수":40,
            "세대당주차수":"--",
            "난방방식":"--",
            "공급면적":70,
            "전용률":60,
            "욕실수":"--",
            "현관타입":"--",
            "주거총점":14.5,
            "지역구공급총점":0.0,
            "역세권":80,
            "30분내 이동가능 거점":20,
            "1시간내 이동가능 거점":90,
            "교통총점":64.0,
            "백화점":0,
            "아울렛몰":100,
            "대형마트":80,
            "은행":0,
            "병원":80,
            "종합병원":100,
            "공원":100,
            "혐오시설":0,
            "인프라총점":53.0,
            "초등학군":90.02,
            "중학군":37.02,
            "학군총점":47.62,
            "인구수":31.14,
            "인구증감":-0.27,
            "인구총점":21.717,
            "일자리":14.6,
            "소득수준":100.0,
            "일자리총점":40.22,
            "가치 총점":48.343,
            "매매실거래년":20210710.0,
            "매매실거래가":22600.0,
            "전세실거래년":20200102.0,
            "전세실거래가":16000.0,
            "전세가율":70.8,
            "장기전세가율평균":74.2,
            "전세가율거품지수":3.4,
            "검색코드":8623,
            "세대수":59.0,
            "준공년월":"1989-11-08",
            "준공년차":34.0,
            "가까운역이름":"장안구청 (2028년 예정)",
            "가까운역거리":491.23,
            "역세권여부":"역세권",
            "30분이내주요거점역":1,
            "30분거점역이름":"['수원']",
            "1시간이내주요거점역":9,
            "1시간거점역이름":"['강남', '역삼', '양재', '수원시청', '가산디지털단지', '수원', '구로디지털단지', '명동', 'GTX용인(2023년)']",
            "3km이내백화점수":0,
            "5km이내아울렛몰수":2,
            "1km이내대형먀트수":1,
            "500m이내은행수":1,
            "500m이내병원수":48,
            "5km이내대형병원수":4,
            "500m이내공원수":3,
            "3km이내혐오시설수":0,
            "초등학교학업성취도":90.02,
            "중학교학업성취도":61.7,
            "용적률":262,
            "건폐율":39,
            "Y":37.30202,
            "X":127.00418,
            "rank":33.0,
            "area_info":"29평(96.07), 30평(102.14), 31평(105.01), 32평(107.94)",
            "last_sales":"2021-07-10,22600.0,29평(96.07)",
            "rank_history":[
                [
                    "202203",
                    33
                ],
                [
                    "202202",
                    9999
                ]
            ],
            "rank_gap":9999
        },
        {
            "index":202,
            "아파트명":"건우까사미",
            "투자타입":"일반",
            "전용면적(m2)":"67.04",
            "전용면적(평)":"20평",
            "법정동주소":"경기도 수원시 장안구 정자동 534-2",
            "도로명주소":"경기도 수원시 장안구 파장로 91",
            "세대수":0,
            "입주년차":80,
            "용적률점수":"--",
            "건폐율점수":"--",
            "세대당주차수":0,
            "난방방식":30,
            "공급면적":"--",
            "전용률":"--",
            "욕실수":100,
            "현관타입":100,
            "주거총점":39.0,
            "지역구공급총점":0.0,
            "역세권":50,
            "30분내 이동가능 거점":0,
            "1시간내 이동가능 거점":100,
            "교통총점":45.0,
            "백화점":0,
            "아울렛몰":80,
            "대형마트":80,
            "은행":0,
            "병원":80,
            "종합병원":100,
            "공원":100,
            "혐오시설":0,
            "인프라총점":51.0,
            "초등학군":90.02,
            "중학군":48.28,
            "학군총점":56.628,
            "인구수":31.14,
            "인구증감":-0.27,
            "인구총점":21.717,
            "일자리":14.6,
            "소득수준":100.0,
            "일자리총점":40.22,
            "가치 총점":47.3442,
            "매매실거래년":20190706.0,
            "매매실거래가":28800.0,
            "전세실거래년":20200707.0,
            "전세실거래가":22000.0,
            "전세가율":76.39,
            "장기전세가율평균":74.2,
            "전세가율거품지수":-2.19,
            "검색코드":124134,
            "세대수":56.0,
            "준공년월":"2018-11-27",
            "준공년차":5.0,
            "가까운역이름":"북수원 (2028년 예정)",
            "가까운역거리":556.54,
            "역세권여부":"준역세권",
            "30분이내주요거점역":0,
            "30분거점역이름":"[]",
            "1시간이내주요거점역":10,
            "1시간거점역이름":"['강남', '역삼', '판교', '양재', '수원시청', '평촌', '가산디지털단지', '수원', '구로디지털단지', '명동']",
            "3km이내백화점수":0,
            "5km이내아울렛몰수":1,
            "1km이내대형먀트수":1,
            "500m이내은행수":1,
            "500m이내병원수":33,
            "5km이내대형병원수":2,
            "500m이내공원수":2,
            "3km이내혐오시설수":0,
            "초등학교학업성취도":90.02,
            "중학교학업성취도":78.4,
            "용적률":499,
            "건폐율":60,
            "Y":37.307167,
            "X":126.990942,
            "rank":34.0,
            "area_info":"20평(67.04), 20평(68.72), 22평(73.52), 22평(74.33)",
            "last_sales":"2019-07-06,28800.0,20평(67.04)",
            "rank_history":[
                [
                    "202203",
                    34
                ],
                [
                    "202202",
                    9999
                ]
            ],
            "rank_gap":9999
        },
        {
            "index":147,
            "아파트명":"수원성균관대역동문굿모닝힐",
            "투자타입":"일반",
            "전용면적(m2)":"78.44",
            "전용면적(평)":"23평",
            "법정동주소":"경기도 수원시 장안구 율전동 600",
            "도로명주소":"경기도 수원시 장안구 율전로101번길 73",
            "세대수":50,
            "입주년차":80,
            "용적률점수":"--",
            "건폐율점수":"--",
            "세대당주차수":30,
            "난방방식":30,
            "공급면적":"--",
            "전용률":"--",
            "욕실수":100,
            "현관타입":100,
            "주거총점":61.0,
            "지역구공급총점":0.0,
            "역세권":50,
            "30분내 이동가능 거점":20,
            "1시간내 이동가능 거점":70,
            "교통총점":45.0,
            "백화점":0,
            "아울렛몰":80,
            "대형마트":0,
            "은행":0,
            "병원":60,
            "종합병원":100,
            "공원":100,
            "혐오시설":0,
            "인프라총점":37.0,
            "초등학군":90.0,
            "중학군":45.86,
            "학군총점":54.688,
            "인구수":31.14,
            "인구증감":-0.27,
            "인구총점":21.717,
            "일자리":14.6,
            "소득수준":100.0,
            "일자리총점":40.22,
            "가치 총점":47.2532,
            "매매실거래년":20220129.0,
            "매매실거래가":62500.0,
            "전세실거래년":20220215.0,
            "전세실거래가":29900.0,
            "전세가율":47.84,
            "장기전세가율평균":74.2,
            "전세가율거품지수":26.36,
            "검색코드":110302,
            "세대수":699.0,
            "준공년월":"2017-12-07",
            "준공년차":6.0,
            "가까운역이름":"성균관대",
            "가까운역거리":542.02,
            "역세권여부":"준역세권",
            "30분이내주요거점역":1,
            "30분거점역이름":"['수원']",
            "1시간이내주요거점역":7,
            "1시간거점역이름":"['수원시청', '평촌', '가산디지털단지', '수원', '구로디지털단지', '안산', 'GTX용인(2023년)']",
            "3km이내백화점수":0,
            "5km이내아울렛몰수":1,
            "1km이내대형먀트수":0,
            "500m이내은행수":1,
            "500m이내병원수":17,
            "5km이내대형병원수":2,
            "500m이내공원수":2,
            "3km이내혐오시설수":0,
            "초등학교학업성취도":90.0,
            "중학교학업성취도":76.1,
            "용적률":218,
            "건폐율":17,
            "Y":37.297984,
            "X":126.96565,
            "rank":35.0,
            "area_info":"23평(78.44), 33평(109.77), 33평(109.78), 33평(110.06)",
            "last_sales":"2022-01-29,62500.0,23평(78.44)",
            "rank_history":[
                [
                    "202203",
                    35
                ],
                [
                    "202202",
                    8
                ],
                [
                    "202201",
                    8
                ]
            ],
            "rank_gap":-27
        },
        {
            "index":329,
            "아파트명":"청솔마을한라",
            "투자타입":"일반",
            "전용면적(m2)":"87.2",
            "전용면적(평)":"26평",
            "법정동주소":"경기도 수원시 장안구 정자동 919",
            "도로명주소":"경기도 수원시 장안구 만석로20번길 28",
            "세대수":80,
            "입주년차":20,
            "용적률점수":"--",
            "건폐율점수":"--",
            "세대당주차수":30,
            "난방방식":100,
            "공급면적":"--",
            "전용률":"--",
            "욕실수":50,
            "현관타입":100,
            "주거총점":61.5,
            "지역구공급총점":0.0,
            "역세권":0,
            "30분내 이동가능 거점":20,
            "1시간내 이동가능 거점":60,
            "교통총점":18.0,
            "백화점":0,
            "아울렛몰":80,
            "대형마트":100,
            "은행":100,
            "병원":80,
            "종합병원":100,
            "공원":100,
            "혐오시설":0,
            "인프라총점":64.0,
            "초등학군":89.98,
            "중학군":53.7,
            "학군총점":60.956,
            "인구수":31.14,
            "인구증감":-0.27,
            "인구총점":21.717,
            "일자리":14.6,
            "소득수준":100.0,
            "일자리총점":40.22,
            "가치 총점":46.9434,
            "매매실거래년":20220129.0,
            "매매실거래가":56900.0,
            "전세실거래년":20220105.0,
            "전세실거래가":24150.0,
            "전세가율":45.65,
            "장기전세가율평균":74.2,
            "전세가율거품지수":28.55,
            "검색코드":3650,
            "세대수":845.0,
            "준공년월":"2001-07-30",
            "준공년차":22.0,
            "가까운역이름":"화서",
            "가까운역거리":1228.06,
            "역세권여부":"비역세권",
            "30분이내주요거점역":1,
            "30분거점역이름":"['수원']",
            "1시간이내주요거점역":6,
            "1시간거점역이름":"['강남', '양재', '수원시청', '평촌', '가산디지털단지', '수원']",
            "3km이내백화점수":0,
            "5km이내아울렛몰수":1,
            "1km이내대형먀트수":2,
            "500m이내은행수":5,
            "500m이내병원수":43,
            "5km이내대형병원수":4,
            "500m이내공원수":8,
            "3km이내혐오시설수":0,
            "초등학교학업성취도":89.98,
            "중학교학업성취도":88.3,
            "용적률":218,
            "건폐율":18,
            "Y":37.294152,
            "X":126.984141,
            "rank":36.0,
            "area_info":"26평(87.2), 27평(89.38)",
            "last_sales":"2022-01-29,56900.0,27평(89.38)",
            "rank_history":[
                [
                    "202203",
                    36
                ],
                [
                    "202202",
                    11
                ],
                [
                    "202201",
                    15
                ]
            ],
            "rank_gap":-25
        },
        {
            "index":341,
            "아파트명":"화서역파크뷰",
            "투자타입":"일반",
            "전용면적(m2)":"69.78",
            "전용면적(평)":"21평",
            "법정동주소":"경기도 수원시 장안구 정자동 882-5",
            "도로명주소":"경기도 수원시 장안구 대평로51번길 56",
            "세대수":50,
            "입주년차":20,
            "용적률점수":"--",
            "건폐율점수":"--",
            "세대당주차수":30,
            "난방방식":100,
            "공급면적":"--",
            "전용률":"--",
            "욕실수":50,
            "현관타입":100,
            "주거총점":51.0,
            "지역구공급총점":0.0,
            "역세권":50,
            "30분내 이동가능 거점":0,
            "1시간내 이동가능 거점":50,
            "교통총점":35.0,
            "백화점":0,
            "아울렛몰":80,
            "대형마트":100,
            "은행":0,
            "병원":60,
            "종합병원":100,
            "공원":100,
            "혐오시설":0,
            "인프라총점":52.0,
            "초등학군":90.46,
            "중학군":51.38,
            "학군총점":59.196,
            "인구수":31.14,
            "인구증감":-0.27,
            "인구총점":21.717,
            "일자리":14.6,
            "소득수준":100.0,
            "일자리총점":40.22,
            "가치 총점":46.9294,
            "매매실거래년":20220124.0,
            "매매실거래가":51000.0,
            "전세실거래년":20220212.0,
            "전세실거래가":18900.0,
            "전세가율":37.06,
            "장기전세가율평균":74.2,
            "전세가율거품지수":37.14,
            "검색코드":4003,
            "세대수":530.0,
            "준공년월":"2000-12-15",
            "준공년차":23.0,
            "가까운역이름":"화서",
            "가까운역거리":912.85,
            "역세권여부":"준역세권",
            "30분이내주요거점역":0,
            "30분거점역이름":"[]",
            "1시간이내주요거점역":5,
            "1시간거점역이름":"['강남', '수원시청', '평촌', '가산디지털단지', '수원']",
            "3km이내백화점수":0,
            "5km이내아울렛몰수":1,
            "1km이내대형먀트수":2,
            "500m이내은행수":1,
            "500m이내병원수":21,
            "5km이내대형병원수":4,
            "500m이내공원수":5,
            "3km이내혐오시설수":0,
            "초등학교학업성취도":90.46,
            "중학교학업성취도":84.9,
            "용적률":228,
            "건폐율":19,
            "Y":37.29218,
            "X":126.99051,
            "rank":37.0,
            "area_info":"21평(69.78), 24평(81.02)",
            "last_sales":"2022-01-24,51000.0,21평(69.78)",
            "rank_history":[
                [
                    "202203",
                    37
                ],
                [
                    "202202",
                    13
                ],
                [
                    "202201",
                    17
                ]
            ],
            "rank_gap":-24
        },
        {
            "index":403,
            "아파트명":"주공뉴타운1단지",
            "투자타입":"일반",
            "전용면적(m2)":"110.69",
            "전용면적(평)":"33평",
            "법정동주소":"경기도 수원시 장안구 조원동 855",
            "도로명주소":"경기도 수원시 장안구 금당로39번길 33",
            "세대수":80,
            "입주년차":20,
            "용적률점수":"--",
            "건폐율점수":"--",
            "세대당주차수":30,
            "난방방식":100,
            "공급면적":"--",
            "전용률":"--",
            "욕실수":100,
            "현관타입":100,
            "주거총점":66.5,
            "지역구공급총점":0.0,
            "역세권":50,
            "30분내 이동가능 거점":0,
            "1시간내 이동가능 거점":20,
            "교통총점":29.0,
            "백화점":0,
            "아울렛몰":100,
            "대형마트":80,
            "은행":0,
            "병원":60,
            "종합병원":100,
            "공원":100,
            "혐오시설":0,
            "인프라총점":51.0,
            "초등학군":90.01,
            "중학군":45.64,
            "학군총점":54.514,
            "인구수":31.14,
            "인구증감":-0.27,
            "인구총점":21.717,
            "일자리":14.6,
            "소득수준":100.0,
            "일자리총점":40.22,
            "가치 총점":46.9271,
            "매매실거래년":20210802.0,
            "매매실거래가":49500.0,
            "전세실거래년":20220127.0,
            "전세실거래가":33000.0,
            "전세가율":66.67,
            "장기전세가율평균":74.2,
            "전세가율거품지수":7.53,
            "검색코드":100282,
            "세대수":768.0,
            "준공년월":"2001-12-11",
            "준공년차":22.0,
            "가까운역이름":"장안구청 (2028년 예정)",
            "가까운역거리":622.88,
            "역세권여부":"준역세권",
            "30분이내주요거점역":0,
            "30분거점역이름":"[]",
            "1시간이내주요거점역":2,
            "1시간거점역이름":"['수원시청', '수원']",
            "3km이내백화점수":0,
            "5km이내아울렛몰수":2,
            "1km이내대형먀트수":1,
            "500m이내은행수":1,
            "500m이내병원수":17,
            "5km이내대형병원수":4,
            "500m이내공원수":4,
            "3km이내혐오시설수":0,
            "초등학교학업성취도":90.01,
            "중학교학업성취도":75.8,
            "용적률":246,
            "건폐율":15,
            "Y":37.304565,
            "X":127.015721,
            "rank":38.0,
            "area_info":"33평(110.69), 33평(110.89)",
            "last_sales":"2021-08-02,49500.0,33평(110.69)",
            "rank_history":[
                [
                    "202203",
                    38
                ],
                [
                    "202202",
                    50
                ],
                [
                    "202201",
                    46
                ]
            ],
            "rank_gap":12
        },
        {
            "index":326,
            "아파트명":"청솔마을6단지SK한화",
            "투자타입":"일반",
            "전용면적(m2)":"130.1",
            "전용면적(평)":"39평",
            "법정동주소":"경기도 수원시 장안구 정자동 918",
            "도로명주소":"경기도 수원시 장안구 만석로20번길 25",
            "세대수":50,
            "입주년차":20,
            "용적률점수":"--",
            "건폐율점수":"--",
            "세대당주차수":60,
            "난방방식":100,
            "공급면적":"--",
            "전용률":"--",
            "욕실수":100,
            "현관타입":100,
            "주거총점":60.5,
            "지역구공급총점":0.0,
            "역세권":0,
            "30분내 이동가능 거점":20,
            "1시간내 이동가능 거점":60,
            "교통총점":18.0,
            "백화점":0,
            "아울렛몰":80,
            "대형마트":100,
            "은행":100,
            "병원":80,
            "종합병원":100,
            "공원":100,
            "혐오시설":0,
            "인프라총점":64.0,
            "초등학군":89.98,
            "중학군":54.92,
            "학군총점":61.932,
            "인구수":31.14,
            "인구증감":-0.27,
            "인구총점":21.717,
            "일자리":14.6,
            "소득수준":100.0,
            "일자리총점":40.22,
            "가치 총점":46.8898,
            "매매실거래년":20220211.0,
            "매매실거래가":93000.0,
            "전세실거래년":20220121.0,
            "전세실거래가":38850.0,
            "전세가율":44.66,
            "장기전세가율평균":74.2,
            "전세가율거품지수":29.54,
            "검색코드":3651,
            "세대수":520.0,
            "준공년월":"2002-01-21",
            "준공년차":21.0,
            "가까운역이름":"화서",
            "가까운역거리":1229.88,
            "역세권여부":"비역세권",
            "30분이내주요거점역":1,
            "30분거점역이름":"['수원']",
            "1시간이내주요거점역":6,
            "1시간거점역이름":"['강남', '양재', '수원시청', '평촌', '가산디지털단지', '수원']",
            "3km이내백화점수":0,
            "5km이내아울렛몰수":1,
            "1km이내대형먀트수":2,
            "500m이내은행수":5,
            "500m이내병원수":41,
            "5km이내대형병원수":4,
            "500m이내공원수":10,
            "3km이내혐오시설수":0,
            "초등학교학업성취도":89.98,
            "중학교학업성취도":90.0,
            "용적률":220,
            "건폐율":12,
            "Y":37.294616,
            "X":126.985703,
            "rank":39.0,
            "area_info":"39평(130.1), 48평(161.19), 58평(194.1)",
            "last_sales":"2022-02-11,93000.0,48평(161.19)",
            "rank_history":[
                [
                    "202203",
                    39
                ],
                [
                    "202202",
                    15
                ],
                [
                    "202201",
                    16
                ]
            ],
            "rank_gap":-24
        },
        {
            "index":417,
            "아파트명":"비단마을신명",
            "투자타입":"일반",
            "전용면적(m2)":"89.36",
            "전용면적(평)":"27평",
            "법정동주소":"경기도 수원시 장안구 천천동 482",
            "도로명주소":"경기도 수원시 장안구 정자로41번길 12",
            "세대수":50,
            "입주년차":20,
            "용적률점수":"--",
            "건폐율점수":"--",
            "세대당주차수":30,
            "난방방식":100,
            "공급면적":"--",
            "전용률":"--",
            "욕실수":100,
            "현관타입":100,
            "주거총점":56.0,
            "지역구공급총점":0.0,
            "역세권":50,
            "30분내 이동가능 거점":0,
            "1시간내 이동가능 거점":60,
            "교통총점":37.0,
            "백화점":0,
            "아울렛몰":80,
            "대형마트":80,
            "은행":0,
            "병원":10,
            "종합병원":100,
            "공원":100,
            "혐오시설":0,
            "인프라총점":44.0,
            "초등학군":89.99,
            "중학군":55.62,
            "학군총점":62.494,
            "인구수":31.14,
            "인구증감":-0.27,
            "인구총점":21.717,
            "일자리":14.6,
            "소득수준":100.0,
            "일자리총점":40.22,
            "가치 총점":46.7241,
            "매매실거래년":20220107.0,
            "매매실거래가":50000.0,
            "전세실거래년":20220216.0,
            "전세실거래가":24500.0,
            "전세가율":49.0,
            "장기전세가율평균":74.2,
            "전세가율거품지수":25.2,
            "검색코드":3647,
            "세대수":594.0,
            "준공년월":"2001-11-22",
            "준공년차":22.0,
            "가까운역이름":"성균관대",
            "가까운역거리":992.93,
            "역세권여부":"준역세권",
            "30분이내주요거점역":0,
            "30분거점역이름":"[]",
            "1시간이내주요거점역":6,
            "1시간거점역이름":"['강남', '양재', '수원시청', '평촌', '가산디지털단지', '수원']",
            "3km이내백화점수":0,
            "5km이내아울렛몰수":1,
            "1km이내대형먀트수":1,
            "500m이내은행수":0,
            "500m이내병원수":3,
            "5km이내대형병원수":3,
            "500m이내공원수":6,
            "3km이내혐오시설수":0,
            "초등학교학업성취도":89.99,
            "중학교학업성취도":91.7,
            "용적률":217,
            "건폐율":17,
            "Y":37.302432,
            "X":126.981932,
            "rank":40.0,
            "area_info":"27평(89.36)",
            "last_sales":"2022-01-07,50000.0,27평(89.36)",
            "rank_history":[
                [
                    "202203",
                    40
                ],
                [
                    "202202",
                    55
                ],
                [
                    "202201",
                    49
                ]
            ],
            "rank_gap":15
        },
        {
            "index":451,
            "아파트명":"동진",
            "투자타입":"일반",
            "전용면적(m2)":"80.62",
            "전용면적(평)":"24평",
            "법정동주소":"경기도 수원시 장안구 파장동 213-5",
            "도로명주소":"경기도 수원시 장안구 수일로 13",
            "세대수":0,
            "입주년차":0,
            "용적률점수":"--",
            "건폐율점수":"--",
            "세대당주차수":0,
            "난방방식":30,
            "공급면적":"--",
            "전용률":"--",
            "욕실수":50,
            "현관타입":100,
            "주거총점":18.0,
            "지역구공급총점":0.0,
            "역세권":80,
            "30분내 이동가능 거점":20,
            "1시간내 이동가능 거점":90,
            "교통총점":64.0,
            "백화점":0,
            "아울렛몰":0,
            "대형마트":80,
            "은행":0,
            "병원":60,
            "종합병원":100,
            "공원":80,
            "혐오시설":0,
            "인프라총점":40.4,
            "초등학군":90.02,
            "중학군":48.28,
            "학군총점":56.628,
            "인구수":31.14,
            "인구증감":-0.27,
            "인구총점":21.717,
            "일자리":14.6,
            "소득수준":100.0,
            "일자리총점":40.22,
            "가치 총점":46.6142,
            "매매실거래년":20211115.0,
            "매매실거래가":25000.0,
            "전세실거래년":20201217.0,
            "전세실거래가":16000.0,
            "전세가율":64.0,
            "장기전세가율평균":74.2,
            "전세가율거품지수":10.2,
            "검색코드":2716,
            "세대수":81.0,
            "준공년월":"1995-10-14",
            "준공년차":28.0,
            "가까운역이름":"북수원 (2028년 예정)",
            "가까운역거리":388.38,
            "역세권여부":"역세권",
            "30분이내주요거점역":1,
            "30분거점역이름":"['수원']",
            "1시간이내주요거점역":9,
            "1시간거점역이름":"['강남', '역삼', '양재', '수원시청', '평촌', '수원', '구로디지털단지', '명동', 'GTX용인(2023년)']",
            "3km이내백화점수":0,
            "5km이내아울렛몰수":0,
            "1km이내대형먀트수":1,
            "500m이내은행수":0,
            "500m이내병원수":10,
            "5km이내대형병원수":2,
            "500m이내공원수":1,
            "3km이내혐오시설수":0,
            "초등학교학업성취도":90.02,
            "중학교학업성취도":78.4,
            "용적률":277,
            "건폐율":35,
            "Y":37.31138,
            "X":126.99338,
            "rank":41.0,
            "area_info":"24평(80.62), 29평(97.84)",
            "last_sales":"2021-11-15,25000.0,24평(80.62)",
            "rank_history":[
                [
                    "202203",
                    41
                ],
                [
                    "202202",
                    9999
                ]
            ],
            "rank_gap":9999
        },
        {
            "index":381,
            "아파트명":"성신",
            "투자타입":"재건축",
            "전용면적(m2)":"91.04",
            "전용면적(평)":"27평",
            "법정동주소":"경기도 수원시 장안구 조원동 668-4",
            "도로명주소":"경기도 수원시 장안구 정조로978번길 23",
            "세대수":0,
            "입주년차":"--",
            "용적률점수":0,
            "건폐율점수":0,
            "세대당주차수":"--",
            "난방방식":"--",
            "공급면적":70,
            "전용률":80,
            "욕실수":"--",
            "현관타입":"--",
            "주거총점":7.5,
            "지역구공급총점":0.0,
            "역세권":80,
            "30분내 이동가능 거점":20,
            "1시간내 이동가능 거점":80,
            "교통총점":62.0,
            "백화점":0,
            "아울렛몰":100,
            "대형마트":80,
            "은행":0,
            "병원":60,
            "종합병원":100,
            "공원":100,
            "혐오시설":0,
            "인프라총점":51.0,
            "초등학군":89.98,
            "중학군":43.32,
            "학군총점":52.652,
            "인구수":31.14,
            "인구증감":-0.27,
            "인구총점":21.717,
            "일자리":14.6,
            "소득수준":100.0,
            "일자리총점":40.22,
            "가치 총점":46.3978,
            "매매실거래년":20211203.0,
            "매매실거래가":21900.0,
            "전세실거래년":20210309.0,
            "전세실거래가":16000.0,
            "전세가율":73.06,
            "장기전세가율평균":74.2,
            "전세가율거품지수":1.14,
            "검색코드":14157,
            "세대수":66.0,
            "준공년월":"1986-01-20",
            "준공년차":37.0,
            "가까운역이름":"동수원 (2028년 예정)",
            "가까운역거리":209.02,
            "역세권여부":"역세권",
            "30분이내주요거점역":1,
            "30분거점역이름":"['수원']",
            "1시간이내주요거점역":8,
            "1시간거점역이름":"['강남', '역삼', '양재', '수원시청', '가산디지털단지', '수원', '안산', 'GTX용인(2023년)']",
            "3km이내백화점수":0,
            "5km이내아울렛몰수":2,
            "1km이내대형먀트수":1,
            "500m이내은행수":1,
            "500m이내병원수":28,
            "5km이내대형병원수":4,
            "500m이내공원수":3,
            "3km이내혐오시설수":0,
            "초등학교학업성취도":89.98,
            "중학교학업성취도":72.2,
            "용적률":0,
            "건폐율":0,
            "Y":37.29521,
            "X":127.01113,
            "rank":42.0,
            "area_info":"27평(91.04), 29평(99.04), 32평(108.43)",
            "last_sales":"2021-12-03,21900.0,27평(91.04)",
            "rank_history":[
                [
                    "202203",
                    42
                ],
                [
                    "202202",
                    9999
                ]
            ],
            "rank_gap":9999
        },
        {
            "index":448,
            "아파트명":"궁전",
            "투자타입":"재건축",
            "전용면적(m2)":"60.58",
            "전용면적(평)":"18평",
            "법정동주소":"경기도 수원시 장안구 파장동 199",
            "도로명주소":"경기도 수원시 장안구 수일로 26",
            "세대수":0,
            "입주년차":"--",
            "용적률점수":100,
            "건폐율점수":80,
            "세대당주차수":"--",
            "난방방식":"--",
            "공급면적":50,
            "전용률":60,
            "욕실수":"--",
            "현관타입":"--",
            "주거총점":61.5,
            "지역구공급총점":0.0,
            "역세권":50,
            "30분내 이동가능 거점":0,
            "1시간내 이동가능 거점":80,
            "교통총점":41.0,
            "백화점":0,
            "아울렛몰":0,
            "대형마트":80,
            "은행":0,
            "병원":30,
            "종합병원":100,
            "공원":80,
            "혐오시설":0,
            "인프라총점":37.4,
            "초등학군":90.02,
            "중학군":48.28,
            "학군총점":56.628,
            "인구수":31.14,
            "인구증감":-0.27,
            "인구총점":21.717,
            "일자리":14.6,
            "소득수준":100.0,
            "일자리총점":40.22,
            "가치 총점":46.3642,
            "매매실거래년":20211207.0,
            "매매실거래가":22000.0,
            "전세실거래년":20211115.0,
            "전세실거래가":11000.0,
            "전세가율":50.0,
            "장기전세가율평균":74.2,
            "전세가율거품지수":24.2,
            "검색코드":2714,
            "세대수":130.0,
            "준공년월":"1986-05-03",
            "준공년차":37.0,
            "가까운역이름":"북수원 (2028년 예정)",
            "가까운역거리":523.78,
            "역세권여부":"준역세권",
            "30분이내주요거점역":0,
            "30분거점역이름":"[]",
            "1시간이내주요거점역":8,
            "1시간거점역이름":"['강남', '역삼', '양재', '수원시청', '평촌', '수원', '구로디지털단지', '명동']",
            "3km이내백화점수":0,
            "5km이내아울렛몰수":0,
            "1km이내대형먀트수":1,
            "500m이내은행수":0,
            "500m이내병원수":5,
            "5km이내대형병원수":2,
            "500m이내공원수":1,
            "3km이내혐오시설수":0,
            "초등학교학업성취도":90.02,
            "중학교학업성취도":78.4,
            "용적률":130,
            "건폐율":27,
            "Y":37.31218,
            "X":126.99496,
            "rank":43.0,
            "area_info":"18평(60.58)",
            "last_sales":"2021-12-07,22000.0,18평(60.58)",
            "rank_history":[
                [
                    "202203",
                    43
                ],
                [
                    "202202",
                    46
                ],
                [
                    "202201",
                    44
                ]
            ],
            "rank_gap":3
        },
        {
            "index":115,
            "아파트명":"반석",
            "투자타입":"재건축",
            "전용면적(m2)":"72.9",
            "전용면적(평)":"22평",
            "법정동주소":"경기도 수원시 장안구 율전동 161-9",
            "도로명주소":"경기도 수원시 장안구 덕영대로417번길 15",
            "세대수":0,
            "입주년차":"--",
            "용적률점수":0,
            "건폐율점수":0,
            "세대당주차수":"--",
            "난방방식":"--",
            "공급면적":50,
            "전용률":60,
            "욕실수":"--",
            "현관타입":"--",
            "주거총점":5.5,
            "지역구공급총점":0.0,
            "역세권":80,
            "30분내 이동가능 거점":60,
            "1시간내 이동가능 거점":80,
            "교통총점":74.0,
            "백화점":0,
            "아울렛몰":80,
            "대형마트":0,
            "은행":0,
            "병원":60,
            "종합병원":100,
            "공원":100,
            "혐오시설":0,
            "인프라총점":37.0,
            "초등학군":90.0,
            "중학군":45.86,
            "학군총점":54.688,
            "인구수":31.14,
            "인구증감":-0.27,
            "인구총점":21.717,
            "일자리":14.6,
            "소득수준":100.0,
            "일자리총점":40.22,
            "가치 총점":46.3032,
            "매매실거래년":20210605.0,
            "매매실거래가":19000.0,
            "전세실거래년":null,
            "전세실거래가":null,
            "전세가율":null,
            "장기전세가율평균":74.2,
            "전세가율거품지수":null,
            "검색코드":13082,
            "세대수":70.0,
            "준공년월":"1986-02-06",
            "준공년차":37.0,
            "가까운역이름":"성균관대",
            "가까운역거리":296.29,
            "역세권여부":"역세권",
            "30분이내주요거점역":3,
            "30분거점역이름":"['수원시청', '평촌', '수원']",
            "1시간이내주요거점역":8,
            "1시간거점역이름":"['양재', '수원시청', '평촌', '가산디지털단지', '수원', '구로디지털단지', '안산', 'GTX용인(2023년)']",
            "3km이내백화점수":0,
            "5km이내아울렛몰수":1,
            "1km이내대형먀트수":0,
            "500m이내은행수":1,
            "500m이내병원수":29,
            "5km이내대형병원수":2,
            "500m이내공원수":3,
            "3km이내혐오시설수":0,
            "초등학교학업성취도":90.0,
            "중학교학업성취도":76.1,
            "용적률":0,
            "건폐율":0,
            "Y":37.301872,
            "X":126.968291,
            "rank":44.0,
            "area_info":"22평(72.9), 23평(79.17)",
            "last_sales":"2021-06-05,19000.0,23평(79.17)",
            "rank_history":[
                [
                    "202203",
                    44
                ],
                [
                    "202202",
                    9999
                ]
            ],
            "rank_gap":9999
        },
        {
            "index":308,
            "아파트명":"신부눈이부신뷰",
            "투자타입":"일반",
            "전용면적(m2)":"80.24",
            "전용면적(평)":"24평",
            "법정동주소":"경기도 수원시 장안구 정자동 80-18",
            "도로명주소":"경기도 수원시 장안구 영화로71번길 3",
            "세대수":0,
            "입주년차":40,
            "용적률점수":"--",
            "건폐율점수":"--",
            "세대당주차수":30,
            "난방방식":30,
            "공급면적":"--",
            "전용률":"--",
            "욕실수":100,
            "현관타입":100,
            "주거총점":35.5,
            "지역구공급총점":0.0,
            "역세권":80,
            "30분내 이동가능 거점":20,
            "1시간내 이동가능 거점":50,
            "교통총점":56.0,
            "백화점":0,
            "아울렛몰":100,
            "대형마트":0,
            "은행":0,
            "병원":60,
            "종합병원":100,
            "공원":100,
            "혐오시설":0,
            "인프라총점":39.0,
            "초등학군":89.99,
            "중학군":43.32,
            "학군총점":52.654,
            "인구수":31.14,
            "인구증감":-0.27,
            "인구총점":21.717,
            "일자리":14.6,
            "소득수준":100.0,
            "일자리총점":40.22,
            "가치 총점":46.2981,
            "매매실거래년":20211227.0,
            "매매실거래가":37000.0,
            "전세실거래년":20220223.0,
            "전세실거래가":28000.0,
            "전세가율":75.68,
            "장기전세가율평균":74.2,
            "전세가율거품지수":-1.48,
            "검색코드":25743,
            "세대수":98.0,
            "준공년월":"2008-03-25",
            "준공년차":15.0,
            "가까운역이름":"동수원 (2028년 예정)",
            "가까운역거리":366.21,
            "역세권여부":"역세권",
            "30분이내주요거점역":1,
            "30분거점역이름":"['수원']",
            "1시간이내주요거점역":5,
            "1시간거점역이름":"['강남', '수원시청', '가산디지털단지', '수원', 'GTX용인(2023년)']",
            "3km이내백화점수":0,
            "5km이내아울렛몰수":2,
            "1km이내대형먀트수":0,
            "500m이내은행수":1,
            "500m이내병원수":24,
            "5km이내대형병원수":4,
            "500m이내공원수":3,
            "3km이내혐오시설수":0,
            "초등학교학업성취도":89.99,
            "중학교학업성취도":72.2,
            "용적률":248,
            "건폐율":22,
            "Y":37.29253,
            "X":127.006471,
            "rank":45.0,
            "area_info":"24평(80.24)",
            "last_sales":"2021-12-27,37000.0,24평(80.24)",
            "rank_history":[
                [
                    "202203",
                    45
                ],
                [
                    "202202",
                    9999
                ]
            ],
            "rank_gap":9999
        },
        {
            "index":370,
            "아파트명":"맥스빌",
            "투자타입":"일반",
            "전용면적(m2)":"125.37",
            "전용면적(평)":"37평",
            "법정동주소":"경기도 수원시 장안구 조원동 908",
            "도로명주소":"경기도 수원시 장안구 수일로 179",
            "세대수":0,
            "입주년차":40,
            "용적률점수":"--",
            "건폐율점수":"--",
            "세대당주차수":80,
            "난방방식":30,
            "공급면적":"--",
            "전용률":"--",
            "욕실수":100,
            "현관타입":100,
            "주거총점":43.0,
            "지역구공급총점":0.0,
            "역세권":50,
            "30분내 이동가능 거점":0,
            "1시간내 이동가능 거점":60,
            "교통총점":37.0,
            "백화점":0,
            "아울렛몰":100,
            "대형마트":80,
            "은행":20,
            "병원":60,
            "종합병원":100,
            "공원":100,
            "혐오시설":0,
            "인프라총점":53.0,
            "초등학군":89.98,
            "중학군":50.66,
            "학군총점":58.524,
            "인구수":31.14,
            "인구증감":-0.27,
            "인구총점":21.717,
            "일자리":14.6,
            "소득수준":100.0,
            "일자리총점":40.22,
            "가치 총점":46.2286,
            "매매실거래년":20200612.0,
            "매매실거래가":39800.0,
            "전세실거래년":null,
            "전세실거래가":null,
            "전세가율":null,
            "장기전세가율평균":74.2,
            "전세가율거품지수":null,
            "검색코드":22941,
            "세대수":60.0,
            "준공년월":"2005-03-23",
            "준공년차":18.0,
            "가까운역이름":"장안구청 (2028년 예정)",
            "가까운역거리":661.86,
            "역세권여부":"준역세권",
            "30분이내주요거점역":0,
            "30분거점역이름":"[]",
            "1시간이내주요거점역":6,
            "1시간거점역이름":"['강남', '역삼', '양재', '수원시청', '평촌', '수원']",
            "3km이내백화점수":0,
            "5km이내아울렛몰수":2,
            "1km이내대형먀트수":1,
            "500m이내은행수":2,
            "500m이내병원수":21,
            "5km이내대형병원수":4,
            "500m이내공원수":2,
            "3km이내혐오시설수":0,
            "초등학교학업성취도":89.98,
            "중학교학업성취도":82.5,
            "용적률":237,
            "건폐율":17,
            "Y":37.30756,
            "X":127.00891,
            "rank":46.0,
            "area_info":"37평(125.37), 57평(190.9), 58평(191.88), 57평(191.0), 61평(202.02)",
            "last_sales":"2020-06-12,39800.0,61평(202.02)",
            "rank_history":[
                [
                    "202203",
                    46
                ],
                [
                    "202202",
                    9999
                ]
            ],
            "rank_gap":9999
        },
        {
            "index":359,
            "아파트명":"효성",
            "투자타입":"재건축",
            "전용면적(m2)":"90.39",
            "전용면적(평)":"27평",
            "법정동주소":"경기도 수원시 장안구 정자동 11-1",
            "도로명주소":"경기도 수원시 장안구 송정로90번길 4",
            "세대수":0,
            "입주년차":"--",
            "용적률점수":0,
            "건폐율점수":0,
            "세대당주차수":"--",
            "난방방식":"--",
            "공급면적":70,
            "전용률":80,
            "욕실수":"--",
            "현관타입":"--",
            "주거총점":7.5,
            "지역구공급총점":0.0,
            "역세권":80,
            "30분내 이동가능 거점":20,
            "1시간내 이동가능 거점":90,
            "교통총점":64.0,
            "백화점":0,
            "아울렛몰":100,
            "대형마트":80,
            "은행":0,
            "병원":60,
            "종합병원":100,
            "공원":80,
            "혐오시설":0,
            "인프라총점":50.4,
            "초등학군":89.99,
            "중학군":37.02,
            "학군총점":47.614,
            "인구수":31.14,
            "인구증감":-0.27,
            "인구총점":21.717,
            "일자리":14.6,
            "소득수준":100.0,
            "일자리총점":40.22,
            "가치 총점":46.1621,
            "매매실거래년":20210930.0,
            "매매실거래가":30000.0,
            "전세실거래년":20220201.0,
            "전세실거래가":12600.0,
            "전세가율":42.0,
            "장기전세가율평균":74.2,
            "전세가율거품지수":32.2,
            "검색코드":105706,
            "세대수":54.0,
            "준공년월":"1985-02-07",
            "준공년차":38.0,
            "가까운역이름":"동수원 (2028년 예정)",
            "가까운역거리":410.68,
            "역세권여부":"역세권",
            "30분이내주요거점역":1,
            "30분거점역이름":"['수원']",
            "1시간이내주요거점역":9,
            "1시간거점역이름":"['강남', '역삼', '양재', '수원시청', '평촌', '가산디지털단지', '수원', '안산', 'GTX용인(2023년)']",
            "3km이내백화점수":0,
            "5km이내아울렛몰수":2,
            "1km이내대형먀트수":1,
            "500m이내은행수":1,
            "500m이내병원수":17,
            "5km이내대형병원수":4,
            "500m이내공원수":1,
            "3km이내혐오시설수":0,
            "초등학교학업성취도":89.99,
            "중학교학업성취도":61.7,
            "용적률":0,
            "건폐율":0,
            "Y":37.29546,
            "X":127.006602,
            "rank":47.0,
            "area_info":"27평(90.39)",
            "last_sales":"2021-09-30,30000.0,27평(90.39)",
            "rank_history":[
                [
                    "202203",
                    47
                ],
                [
                    "202202",
                    9999
                ]
            ],
            "rank_gap":9999
        },
        {
            "index":176,
            "아파트명":"수원장안STX-KAN1단지",
            "투자타입":"일반",
            "전용면적(m2)":"85.09",
            "전용면적(평)":"25평",
            "법정동주소":"경기도 수원시 장안구 이목동 918",
            "도로명주소":"경기도 수원시 장안구 장안로 395",
            "세대수":80,
            "입주년차":60,
            "용적률점수":"--",
            "건폐율점수":"--",
            "세대당주차수":60,
            "난방방식":100,
            "공급면적":"--",
            "전용률":"--",
            "욕실수":100,
            "현관타입":100,
            "주거총점":79.0,
            "지역구공급총점":0.0,
            "역세권":50,
            "30분내 이동가능 거점":0,
            "1시간내 이동가능 거점":100,
            "교통총점":45.0,
            "백화점":0,
            "아울렛몰":0,
            "대형마트":0,
            "은행":0,
            "병원":0,
            "종합병원":80,
            "공원":100,
            "혐오시설":0,
            "인프라총점":19.0,
            "초등학군":89.98,
            "중학군":51.52,
            "학군총점":59.212,
            "인구수":31.14,
            "인구증감":-0.27,
            "인구총점":21.717,
            "일자리":14.6,
            "소득수준":100.0,
            "일자리총점":40.22,
            "가치 총점":46.1318,
            "매매실거래년":20211221.0,
            "매매실거래가":58000.0,
            "전세실거래년":20211218.0,
            "전세실거래가":40000.0,
            "전세가율":68.97,
            "장기전세가율평균":74.2,
            "전세가율거품지수":5.23,
            "검색코드":102501,
            "세대수":734.0,
            "준공년월":"2013-02-28",
            "준공년차":10.0,
            "가까운역이름":"북수원 (2028년 예정)",
            "가까운역거리":628.05,
            "역세권여부":"준역세권",
            "30분이내주요거점역":0,
            "30분거점역이름":"[]",
            "1시간이내주요거점역":11,
            "1시간거점역이름":"['강남', '역삼', '잠실', '판교', '양재', '수원시청', '평촌', '가산디지털단지', '수원', '구로디지털단지', '명동']",
            "3km이내백화점수":0,
            "5km이내아울렛몰수":0,
            "1km이내대형먀트수":0,
            "500m이내은행수":0,
            "500m이내병원수":0,
            "5km이내대형병원수":1,
            "500m이내공원수":5,
            "3km이내혐오시설수":0,
            "초등학교학업성취도":89.98,
            "중학교학업성취도":83.0,
            "용적률":225,
            "건폐율":16,
            "Y":37.314431,
            "X":126.982672,
            "rank":48.0,
            "area_info":"25평(85.09), 25평(85.09), 33평(111.99), 38평(128.5), 39평(131.65), 43평(143.68), 46평(154.24)",
            "last_sales":"2021-12-21,58000.0,25평(85.09)",
            "rank_history":[
                [
                    "202203",
                    48
                ],
                [
                    "202202",
                    61
                ],
                [
                    "202201",
                    55
                ]
            ],
            "rank_gap":13
        },
        {
            "index":430,
            "아파트명":"천천푸르지오",
            "투자타입":"일반",
            "전용면적(m2)":"85.77",
            "전용면적(평)":"25평",
            "법정동주소":"경기도 수원시 장안구 천천동 333",
            "도로명주소":"경기도 수원시 장안구 화산로 85",
            "세대수":100,
            "입주년차":60,
            "용적률점수":"--",
            "건폐율점수":"--",
            "세대당주차수":60,
            "난방방식":100,
            "공급면적":"--",
            "전용률":"--",
            "욕실수":100,
            "현관타입":100,
            "주거총점":86.0,
            "지역구공급총점":0.0,
            "역세권":0,
            "30분내 이동가능 거점":0,
            "1시간내 이동가능 거점":50,
            "교통총점":10.0,
            "백화점":0,
            "아울렛몰":80,
            "대형마트":100,
            "은행":20,
            "병원":60,
            "종합병원":100,
            "공원":100,
            "혐오시설":0,
            "인프라총점":54.0,
            "초등학군":90.0,
            "중학군":53.7,
            "학군총점":60.96,
            "인구수":31.14,
            "인구증감":-0.27,
            "인구총점":21.717,
            "일자리":14.6,
            "소득수준":100.0,
            "일자리총점":40.22,
            "가치 총점":46.044,
            "매매실거래년":20220224.0,
            "매매실거래가":60500.0,
            "전세실거래년":20220128.0,
            "전세실거래가":29400.0,
            "전세가율":48.6,
            "장기전세가율평균":74.2,
            "전세가율거품지수":25.6,
            "검색코드":23880,
            "세대수":2571.0,
            "준공년월":"2009-01-16",
            "준공년차":14.0,
            "가까운역이름":"화서",
            "가까운역거리":1217.14,
            "역세권여부":"비역세권",
            "30분이내주요거점역":0,
            "30분거점역이름":"[]",
            "1시간이내주요거점역":5,
            "1시간거점역이름":"['강남', '수원시청', '평촌', '가산디지털단지', '수원']",
            "3km이내백화점수":0,
            "5km이내아울렛몰수":1,
            "1km이내대형먀트수":2,
            "500m이내은행수":2,
            "500m이내병원수":21,
            "5km이내대형병원수":3,
            "500m이내공원수":5,
            "3km이내혐오시설수":0,
            "초등학교학업성취도":90.0,
            "중학교학업성취도":88.3,
            "용적률":245,
            "건폐율":14,
            "Y":37.29224,
            "X":126.980553,
            "rank":49.0,
            "area_info":"25평(85.77), 33평(109.94), 33평(110.6), 33평(110.6), 33평(111.38), 33평(112.27), 42평(141.61), 42평(141.56), 42평(141.96), 48평(160.74), 48평(161.88), 48평(161.7), 55평(182.24), 55평(182.62)",
            "last_sales":"2022-02-24,60500.0,25평(85.77)",
            "rank_history":[
                [
                    "202203",
                    49
                ],
                [
                    "202202",
                    18
                ],
                [
                    "202201",
                    20
                ]
            ],
            "rank_gap":-31
        },
        {
            "index":273,
            "아파트명":"송학",
            "투자타입":"재건축",
            "전용면적(m2)":"42.98",
            "전용면적(평)":"13평",
            "법정동주소":"경기도 수원시 장안구 정자동 36-23",
            "도로명주소":"경기도 수원시 장안구 송정로 82",
            "세대수":0,
            "입주년차":"--",
            "용적률점수":0,
            "건폐율점수":20,
            "세대당주차수":"--",
            "난방방식":"--",
            "공급면적":50,
            "전용률":60,
            "욕실수":"--",
            "현관타입":"--",
            "주거총점":9.5,
            "지역구공급총점":0.0,
            "역세권":80,
            "30분내 이동가능 거점":20,
            "1시간내 이동가능 거점":80,
            "교통총점":62.0,
            "백화점":0,
            "아울렛몰":100,
            "대형마트":80,
            "은행":0,
            "병원":60,
            "종합병원":100,
            "공원":100,
            "혐오시설":0,
            "인프라총점":51.0,
            "초등학군":89.99,
            "중학군":37.02,
            "학군총점":47.614,
            "인구수":31.14,
            "인구증감":-0.27,
            "인구총점":21.717,
            "일자리":14.6,
            "소득수준":100.0,
            "일자리총점":40.22,
            "가치 총점":46.0421,
            "매매실거래년":20220122.0,
            "매매실거래가":14200.0,
            "전세실거래년":20220121.0,
            "전세실거래가":7000.0,
            "전세가율":49.3,
            "장기전세가율평균":74.2,
            "전세가율거품지수":24.9,
            "검색코드":2706,
            "세대수":138.0,
            "준공년월":"1982-10-21",
            "준공년차":41.0,
            "가까운역이름":"동수원 (2028년 예정)",
            "가까운역거리":469.56,
            "역세권여부":"역세권",
            "30분이내주요거점역":1,
            "30분거점역이름":"['수원']",
            "1시간이내주요거점역":8,
            "1시간거점역이름":"['강남', '역삼', '양재', '수원시청', '평촌', '가산디지털단지', '수원', '안산']",
            "3km이내백화점수":0,
            "5km이내아울렛몰수":2,
            "1km이내대형먀트수":1,
            "500m이내은행수":1,
            "500m이내병원수":14,
            "5km이내대형병원수":4,
            "500m이내공원수":2,
            "3km이내혐오시설수":0,
            "초등학교학업성취도":89.99,
            "중학교학업성취도":61.7,
            "용적률":232,
            "건폐율":47,
            "Y":37.29554,
            "X":127.00588,
            "rank":50.0,
            "area_info":"13평(42.98), 22평(72.73), 25평(85.95)",
            "last_sales":"2022-01-22,14200.0,13평(42.98)",
            "rank_history":[
                [
                    "202203",
                    50
                ],
                [
                    "202202",
                    90
                ],
                [
                    "202201",
                    86
                ]
            ],
            "rank_gap":40
        },
        {
            "index":414,
            "아파트명":"화성",
            "투자타입":"일반",
            "전용면적(m2)":"83.88",
            "전용면적(평)":"25평",
            "법정동주소":"경기도 수원시 장안구 조원동 761-5",
            "도로명주소":"경기도 수원시 장안구 경수대로878번길 9-6",
            "세대수":0,
            "입주년차":0,
            "용적률점수":"--",
            "건폐율점수":"--",
            "세대당주차수":0,
            "난방방식":30,
            "공급면적":"--",
            "전용률":"--",
            "욕실수":50,
            "현관타입":10,
            "주거총점":9.0,
            "지역구공급총점":0.0,
            "역세권":80,
            "30분내 이동가능 거점":20,
            "1시간내 이동가능 거점":60,
            "교통총점":58.0,
            "백화점":0,
            "아울렛몰":100,
            "대형마트":80,
            "은행":0,
            "병원":80,
            "종합병원":100,
            "공원":100,
            "혐오시설":0,
            "인프라총점":53.0,
            "초등학군":89.98,
            "중학군":43.32,
            "학군총점":52.652,
            "인구수":31.14,
            "인구증감":-0.27,
            "인구총점":21.717,
            "일자리":14.6,
            "소득수준":100.0,
            "일자리총점":40.22,
            "가치 총점":45.8978,
            "매매실거래년":20210413.0,
            "매매실거래가":21800.0,
            "전세실거래년":20190301.0,
            "전세실거래가":11000.0,
            "전세가율":50.46,
            "장기전세가율평균":74.2,
            "전세가율거품지수":23.74,
            "검색코드":11955,
            "세대수":79.0,
            "준공년월":"1996-09-25",
            "준공년차":27.0,
            "가까운역이름":"장안구청 (2028년 예정)",
            "가까운역거리":382.02,
            "역세권여부":"역세권",
            "30분이내주요거점역":1,
            "30분거점역이름":"['수원']",
            "1시간이내주요거점역":6,
            "1시간거점역이름":"['강남', '역삼', '수원시청', '평촌', '수원', '구로디지털단지']",
            "3km이내백화점수":0,
            "5km이내아울렛몰수":2,
            "1km이내대형먀트수":1,
            "500m이내은행수":1,
            "500m이내병원수":39,
            "5km이내대형병원수":4,
            "500m이내공원수":3,
            "3km이내혐오시설수":0,
            "초등학교학업성취도":89.98,
            "중학교학업성취도":72.2,
            "용적률":248,
            "건폐율":28,
            "Y":37.2995,
            "X":127.01309,
            "rank":51.0,
            "area_info":"25평(83.88), 32평(107.36)",
            "last_sales":"2021-04-13,21800.0,25평(83.88)",
            "rank_history":[
                [
                    "202203",
                    51
                ],
                [
                    "202202",
                    9999
                ]
            ],
            "rank_gap":9999
        },
        {
            "index":124,
            "아파트명":"삼성2단지",
            "투자타입":"일반",
            "전용면적(m2)":"88.99",
            "전용면적(평)":"26평",
            "법정동주소":"경기도 수원시 장안구 율전동 419",
            "도로명주소":"경기도 수원시 장안구 서부로 2067",
            "세대수":80,
            "입주년차":0,
            "용적률점수":"--",
            "건폐율점수":"--",
            "세대당주차수":30,
            "난방방식":30,
            "공급면적":"--",
            "전용률":"--",
            "욕실수":50,
            "현관타입":100,
            "주거총점":50.5,
            "지역구공급총점":0.0,
            "역세권":50,
            "30분내 이동가능 거점":20,
            "1시간내 이동가능 거점":80,
            "교통총점":47.0,
            "백화점":0,
            "아울렛몰":80,
            "대형마트":0,
            "은행":0,
            "병원":60,
            "종합병원":100,
            "공원":100,
            "혐오시설":0,
            "인프라총점":37.0,
            "초등학군":90.0,
            "중학군":45.86,
            "학군총점":54.688,
            "인구수":31.14,
            "인구증감":-0.27,
            "인구총점":21.717,
            "일자리":14.6,
            "소득수준":100.0,
            "일자리총점":40.22,
            "가치 총점":45.8532,
            "매매실거래년":20211204.0,
            "매매실거래가":53000.0,
            "전세실거래년":20220208.0,
            "전세실거래가":21000.0,
            "전세가율":39.62,
            "장기전세가율평균":74.2,
            "전세가율거품지수":34.58,
            "검색코드":1824,
            "세대수":700.0,
            "준공년월":"1998-08-28",
            "준공년차":25.0,
            "가까운역이름":"성균관대",
            "가까운역거리":684.62,
            "역세권여부":"준역세권",
            "30분이내주요거점역":1,
            "30분거점역이름":"['수원']",
            "1시간이내주요거점역":8,
            "1시간거점역이름":"['강남', '역삼', '양재', '수원시청', '평촌', '가산디지털단지', '수원', 'GTX용인(2023년)']",
            "3km이내백화점수":0,
            "5km이내아울렛몰수":1,
            "1km이내대형먀트수":0,
            "500m이내은행수":0,
            "500m이내병원수":16,
            "5km이내대형병원수":2,
            "500m이내공원수":2,
            "3km이내혐오시설수":0,
            "초등학교학업성취도":90.0,
            "중학교학업성취도":76.1,
            "용적률":162,
            "건폐율":14,
            "Y":37.294451,
            "X":126.968719,
            "rank":52.0,
            "area_info":"26평(88.99), 27평(89.99), 34평(115.25)",
            "last_sales":"2021-12-04,53000.0,26평(88.99)",
            "rank_history":[
                [
                    "202203",
                    52
                ],
                [
                    "202202",
                    9
                ],
                [
                    "202201",
                    9
                ]
            ],
            "rank_gap":-43
        },
        {
            "index":302,
            "아파트명":"수원정자금강에스쁘아",
            "투자타입":"일반",
            "전용면적(m2)":"79.34",
            "전용면적(평)":"24평",
            "법정동주소":"경기도 수원시 장안구 정자동 69-45",
            "도로명주소":"경기도 수원시 장안구 영화로71번길 24",
            "세대수":0,
            "입주년차":40,
            "용적률점수":"--",
            "건폐율점수":"--",
            "세대당주차수":30,
            "난방방식":30,
            "공급면적":"--",
            "전용률":"--",
            "욕실수":100,
            "현관타입":100,
            "주거총점":35.5,
            "지역구공급총점":0.0,
            "역세권":80,
            "30분내 이동가능 거점":20,
            "1시간내 이동가능 거점":50,
            "교통총점":56.0,
            "백화점":0,
            "아울렛몰":100,
            "대형마트":0,
            "은행":0,
            "병원":60,
            "종합병원":100,
            "공원":100,
            "혐오시설":0,
            "인프라총점":39.0,
            "초등학군":89.99,
            "중학군":37.02,
            "학군총점":47.614,
            "인구수":31.14,
            "인구증감":-0.27,
            "인구총점":21.717,
            "일자리":14.6,
            "소득수준":100.0,
            "일자리총점":40.22,
            "가치 총점":45.5421,
            "매매실거래년":20211019.0,
            "매매실거래가":46000.0,
            "전세실거래년":20210818.0,
            "전세실거래가":25000.0,
            "전세가율":84.75,
            "장기전세가율평균":74.2,
            "전세가율거품지수":-10.55,
            "검색코드":17451,
            "세대수":164.0,
            "준공년월":"2005-04-29",
            "준공년차":18.0,
            "가까운역이름":"동수원 (2028년 예정)",
            "가까운역거리":468.03,
            "역세권여부":"역세권",
            "30분이내주요거점역":1,
            "30분거점역이름":"['수원']",
            "1시간이내주요거점역":5,
            "1시간거점역이름":"['강남', '수원시청', '가산디지털단지', '수원', 'GTX용인(2023년)']",
            "3km이내백화점수":0,
            "5km이내아울렛몰수":2,
            "1km이내대형먀트수":0,
            "500m이내은행수":1,
            "500m이내병원수":23,
            "5km이내대형병원수":4,
            "500m이내공원수":3,
            "3km이내혐오시설수":0,
            "초등학교학업성취도":89.99,
            "중학교학업성취도":61.7,
            "용적률":262,
            "건폐율":27,
            "Y":37.292862,
            "X":127.005215,
            "rank":53.0,
            "area_info":"24평(79.34), 29평(96.8), 31평(105.41)",
            "last_sales":"2021-10-19,46000.0,31평(105.41)",
            "rank_history":[
                [
                    "202203",
                    53
                ],
                [
                    "202202",
                    89
                ],
                [
                    "202201",
                    85
                ]
            ],
            "rank_gap":36
        },
        {
            "index":384,
            "아파트명":"수원광교산스위첸",
            "투자타입":"일반",
            "전용면적(m2)":"151.29",
            "전용면적(평)":"45평",
            "법정동주소":"경기도 수원시 장안구 조원동 910",
            "도로명주소":"경기도 수원시 장안구 송원로 131-28",
            "세대수":0,
            "입주년차":60,
            "용적률점수":"--",
            "건폐율점수":"--",
            "세대당주차수":60,
            "난방방식":30,
            "공급면적":"--",
            "전용률":"--",
            "욕실수":100,
            "현관타입":100,
            "주거총점":44.0,
            "지역구공급총점":0.0,
            "역세권":50,
            "30분내 이동가능 거점":20,
            "1시간내 이동가능 거점":30,
            "교통총점":37.0,
            "백화점":0,
            "아울렛몰":100,
            "대형마트":80,
            "은행":20,
            "병원":30,
            "종합병원":100,
            "공원":100,
            "혐오시설":0,
            "인프라총점":50.0,
            "초등학군":89.98,
            "중학군":50.66,
            "학군총점":58.524,
            "인구수":31.14,
            "인구증감":-0.27,
            "인구총점":21.717,
            "일자리":14.6,
            "소득수준":100.0,
            "일자리총점":40.22,
            "가치 총점":45.5286,
            "매매실거래년":20211015.0,
            "매매실거래가":84000.0,
            "전세실거래년":20220219.0,
            "전세실거래가":52000.0,
            "전세가율":80.0,
            "장기전세가율평균":74.2,
            "전세가율거품지수":-5.8,
            "검색코드":26949,
            "세대수":218.0,
            "준공년월":"2010-06-04",
            "준공년차":13.0,
            "가까운역이름":"장안구청 (2028년 예정)",
            "가까운역거리":625.44,
            "역세권여부":"준역세권",
            "30분이내주요거점역":1,
            "30분거점역이름":"['수원']",
            "1시간이내주요거점역":3,
            "1시간거점역이름":"['강남', '수원시청', '수원']",
            "3km이내백화점수":0,
            "5km이내아울렛몰수":2,
            "1km이내대형먀트수":1,
            "500m이내은행수":2,
            "500m이내병원수":6,
            "5km이내대형병원수":4,
            "500m이내공원수":3,
            "3km이내혐오시설수":0,
            "초등학교학업성취도":89.98,
            "중학교학업성취도":82.5,
            "용적률":219,
            "건폐율":17,
            "Y":37.306923,
            "X":127.012148,
            "rank":54.0,
            "area_info":"45평(151.29), 45평(151.34), 45평(151.57)",
            "last_sales":"2021-10-15,84000.0,45평(151.34)",
            "rank_history":[
                [
                    "202203",
                    54
                ],
                [
                    "202202",
                    74
                ],
                [
                    "202201",
                    75
                ]
            ],
            "rank_gap":20
        },
        {
            "index":405,
            "아파트명":"주공뉴타운2단지",
            "투자타입":"일반",
            "전용면적(m2)":"67.28",
            "전용면적(평)":"20평",
            "법정동주소":"경기도 수원시 장안구 조원동 861",
            "도로명주소":"경기도 수원시 장안구 금당로39번길 34",
            "세대수":100,
            "입주년차":20,
            "용적률점수":"--",
            "건폐율점수":"--",
            "세대당주차수":30,
            "난방방식":100,
            "공급면적":"--",
            "전용률":"--",
            "욕실수":50,
            "현관타입":10,
            "주거총점":59.5,
            "지역구공급총점":0.0,
            "역세권":50,
            "30분내 이동가능 거점":0,
            "1시간내 이동가능 거점":20,
            "교통총점":29.0,
            "백화점":0,
            "아울렛몰":100,
            "대형마트":80,
            "은행":0,
            "병원":60,
            "종합병원":100,
            "공원":100,
            "혐오시설":0,
            "인프라총점":51.0,
            "초등학군":90.0,
            "중학군":45.64,
            "학군총점":54.512,
            "인구수":31.14,
            "인구증감":-0.27,
            "인구총점":21.717,
            "일자리":14.6,
            "소득수준":100.0,
            "일자리총점":40.22,
            "가치 총점":45.5268,
            "매매실거래년":20210723.0,
            "매매실거래가":52500.0,
            "전세실거래년":20200808.0,
            "전세실거래가":20000.0,
            "전세가율":71.94,
            "장기전세가율평균":74.2,
            "전세가율거품지수":2.26,
            "검색코드":3645,
            "세대수":1586.0,
            "준공년월":"2001-12-11",
            "준공년차":22.0,
            "가까운역이름":"장안구청 (2028년 예정)",
            "가까운역거리":849.96,
            "역세권여부":"준역세권",
            "30분이내주요거점역":0,
            "30분거점역이름":"[]",
            "1시간이내주요거점역":2,
            "1시간거점역이름":"['수원시청', '수원']",
            "3km이내백화점수":0,
            "5km이내아울렛몰수":2,
            "1km이내대형먀트수":1,
            "500m이내은행수":0,
            "500m이내병원수":15,
            "5km이내대형병원수":4,
            "500m이내공원수":4,
            "3km이내혐오시설수":0,
            "초등학교학업성취도":90.0,
            "중학교학업성취도":75.8,
            "용적률":214,
            "건폐율":15,
            "Y":37.302549,
            "X":127.019255,
            "rank":55.0,
            "area_info":"20평(67.28), 24평(80.68), 24평(80.39), 34평(114.51), 34평(114.72)",
            "last_sales":"2021-07-23,52500.0,34평(114.51)",
            "rank_history":[
                [
                    "202203",
                    55
                ],
                [
                    "202202",
                    59
                ],
                [
                    "202201",
                    52
                ]
            ],
            "rank_gap":4
        },
        {
            "index":478,
            "아파트명":"화남2차",
            "투자타입":"재건축",
            "전용면적(m2)":"70.33",
            "전용면적(평)":"21평",
            "법정동주소":"경기도 수원시 장안구 파장동 470",
            "도로명주소":"경기도 수원시 장안구 파장천로44번길 33",
            "세대수":0,
            "입주년차":"--",
            "용적률점수":0,
            "건폐율점수":80,
            "세대당주차수":"--",
            "난방방식":"--",
            "공급면적":50,
            "전용률":60,
            "욕실수":"--",
            "현관타입":"--",
            "주거총점":21.5,
            "지역구공급총점":0.0,
            "역세권":50,
            "30분내 이동가능 거점":20,
            "1시간내 이동가능 거점":100,
            "교통총점":51.0,
            "백화점":0,
            "아울렛몰":80,
            "대형마트":80,
            "은행":0,
            "병원":60,
            "종합병원":100,
            "공원":100,
            "혐오시설":0,
            "인프라총점":49.0,
            "초등학군":90.0,
            "중학군":48.28,
            "학군총점":56.624,
            "인구수":31.14,
            "인구증감":-0.27,
            "인구총점":21.717,
            "일자리":14.6,
            "소득수준":100.0,
            "일자리총점":40.22,
            "가치 총점":45.3436,
            "매매실거래년":20210906.0,
            "매매실거래가":24600.0,
            "전세실거래년":20210713.0,
            "전세실거래가":15000.0,
            "전세가율":75.0,
            "장기전세가율평균":74.2,
            "전세가율거품지수":-0.8,
            "검색코드":2718,
            "세대수":203.0,
            "준공년월":"1991-05-24",
            "준공년차":32.0,
            "가까운역이름":"북수원 (2028년 예정)",
            "가까운역거리":848.07,
            "역세권여부":"준역세권",
            "30분이내주요거점역":1,
            "30분거점역이름":"['수원']",
            "1시간이내주요거점역":12,
            "1시간거점역이름":"['강남', '역삼', '잠실', '양재', '수원시청', '평촌', '가산디지털단지', '수원', '구로디지털단지', '명동', 'GTX성남(2023년)', 'GTX용인(2023년)']",
            "3km이내백화점수":0,
            "5km이내아울렛몰수":1,
            "1km이내대형먀트수":1,
            "500m이내은행수":0,
            "500m이내병원수":14,
            "5km이내대형병원수":3,
            "500m이내공원수":3,
            "3km이내혐오시설수":0,
            "초등학교학업성취도":90.0,
            "중학교학업성취도":78.4,
            "용적률":265,
            "건폐율":27,
            "Y":37.30881,
            "X":126.99779,
            "rank":56.0,
            "area_info":"21평(70.33), 23평(77.92), 24평(80.46), 25평(85.8), 31평(103.44), 31평(105.49)",
            "last_sales":"2021-09-06,24600.0,24평(80.46)",
            "rank_history":[
                [
                    "202203",
                    56
                ],
                [
                    "202202",
                    71
                ],
                [
                    "202201",
                    66
                ]
            ],
            "rank_gap":15
        },
        {
            "index":212,
            "아파트명":"기산",
            "투자타입":"재건축",
            "전용면적(m2)":"75.07",
            "전용면적(평)":"22평",
            "법정동주소":"경기도 수원시 장안구 정자동 13",
            "도로명주소":"경기도 수원시 장안구 송정로76번길 45",
            "세대수":0,
            "입주년차":"--",
            "용적률점수":0,
            "건폐율점수":0,
            "세대당주차수":"--",
            "난방방식":"--",
            "공급면적":50,
            "전용률":60,
            "욕실수":"--",
            "현관타입":"--",
            "주거총점":5.5,
            "지역구공급총점":0.0,
            "역세권":80,
            "30분내 이동가능 거점":20,
            "1시간내 이동가능 거점":70,
            "교통총점":60.0,
            "백화점":0,
            "아울렛몰":100,
            "대형마트":80,
            "은행":0,
            "병원":60,
            "종합병원":100,
            "공원":100,
            "혐오시설":0,
            "인프라총점":51.0,
            "초등학군":89.99,
            "중학군":43.32,
            "학군총점":52.654,
            "인구수":31.14,
            "인구증감":-0.27,
            "인구총점":21.717,
            "일자리":14.6,
            "소득수준":100.0,
            "일자리총점":40.22,
            "가치 총점":45.2981,
            "매매실거래년":20210706.0,
            "매매실거래가":21000.0,
            "전세실거래년":20210902.0,
            "전세실거래가":11000.0,
            "전세가율":52.38,
            "장기전세가율평균":74.2,
            "전세가율거품지수":21.82,
            "검색코드":1847,
            "세대수":134.0,
            "준공년월":"1992-03-31",
            "준공년차":31.0,
            "가까운역이름":"동수원 (2028년 예정)",
            "가까운역거리":300.64,
            "역세권여부":"역세권",
            "30분이내주요거점역":1,
            "30분거점역이름":"['수원']",
            "1시간이내주요거점역":7,
            "1시간거점역이름":"['강남', '역삼', '양재', '수원시청', '가산디지털단지', '수원', 'GTX용인(2023년)']",
            "3km이내백화점수":0,
            "5km이내아울렛몰수":2,
            "1km이내대형먀트수":1,
            "500m이내은행수":1,
            "500m이내병원수":25,
            "5km이내대형병원수":4,
            "500m이내공원수":2,
            "3km이내혐오시설수":0,
            "초등학교학업성취도":89.99,
            "중학교학업성취도":72.2,
            "용적률":229,
            "건폐율":50,
            "Y":37.29422,
            "X":127.00722,
            "rank":57.0,
            "area_info":"22평(75.07), 25평(83.68), 29평(97.91)",
            "last_sales":"2021-07-06,21000.0,22평(75.07)",
            "rank_history":[
                [
                    "202203",
                    57
                ],
                [
                    "202202",
                    91
                ],
                [
                    "202201",
                    88
                ]
            ],
            "rank_gap":34
        },
        {
            "index":428,
            "아파트명":"천천일성",
            "투자타입":"일반",
            "전용면적(m2)":"106.75",
            "전용면적(평)":"32평",
            "법정동주소":"경기도 수원시 장안구 천천동 569",
            "도로명주소":"경기도 수원시 장안구 정자로19번길 18",
            "세대수":50,
            "입주년차":0,
            "용적률점수":"--",
            "건폐율점수":"--",
            "세대당주차수":30,
            "난방방식":100,
            "공급면적":"--",
            "전용률":"--",
            "욕실수":100,
            "현관타입":100,
            "주거총점":52.0,
            "지역구공급총점":0.0,
            "역세권":50,
            "30분내 이동가능 거점":0,
            "1시간내 이동가능 거점":50,
            "교통총점":35.0,
            "백화점":0,
            "아울렛몰":80,
            "대형마트":80,
            "은행":0,
            "병원":10,
            "종합병원":100,
            "공원":100,
            "혐오시설":0,
            "인프라총점":44.0,
            "초등학군":89.99,
            "중학군":55.62,
            "학군총점":62.494,
            "인구수":31.14,
            "인구증감":-0.27,
            "인구총점":21.717,
            "일자리":14.6,
            "소득수준":100.0,
            "일자리총점":40.22,
            "가치 총점":45.2241,
            "매매실거래년":20211028.0,
            "매매실거래가":60000.0,
            "전세실거래년":20220205.0,
            "전세실거래가":31000.0,
            "전세가율":51.67,
            "장기전세가율평균":74.2,
            "전세가율거품지수":22.53,
            "검색코드":1829,
            "세대수":401.0,
            "준공년월":"1997-09-30",
            "준공년차":26.0,
            "가까운역이름":"성균관대",
            "가까운역거리":757.89,
            "역세권여부":"준역세권",
            "30분이내주요거점역":0,
            "30분거점역이름":"[]",
            "1시간이내주요거점역":5,
            "1시간거점역이름":"['강남', '수원시청', '평촌', '가산디지털단지', '수원']",
            "3km이내백화점수":0,
            "5km이내아울렛몰수":1,
            "1km이내대형먀트수":1,
            "500m이내은행수":1,
            "500m이내병원수":3,
            "5km이내대형병원수":3,
            "500m이내공원수":6,
            "3km이내혐오시설수":0,
            "초등학교학업성취도":89.99,
            "중학교학업성취도":91.7,
            "용적률":215,
            "건폐율":20,
            "Y":37.301176,
            "X":126.979524,
            "rank":58.0,
            "area_info":"32평(106.75), 32평(106.59)",
            "last_sales":"2021-10-28,60000.0,32평(106.75)",
            "rank_history":[
                [
                    "202203",
                    58
                ],
                [
                    "202202",
                    17
                ],
                [
                    "202201",
                    14
                ]
            ],
            "rank_gap":-41
        },
        {
            "index":310,
            "아파트명":"연꽃마을풍림",
            "투자타입":"일반",
            "전용면적(m2)":"123.05",
            "전용면적(평)":"37평",
            "법정동주소":"경기도 수원시 장안구 정자동 872-1",
            "도로명주소":"경기도 수원시 장안구 정자천로189번길 47",
            "세대수":80,
            "입주년차":20,
            "용적률점수":"--",
            "건폐율점수":"--",
            "세대당주차수":60,
            "난방방식":100,
            "공급면적":"--",
            "전용률":"--",
            "욕실수":100,
            "현관타입":100,
            "주거총점":71.0,
            "지역구공급총점":0.0,
            "역세권":0,
            "30분내 이동가능 거점":0,
            "1시간내 이동가능 거점":70,
            "교통총점":14.0,
            "백화점":0,
            "아울렛몰":80,
            "대형마트":80,
            "은행":70,
            "병원":60,
            "종합병원":100,
            "공원":100,
            "혐오시설":0,
            "인프라총점":56.0,
            "초등학군":90.03,
            "중학군":54.92,
            "학군총점":61.942,
            "인구수":31.14,
            "인구증감":-0.27,
            "인구총점":21.717,
            "일자리":14.6,
            "소득수준":100.0,
            "일자리총점":40.22,
            "가치 총점":45.1913,
            "매매실거래년":20211027.0,
            "매매실거래가":77000.0,
            "전세실거래년":20220129.0,
            "전세실거래가":43000.0,
            "전세가율":55.84,
            "장기전세가율평균":74.2,
            "전세가율거품지수":18.36,
            "검색코드":2710,
            "세대수":792.0,
            "준공년월":"1999-11-02",
            "준공년차":24.0,
            "가까운역이름":"북수원 (2028년 예정)",
            "가까운역거리":1558.05,
            "역세권여부":"비역세권",
            "30분이내주요거점역":0,
            "30분거점역이름":"[]",
            "1시간이내주요거점역":7,
            "1시간거점역이름":"['강남', '역삼', '판교', '양재', '수원시청', '가산디지털단지', '수원']",
            "3km이내백화점수":0,
            "5km이내아울렛몰수":1,
            "1km이내대형먀트수":1,
            "500m이내은행수":3,
            "500m이내병원수":29,
            "5km이내대형병원수":4,
            "500m이내공원수":7,
            "3km이내혐오시설수":0,
            "초등학교학업성취도":90.03,
            "중학교학업성취도":90.0,
            "용적률":238,
            "건폐율":18,
            "Y":37.298216,
            "X":126.992602,
            "rank":59.0,
            "area_info":"37평(123.05), 47평(157.77)",
            "last_sales":"2021-10-27,77000.0,37평(123.05)",
            "rank_history":[
                [
                    "202203",
                    59
                ],
                [
                    "202202",
                    23
                ],
                [
                    "202201",
                    21
                ]
            ],
            "rank_gap":-36
        },
        {
            "index":338,
            "아파트명":"화서역위너스파크",
            "투자타입":"일반",
            "전용면적(m2)":"107.47",
            "전용면적(평)":"32평",
            "법정동주소":"경기도 수원시 장안구 정자동 922",
            "도로명주소":"경기도 수원시 장안구 천천로21번길 33",
            "세대수":50,
            "입주년차":20,
            "용적률점수":"--",
            "건폐율점수":"--",
            "세대당주차수":30,
            "난방방식":100,
            "공급면적":"--",
            "전용률":"--",
            "욕실수":100,
            "현관타입":100,
            "주거총점":56.0,
            "지역구공급총점":0.0,
            "역세권":0,
            "30분내 이동가능 거점":20,
            "1시간내 이동가능 거점":60,
            "교통총점":18.0,
            "백화점":0,
            "아울렛몰":80,
            "대형마트":100,
            "은행":70,
            "병원":80,
            "종합병원":100,
            "공원":100,
            "혐오시설":0,
            "인프라총점":61.0,
            "초등학군":89.98,
            "중학군":53.7,
            "학군총점":60.956,
            "인구수":31.14,
            "인구증감":-0.27,
            "인구총점":21.717,
            "일자리":14.6,
            "소득수준":100.0,
            "일자리총점":40.22,
            "가치 총점":44.9434,
            "매매실거래년":20210928.0,
            "매매실거래가":68000.0,
            "전세실거래년":20220120.0,
            "전세실거래가":37000.0,
            "전세가율":49.8,
            "장기전세가율평균":74.2,
            "전세가율거품지수":24.4,
            "검색코드":10757,
            "세대수":583.0,
            "준공년월":"2002-09-14",
            "준공년차":21.0,
            "가까운역이름":"화서",
            "가까운역거리":1049.1,
            "역세권여부":"비역세권",
            "30분이내주요거점역":1,
            "30분거점역이름":"['평촌']",
            "1시간이내주요거점역":6,
            "1시간거점역이름":"['강남', '양재', '수원시청', '평촌', '가산디지털단지', '수원']",
            "3km이내백화점수":0,
            "5km이내아울렛몰수":1,
            "1km이내대형먀트수":2,
            "500m이내은행수":4,
            "500m이내병원수":35,
            "5km이내대형병원수":4,
            "500m이내공원수":9,
            "3km이내혐오시설수":0,
            "초등학교학업성취도":89.98,
            "중학교학업성취도":88.3,
            "용적률":215,
            "건폐율":15,
            "Y":37.292811,
            "X":126.985366,
            "rank":60.0,
            "area_info":"32평(107.47), 32평(107.55), 32평(107.8)",
            "last_sales":"2021-09-28,68000.0,32평(107.55)",
            "rank_history":[
                [
                    "202203",
                    60
                ],
                [
                    "202202",
                    29
                ],
                [
                    "202201",
                    33
                ]
            ],
            "rank_gap":-31
        },
        {
            "index":424,
            "아파트명":"삼호진덕",
            "투자타입":"일반",
            "전용면적(m2)":"77.31",
            "전용면적(평)":"23평",
            "법정동주소":"경기도 수원시 장안구 천천동 565",
            "도로명주소":"경기도 수원시 장안구 하률로46번길 22",
            "세대수":80,
            "입주년차":0,
            "용적률점수":"--",
            "건폐율점수":"--",
            "세대당주차수":30,
            "난방방식":100,
            "공급면적":"--",
            "전용률":"--",
            "욕실수":50,
            "현관타입":100,
            "주거총점":57.5,
            "지역구공급총점":0.0,
            "역세권":50,
            "30분내 이동가능 거점":0,
            "1시간내 이동가능 거점":80,
            "교통총점":41.0,
            "백화점":0,
            "아울렛몰":80,
            "대형마트":80,
            "은행":0,
            "병원":30,
            "종합병원":100,
            "공원":100,
            "혐오시설":0,
            "인프라총점":46.0,
            "초등학군":89.99,
            "중학군":21.12,
            "학군총점":34.894,
            "인구수":31.14,
            "인구증감":-0.27,
            "인구총점":21.717,
            "일자리":14.6,
            "소득수준":100.0,
            "일자리총점":40.22,
            "가치 총점":44.8841,
            "매매실거래년":20211223.0,
            "매매실거래가":44000.0,
            "전세실거래년":20210723.0,
            "전세실거래가":21000.0,
            "전세가율":47.73,
            "장기전세가율평균":74.2,
            "전세가율거품지수":26.47,
            "검색코드":1826,
            "세대수":789.0,
            "준공년월":"1998-03-20",
            "준공년차":25.0,
            "가까운역이름":"성균관대",
            "가까운역거리":635.77,
            "역세권여부":"준역세권",
            "30분이내주요거점역":0,
            "30분거점역이름":"[]",
            "1시간이내주요거점역":8,
            "1시간거점역이름":"['강남', '양재', '수원시청', '평촌', '가산디지털단지', '수원', 'GTX용인(2023년)', 'GTX동탄(2023년)']",
            "3km이내백화점수":0,
            "5km이내아울렛몰수":1,
            "1km이내대형먀트수":1,
            "500m이내은행수":1,
            "500m이내병원수":6,
            "5km이내대형병원수":2,
            "500m이내공원수":5,
            "3km이내혐오시설수":0,
            "초등학교학업성취도":89.99,
            "중학교학업성취도":35.2,
            "용적률":218,
            "건폐율":22,
            "Y":37.30244,
            "X":126.977702,
            "rank":61.0,
            "area_info":"23평(77.31), 23평(78.28)",
            "last_sales":"2021-12-23,44000.0,23평(77.31)",
            "rank_history":[
                [
                    "202203",
                    61
                ],
                [
                    "202202",
                    12
                ],
                [
                    "202201",
                    11
                ]
            ],
            "rank_gap":-49
        },
        {
            "index":419,
            "아파트명":"비단마을현대성우,우방",
            "투자타입":"일반",
            "전용면적(m2)":"130.52",
            "전용면적(평)":"39평",
            "법정동주소":"경기도 수원시 장안구 천천동 531",
            "도로명주소":"경기도 수원시 장안구 만석로 29",
            "세대수":50,
            "입주년차":20,
            "용적률점수":"--",
            "건폐율점수":"--",
            "세대당주차수":60,
            "난방방식":100,
            "공급면적":"--",
            "전용률":"--",
            "욕실수":100,
            "현관타입":100,
            "주거총점":60.5,
            "지역구공급총점":0.0,
            "역세권":0,
            "30분내 이동가능 거점":0,
            "1시간내 이동가능 거점":60,
            "교통총점":12.0,
            "백화점":0,
            "아울렛몰":80,
            "대형마트":100,
            "은행":100,
            "병원":80,
            "종합병원":100,
            "공원":100,
            "혐오시설":0,
            "인프라총점":64.0,
            "초등학군":89.99,
            "중학군":55.62,
            "학군총점":62.494,
            "인구수":31.14,
            "인구증감":-0.27,
            "인구총점":21.717,
            "일자리":14.6,
            "소득수준":100.0,
            "일자리총점":40.22,
            "가치 총점":44.8741,
            "매매실거래년":20210605.0,
            "매매실거래가":89000.0,
            "전세실거래년":20211014.0,
            "전세실거래가":55000.0,
            "전세가율":83.97,
            "장기전세가율평균":74.2,
            "전세가율거품지수":-9.77,
            "검색코드":3895,
            "세대수":501.0,
            "준공년월":"2002-02-22",
            "준공년차":21.0,
            "가까운역이름":"성균관대",
            "가까운역거리":1216.18,
            "역세권여부":"비역세권",
            "30분이내주요거점역":0,
            "30분거점역이름":"[]",
            "1시간이내주요거점역":6,
            "1시간거점역이름":"['강남', '양재', '수원시청', '평촌', '가산디지털단지', '수원']",
            "3km이내백화점수":0,
            "5km이내아울렛몰수":1,
            "1km이내대형먀트수":2,
            "500m이내은행수":5,
            "500m이내병원수":39,
            "5km이내대형병원수":4,
            "500m이내공원수":9,
            "3km이내혐오시설수":0,
            "초등학교학업성취도":89.99,
            "중학교학업성취도":91.7,
            "용적률":220,
            "건폐율":16,
            "Y":37.297722,
            "X":126.984375,
            "rank":62.0,
            "area_info":"39평(130.52), 40평(132.47), 49평(162.75), 49평(162.02), 65평(215.63)",
            "last_sales":"2021-06-05,89000.0,65평(215.63)",
            "rank_history":[
                [
                    "202203",
                    62
                ],
                [
                    "202202",
                    24
                ],
                [
                    "202201",
                    24
                ]
            ],
            "rank_gap":-38
        },
        {
            "index":163,
            "아파트명":"장미6차",
            "투자타입":"재건축",
            "전용면적(m2)":"47.34",
            "전용면적(평)":"14평",
            "법정동주소":"경기도 수원시 장안구 율전동 142-5",
            "도로명주소":"경기도 수원시 장안구 덕영대로417번길 77",
            "세대수":0,
            "입주년차":"--",
            "용적률점수":100,
            "건폐율점수":80,
            "세대당주차수":"--",
            "난방방식":"--",
            "공급면적":50,
            "전용률":60,
            "욕실수":"--",
            "현관타입":"--",
            "주거총점":61.5,
            "지역구공급총점":0.0,
            "역세권":50,
            "30분내 이동가능 거점":20,
            "1시간내 이동가능 거점":80,
            "교통총점":47.0,
            "백화점":0,
            "아울렛몰":0,
            "대형마트":0,
            "은행":0,
            "병원":30,
            "종합병원":100,
            "공원":100,
            "혐오시설":0,
            "인프라총점":26.0,
            "초등학군":89.98,
            "중학군":45.86,
            "학군총점":54.684,
            "인구수":31.14,
            "인구증감":-0.27,
            "인구총점":21.717,
            "일자리":14.6,
            "소득수준":100.0,
            "일자리총점":40.22,
            "가치 총점":44.7526,
            "매매실거래년":20210112.0,
            "매매실거래가":11800.0,
            "전세실거래년":20220124.0,
            "전세실거래가":8000.0,
            "전세가율":67.8,
            "장기전세가율평균":74.2,
            "전세가율거품지수":6.4,
            "검색코드":2699,
            "세대수":155.0,
            "준공년월":"1987-06-02",
            "준공년차":36.0,
            "가까운역이름":"성균관대",
            "가까운역거리":540.01,
            "역세권여부":"준역세권",
            "30분이내주요거점역":1,
            "30분거점역이름":"['수원']",
            "1시간이내주요거점역":8,
            "1시간거점역이름":"['양재', '수원시청', '평촌', '가산디지털단지', '수원', '구로디지털단지', '안산', 'GTX용인(2023년)']",
            "3km이내백화점수":0,
            "5km이내아울렛몰수":0,
            "1km이내대형먀트수":0,
            "500m이내은행수":0,
            "500m이내병원수":7,
            "5km이내대형병원수":2,
            "500m이내공원수":2,
            "3km이내혐오시설수":0,
            "초등학교학업성취도":89.98,
            "중학교학업성취도":76.1,
            "용적률":139,
            "건폐율":29,
            "Y":37.30478,
            "X":126.96858,
            "rank":63.0,
            "area_info":"14평(47.34), 14평(48.67)",
            "last_sales":"2021-01-12,11800.0,14평(47.34)",
            "rank_history":[
                [
                    "202203",
                    63
                ],
                [
                    "202202",
                    14
                ],
                [
                    "202201",
                    12
                ]
            ],
            "rank_gap":-49
        },
        {
            "index":365,
            "아파트명":"광교산임광그대가",
            "투자타입":"일반",
            "전용면적(m2)":"80.21",
            "전용면적(평)":"24평",
            "법정동주소":"경기도 수원시 장안구 조원동 912",
            "도로명주소":"경기도 수원시 장안구 수일로 205",
            "세대수":50,
            "입주년차":60,
            "용적률점수":"--",
            "건폐율점수":"--",
            "세대당주차수":60,
            "난방방식":30,
            "공급면적":"--",
            "전용률":"--",
            "욕실수":100,
            "현관타입":100,
            "주거총점":61.5,
            "지역구공급총점":0.0,
            "역세권":50,
            "30분내 이동가능 거점":0,
            "1시간내 이동가능 거점":20,
            "교통총점":29.0,
            "백화점":0,
            "아울렛몰":80,
            "대형마트":80,
            "은행":0,
            "병원":30,
            "종합병원":100,
            "공원":100,
            "혐오시설":0,
            "인프라총점":46.0,
            "초등학군":89.98,
            "중학군":45.64,
            "학군총점":54.508,
            "인구수":31.14,
            "인구증감":-0.27,
            "인구총점":21.717,
            "일자리":14.6,
            "소득수준":100.0,
            "일자리총점":40.22,
            "가치 총점":44.4262,
            "매매실거래년":20220215.0,
            "매매실거래가":55000.0,
            "전세실거래년":20211211.0,
            "전세실거래가":29400.0,
            "전세가율":53.45,
            "장기전세가율평균":74.2,
            "전세가율거품지수":20.75,
            "검색코드":100631,
            "세대수":482.0,
            "준공년월":"2010-06-29",
            "준공년차":13.0,
            "가까운역이름":"장안구청 (2028년 예정)",
            "가까운역거리":750.96,
            "역세권여부":"준역세권",
            "30분이내주요거점역":0,
            "30분거점역이름":"[]",
            "1시간이내주요거점역":2,
            "1시간거점역이름":"['수원시청', '수원']",
            "3km이내백화점수":0,
            "5km이내아울렛몰수":1,
            "1km이내대형먀트수":1,
            "500m이내은행수":1,
            "500m이내병원수":6,
            "5km이내대형병원수":4,
            "500m이내공원수":3,
            "3km이내혐오시설수":0,
            "초등학교학업성취도":89.98,
            "중학교학업성취도":75.8,
            "용적률":219,
            "건폐율":17,
            "Y":37.307937,
            "X":127.012789,
            "rank":64.0,
            "area_info":"24평(80.21), 38평(125.62), 38평(125.94), 46평(152.3), 46평(152.13)",
            "last_sales":"2022-02-15,55000.0,24평(80.21)",
            "rank_history":[
                [
                    "202203",
                    64
                ],
                [
                    "202202",
                    63
                ],
                [
                    "202201",
                    63
                ]
            ],
            "rank_gap":-1
        },
        {
            "index":54,
            "아파트명":"경성",
            "투자타입":"재건축",
            "전용면적(m2)":"59.65",
            "전용면적(평)":"18평",
            "법정동주소":"경기도 수원시 장안구 연무동 252",
            "도로명주소":"경기도 수원시 장안구 수원천로472번길 8",
            "세대수":0,
            "입주년차":"--",
            "용적률점수":80,
            "건폐율점수":40,
            "세대당주차수":"--",
            "난방방식":"--",
            "공급면적":50,
            "전용률":80,
            "욕실수":"--",
            "현관타입":"--",
            "주거총점":46.5,
            "지역구공급총점":0.0,
            "역세권":50,
            "30분내 이동가능 거점":20,
            "1시간내 이동가능 거점":40,
            "교통총점":39.0,
            "백화점":0,
            "아울렛몰":100,
            "대형마트":0,
            "은행":70,
            "병원":60,
            "종합병원":100,
            "공원":100,
            "혐오시설":0,
            "인프라총점":46.0,
            "초등학군":90.0,
            "중학군":41.28,
            "학군총점":51.024,
            "인구수":31.14,
            "인구증감":-0.27,
            "인구총점":21.717,
            "일자리":14.6,
            "소득수준":100.0,
            "일자리총점":40.22,
            "가치 총점":44.4036,
            "매매실거래년":20100630.0,
            "매매실거래가":14200.0,
            "전세실거래년":null,
            "전세실거래가":null,
            "전세가율":null,
            "장기전세가율평균":74.2,
            "전세가율거품지수":null,
            "검색코드":18479,
            "세대수":125.0,
            "준공년월":"1987-10-22",
            "준공년차":36.0,
            "가까운역이름":"수원월드컵경기장 (2028년 예정)",
            "가까운역거리":850.14,
            "역세권여부":"준역세권",
            "30분이내주요거점역":1,
            "30분거점역이름":"['수원']",
            "1시간이내주요거점역":4,
            "1시간거점역이름":"['판교', '정자', '수원시청', '수원']",
            "3km이내백화점수":0,
            "5km이내아울렛몰수":2,
            "1km이내대형먀트수":0,
            "500m이내은행수":3,
            "500m이내병원수":13,
            "5km이내대형병원수":4,
            "500m이내공원수":2,
            "3km이내혐오시설수":0,
            "초등학교학업성취도":90.0,
            "중학교학업성취도":68.8,
            "용적률":167,
            "건폐율":35,
            "Y":37.29334,
            "X":127.02399,
            "rank":65.0,
            "area_info":"18평(59.65), 19평(64.43), 19평(64.89), 20평(68.72), 20평(69.21), 21평(70.91), 21평(70.89), 21평(71.45), 21평(71.0), 21평(72.51), 28평(92.61), 28평(94.46)",
            "last_sales":"2010-06-30,14200.0,28평(92.61)",
            "rank_history":[
                [
                    "202203",
                    65
                ],
                [
                    "202202",
                    68
                ],
                [
                    "202201",
                    68
                ]
            ],
            "rank_gap":3
        },
        {
            "index":276,
            "아파트명":"수원SK스카이뷰",
            "투자타입":"일반",
            "전용면적(m2)":"82.29",
            "전용면적(평)":"24평",
            "법정동주소":"경기도 수원시 장안구 정자동 945",
            "도로명주소":"경기도 수원시 장안구 이목로 24",
            "세대수":100,
            "입주년차":60,
            "용적률점수":"--",
            "건폐율점수":"--",
            "세대당주차수":60,
            "난방방식":100,
            "공급면적":"--",
            "전용률":"--",
            "욕실수":100,
            "현관타입":100,
            "주거총점":86.0,
            "지역구공급총점":0.0,
            "역세권":50,
            "30분내 이동가능 거점":0,
            "1시간내 이동가능 거점":80,
            "교통총점":41.0,
            "백화점":0,
            "아울렛몰":0,
            "대형마트":0,
            "은행":0,
            "병원":60,
            "종합병원":80,
            "공원":100,
            "혐오시설":0,
            "인프라총점":25.0,
            "초등학군":89.98,
            "중학군":21.12,
            "학군총점":34.892,
            "인구수":31.14,
            "인구증감":-0.27,
            "인구총점":21.717,
            "일자리":14.6,
            "소득수준":100.0,
            "일자리총점":40.22,
            "가치 총점":44.2838,
            "매매실거래년":20210923.0,
            "매매실거래가":131500.0,
            "전세실거래년":20220114.0,
            "전세실거래가":45000.0,
            "전세가율":64.29,
            "장기전세가율평균":74.2,
            "전세가율거품지수":9.91,
            "검색코드":102614,
            "세대수":3498.0,
            "준공년월":"2013-05-27",
            "준공년차":10.0,
            "가까운역이름":"북수원 (2028년 예정)",
            "가까운역거리":582.31,
            "역세권여부":"준역세권",
            "30분이내주요거점역":0,
            "30분거점역이름":"[]",
            "1시간이내주요거점역":8,
            "1시간거점역이름":"['강남', '판교', '양재', '수원시청', '평촌', '가산디지털단지', '수원', '구로디지털단지']",
            "3km이내백화점수":0,
            "5km이내아울렛몰수":0,
            "1km이내대형먀트수":0,
            "500m이내은행수":0,
            "500m이내병원수":10,
            "5km이내대형병원수":1,
            "500m이내공원수":4,
            "3km이내혐오시설수":0,
            "초등학교학업성취도":89.98,
            "중학교학업성취도":35.2,
            "용적률":228,
            "건폐율":12,
            "Y":37.30789,
            "X":126.98487,
            "rank":66.0,
            "area_info":"24평(82.29), 24평(82.52), 25평(83.09), 34평(114.76), 35평(115.77), 35평(116.01), 36평(120.61), 36평(120.28), 39평(131.58), 44평(147.84), 44평(148.28), 46평(153.93), 46평(154.6), 49평(163.95), 49평(164.19), 49평(164.19), 51평(171.7), 52평(173.48), 52평(173.48), 52평(174.17), 52평(174.17), 54평(179.43), 54평(181.76), 55평(182.02), 57평(189.75), 58평(194.73)",
            "last_sales":"2021-09-23,131500.0,52평(174.17)",
            "rank_history":[
                [
                    "202203",
                    66
                ],
                [
                    "202202",
                    73
                ],
                [
                    "202201",
                    58
                ]
            ],
            "rank_gap":7
        },
        {
            "index":113,
            "아파트명":"늘푸른벽산",
            "투자타입":"일반",
            "전용면적(m2)":"55.42",
            "전용면적(평)":"16평",
            "법정동주소":"경기도 수원시 장안구 율전동 322",
            "도로명주소":"경기도 수원시 장안구 율전로101번길 40",
            "세대수":0,
            "입주년차":0,
            "용적률점수":"--",
            "건폐율점수":"--",
            "세대당주차수":0,
            "난방방식":30,
            "공급면적":"--",
            "전용률":"--",
            "욕실수":50,
            "현관타입":10,
            "주거총점":9.0,
            "지역구공급총점":0.0,
            "역세권":80,
            "30분내 이동가능 거점":40,
            "1시간내 이동가능 거점":70,
            "교통총점":66.0,
            "백화점":0,
            "아울렛몰":80,
            "대형마트":0,
            "은행":0,
            "병원":60,
            "종합병원":100,
            "공원":100,
            "혐오시설":0,
            "인프라총점":37.0,
            "초등학군":90.0,
            "중학군":45.86,
            "학군총점":54.688,
            "인구수":31.14,
            "인구증감":-0.27,
            "인구총점":21.717,
            "일자리":14.6,
            "소득수준":100.0,
            "일자리총점":40.22,
            "가치 총점":44.2032,
            "매매실거래년":20211112.0,
            "매매실거래가":17000.0,
            "전세실거래년":20211119.0,
            "전세실거래가":19000.0,
            "전세가율":111.76,
            "장기전세가율평균":74.2,
            "전세가율거품지수":-37.56,
            "검색코드":2590,
            "세대수":183.0,
            "준공년월":"1998-06-12",
            "준공년차":25.0,
            "가까운역이름":"성균관대",
            "가까운역거리":396.99,
            "역세권여부":"역세권",
            "30분이내주요거점역":2,
            "30분거점역이름":"['평촌', '수원']",
            "1시간이내주요거점역":7,
            "1시간거점역이름":"['양재', '수원시청', '평촌', '가산디지털단지', '수원', '구로디지털단지', 'GTX용인(2023년)']",
            "3km이내백화점수":0,
            "5km이내아울렛몰수":1,
            "1km이내대형먀트수":0,
            "500m이내은행수":1,
            "500m이내병원수":25,
            "5km이내대형병원수":2,
            "500m이내공원수":2,
            "3km이내혐오시설수":0,
            "초등학교학업성취도":90.0,
            "중학교학업성취도":76.1,
            "용적률":299,
            "건폐율":25,
            "Y":37.298985,
            "X":126.966864,
            "rank":67.0,
            "area_info":"16평(55.42), 33평(109.58)",
            "last_sales":"2021-11-12,17000.0,16평(55.42)",
            "rank_history":[
                [
                    "202203",
                    67
                ],
                [
                    "202202",
                    10
                ],
                [
                    "202201",
                    10
                ]
            ],
            "rank_gap":-57
        },
        {
            "index":80,
            "아파트명":"유천프라자",
            "투자타입":"재건축",
            "전용면적(m2)":"74.98",
            "전용면적(평)":"22평",
            "법정동주소":"경기도 수원시 장안구 연무동 21",
            "도로명주소":"경기도 수원시 장안구 창훈로66번길 11-3",
            "세대수":0,
            "입주년차":"--",
            "용적률점수":0,
            "건폐율점수":0,
            "세대당주차수":"--",
            "난방방식":"--",
            "공급면적":50,
            "전용률":60,
            "욕실수":"--",
            "현관타입":"--",
            "주거총점":5.5,
            "지역구공급총점":0.0,
            "역세권":50,
            "30분내 이동가능 거점":20,
            "1시간내 이동가능 거점":70,
            "교통총점":45.0,
            "백화점":100,
            "아울렛몰":100,
            "대형마트":0,
            "은행":20,
            "병원":60,
            "종합병원":100,
            "공원":100,
            "혐오시설":0,
            "인프라총점":71.0,
            "초등학군":89.92,
            "중학군":27.78,
            "학군총점":40.208,
            "인구수":31.14,
            "인구증감":-0.27,
            "인구총점":21.717,
            "일자리":14.6,
            "소득수준":100.0,
            "일자리총점":40.22,
            "가치 총점":44.1812,
            "매매실거래년":20210614.0,
            "매매실거래가":15500.0,
            "전세실거래년":null,
            "전세실거래가":null,
            "전세가율":null,
            "장기전세가율평균":74.2,
            "전세가율거품지수":null,
            "검색코드":101407,
            "세대수":100.0,
            "준공년월":"1991-01-10",
            "준공년차":32.0,
            "가까운역이름":"수원월드컵경기장 (2028년 예정)",
            "가까운역거리":993.45,
            "역세권여부":"준역세권",
            "30분이내주요거점역":1,
            "30분거점역이름":"['수원']",
            "1시간이내주요거점역":7,
            "1시간거점역이름":"['판교', '정자', '수원시청', '평촌', '수원', '서현', 'GTX용인(2023년)']",
            "3km이내백화점수":1,
            "5km이내아울렛몰수":3,
            "1km이내대형먀트수":0,
            "500m이내은행수":2,
            "500m이내병원수":12,
            "5km이내대형병원수":4,
            "500m이내공원수":4,
            "3km이내혐오시설수":0,
            "초등학교학업성취도":89.92,
            "중학교학업성취도":46.3,
            "용적률":294,
            "건폐율":53,
            "Y":37.297938,
            "X":127.028372,
            "rank":68.0,
            "area_info":"22평(74.98), 23평(77.49), 24평(79.85), 25평(83.7)",
            "last_sales":"2021-06-14,15500.0,23평(77.49)",
            "rank_history":[
                [
                    "202203",
                    68
                ],
                [
                    "202202",
                    77
                ],
                [
                    "202201",
                    76
                ]
            ],
            "rank_gap":9
        },
        {
            "index":122,
            "아파트명":"삼성1단지",
            "투자타입":"일반",
            "전용면적(m2)":"89.24",
            "전용면적(평)":"26평",
            "법정동주소":"경기도 수원시 장안구 율전동 468",
            "도로명주소":"경기도 수원시 장안구 서부로 2065",
            "세대수":30,
            "입주년차":0,
            "용적률점수":"--",
            "건폐율점수":"--",
            "세대당주차수":60,
            "난방방식":30,
            "공급면적":"--",
            "전용률":"--",
            "욕실수":50,
            "현관타입":100,
            "주거총점":37.5,
            "지역구공급총점":0.0,
            "역세권":50,
            "30분내 이동가능 거점":20,
            "1시간내 이동가능 거점":100,
            "교통총점":51.0,
            "백화점":0,
            "아울렛몰":80,
            "대형마트":0,
            "은행":0,
            "병원":10,
            "종합병원":100,
            "공원":80,
            "혐오시설":0,
            "인프라총점":31.4,
            "초등학군":90.0,
            "중학군":53.7,
            "학군총점":60.96,
            "인구수":31.14,
            "인구증감":-0.27,
            "인구총점":21.717,
            "일자리":14.6,
            "소득수준":100.0,
            "일자리총점":40.22,
            "가치 총점":43.914,
            "매매실거래년":20211016.0,
            "매매실거래가":49700.0,
            "전세실거래년":20211109.0,
            "전세실거래가":24000.0,
            "전세가율":48.29,
            "장기전세가율평균":74.2,
            "전세가율거품지수":25.91,
            "검색코드":1823,
            "세대수":364.0,
            "준공년월":"1998-08-28",
            "준공년차":25.0,
            "가까운역이름":"성균관대",
            "가까운역거리":870.37,
            "역세권여부":"준역세권",
            "30분이내주요거점역":1,
            "30분거점역이름":"['수원']",
            "1시간이내주요거점역":10,
            "1시간거점역이름":"['강남', '역삼', '양재', '수원시청', '평촌', '가산디지털단지', '수원', '구로디지털단지', '명동', 'GTX성남(2023년)']",
            "3km이내백화점수":0,
            "5km이내아울렛몰수":1,
            "1km이내대형먀트수":0,
            "500m이내은행수":0,
            "500m이내병원수":3,
            "5km이내대형병원수":2,
            "500m이내공원수":1,
            "3km이내혐오시설수":0,
            "초등학교학업성취도":90.0,
            "중학교학업성취도":88.3,
            "용적률":170,
            "건폐율":15,
            "Y":37.292618,
            "X":126.969331,
            "rank":69.0,
            "area_info":"26평(89.24), 34평(115.36)",
            "last_sales":"2021-10-16,49700.0,26평(89.24)",
            "rank_history":[
                [
                    "202203",
                    69
                ],
                [
                    "202202",
                    36
                ],
                [
                    "202201",
                    35
                ]
            ],
            "rank_gap":-33
        },
        {
            "index":87,
            "아파트명":"청호",
            "투자타입":"일반",
            "전용면적(m2)":"78.01",
            "전용면적(평)":"23평",
            "법정동주소":"경기도 수원시 장안구 연무동 244-1",
            "도로명주소":"경기도 수원시 장안구 창훈로20번길 30",
            "세대수":0,
            "입주년차":0,
            "용적률점수":"--",
            "건폐율점수":"--",
            "세대당주차수":30,
            "난방방식":30,
            "공급면적":"--",
            "전용률":"--",
            "욕실수":50,
            "현관타입":10,
            "주거총점":13.5,
            "지역구공급총점":0.0,
            "역세권":50,
            "30분내 이동가능 거점":0,
            "1시간내 이동가능 거점":80,
            "교통총점":41.0,
            "백화점":100,
            "아울렛몰":100,
            "대형마트":0,
            "은행":0,
            "병원":60,
            "종합병원":100,
            "공원":100,
            "혐오시설":0,
            "인프라총점":69.0,
            "초등학군":89.97,
            "중학군":27.78,
            "학군총점":40.218,
            "인구수":31.14,
            "인구증감":-0.27,
            "인구총점":21.717,
            "일자리":14.6,
            "소득수준":100.0,
            "일자리총점":40.22,
            "가치 총점":43.7827,
            "매매실거래년":20210724.0,
            "매매실거래가":19200.0,
            "전세실거래년":20210225.0,
            "전세실거래가":14000.0,
            "전세가율":72.92,
            "장기전세가율평균":74.2,
            "전세가율거품지수":1.28,
            "검색코드":14772,
            "세대수":72.0,
            "준공년월":"1995-09-18",
            "준공년차":28.0,
            "가까운역이름":"수원월드컵경기장 (2028년 예정)",
            "가까운역거리":520.45,
            "역세권여부":"준역세권",
            "30분이내주요거점역":0,
            "30분거점역이름":"[]",
            "1시간이내주요거점역":8,
            "1시간거점역이름":"['판교', '을지로3가', '정자', '수원시청', '가산디지털단지', '수원', '명동', 'GTX용인(2023년)']",
            "3km이내백화점수":1,
            "5km이내아울렛몰수":3,
            "1km이내대형먀트수":0,
            "500m이내은행수":0,
            "500m이내병원수":11,
            "5km이내대형병원수":4,
            "500m이내공원수":5,
            "3km이내혐오시설수":0,
            "초등학교학업성취도":89.97,
            "중학교학업성취도":46.3,
            "용적률":271,
            "건폐율":35,
            "Y":37.294267,
            "X":127.032311,
            "rank":70.0,
            "area_info":"23평(78.01), 28평(95.64), 29평(96.04)",
            "last_sales":"2021-07-24,19200.0,23평(78.01)",
            "rank_history":[
                [
                    "202203",
                    70
                ],
                [
                    "202202",
                    9999
                ]
            ],
            "rank_gap":9999
        },
        {
            "index":44,
            "아파트명":"영광",
            "투자타입":"일반",
            "전용면적(m2)":"79.74",
            "전용면적(평)":"24평",
            "법정동주소":"경기도 수원시 장안구 송죽동 65",
            "도로명주소":"경기도 수원시 장안구 만석로 250-9",
            "세대수":0,
            "입주년차":0,
            "용적률점수":"--",
            "건폐율점수":"--",
            "세대당주차수":0,
            "난방방식":30,
            "공급면적":"--",
            "전용률":"--",
            "욕실수":50,
            "현관타입":10,
            "주거총점":9.0,
            "지역구공급총점":0.0,
            "역세권":50,
            "30분내 이동가능 거점":20,
            "1시간내 이동가능 거점":100,
            "교통총점":51.0,
            "백화점":0,
            "아울렛몰":80,
            "대형마트":100,
            "은행":0,
            "병원":60,
            "종합병원":100,
            "공원":100,
            "혐오시설":0,
            "인프라총점":52.0,
            "초등학군":89.97,
            "중학군":48.28,
            "학군총점":56.618,
            "인구수":31.14,
            "인구증감":-0.27,
            "인구총점":21.717,
            "일자리":14.6,
            "소득수준":100.0,
            "일자리총점":40.22,
            "가치 총점":43.7427,
            "매매실거래년":20211230.0,
            "매매실거래가":28950.0,
            "전세실거래년":20210825.0,
            "전세실거래가":20000.0,
            "전세가율":69.08,
            "장기전세가율평균":74.2,
            "전세가율거품지수":5.12,
            "검색코드":2691,
            "세대수":139.0,
            "준공년월":"1995-05-17",
            "준공년차":28.0,
            "가까운역이름":"장안구청 (2028년 예정)",
            "가까운역거리":863.58,
            "역세권여부":"준역세권",
            "30분이내주요거점역":1,
            "30분거점역이름":"['수원']",
            "1시간이내주요거점역":10,
            "1시간거점역이름":"['강남', '역삼', '여의도', '양재', '수원시청', '평촌', '수원', '구로디지털단지', '서현', 'GTX용인(2023년)']",
            "3km이내백화점수":0,
            "5km이내아울렛몰수":1,
            "1km이내대형먀트수":2,
            "500m이내은행수":1,
            "500m이내병원수":16,
            "5km이내대형병원수":3,
            "500m이내공원수":2,
            "3km이내혐오시설수":0,
            "초등학교학업성취도":89.97,
            "중학교학업성취도":78.4,
            "용적률":331,
            "건폐율":33,
            "Y":37.30794,
            "X":127.004,
            "rank":71.0,
            "area_info":"24평(79.74), 34평(113.2)",
            "last_sales":"2021-12-30,28950.0,24평(79.74)",
            "rank_history":[
                [
                    "202203",
                    71
                ],
                [
                    "202202",
                    87
                ],
                [
                    "202201",
                    84
                ]
            ],
            "rank_gap":16
        },
        {
            "index":232,
            "아파트명":"동신1차",
            "투자타입":"재건축",
            "전용면적(m2)":"57.03",
            "전용면적(평)":"17평",
            "법정동주소":"경기도 수원시 장안구 정자동 395",
            "도로명주소":"경기도 수원시 장안구 장안로 232",
            "세대수":100,
            "입주년차":"--",
            "용적률점수":20,
            "건폐율점수":100,
            "세대당주차수":"--",
            "난방방식":"--",
            "공급면적":50,
            "전용률":60,
            "욕실수":"--",
            "현관타입":"--",
            "주거총점":63.5,
            "지역구공급총점":0.0,
            "역세권":0,
            "30분내 이동가능 거점":0,
            "1시간내 이동가능 거점":90,
            "교통총점":18.0,
            "백화점":0,
            "아울렛몰":80,
            "대형마트":80,
            "은행":0,
            "병원":80,
            "종합병원":100,
            "공원":100,
            "혐오시설":0,
            "인프라총점":51.0,
            "초등학군":89.97,
            "중학군":54.92,
            "학군총점":61.93,
            "인구수":31.14,
            "인구증감":-0.27,
            "인구총점":21.717,
            "일자리":14.6,
            "소득수준":100.0,
            "일자리총점":40.22,
            "가치 총점":43.5895,
            "매매실거래년":20211020.0,
            "매매실거래가":35000.0,
            "전세실거래년":20220122.0,
            "전세실거래가":15000.0,
            "전세가율":60.0,
            "장기전세가율평균":74.2,
            "전세가율거품지수":14.2,
            "검색코드":1845,
            "세대수":1548.0,
            "준공년월":"1987-05-30",
            "준공년차":36.0,
            "가까운역이름":"북수원 (2028년 예정)",
            "가까운역거리":1113.81,
            "역세권여부":"비역세권",
            "30분이내주요거점역":0,
            "30분거점역이름":"[]",
            "1시간이내주요거점역":9,
            "1시간거점역이름":"['강남', '역삼', '판교', '양재', '수원시청', '평촌', '가산디지털단지', '수원', '구로디지털단지']",
            "3km이내백화점수":0,
            "5km이내아울렛몰수":1,
            "1km이내대형먀트수":1,
            "500m이내은행수":1,
            "500m이내병원수":30,
            "5km이내대형병원수":3,
            "500m이내공원수":2,
            "3km이내혐오시설수":0,
            "초등학교학업성취도":89.97,
            "중학교학업성취도":90.0,
            "용적률":219,
            "건폐율":17,
            "Y":37.302982,
            "X":126.994682,
            "rank":72.0,
            "area_info":"17평(57.03), 22평(75.09), 26평(88.42), 29평(98.85)",
            "last_sales":"2021-10-20,35000.0,29평(98.85)",
            "rank_history":[
                [
                    "202203",
                    72
                ],
                [
                    "202202",
                    31
                ],
                [
                    "202201",
                    28
                ]
            ],
            "rank_gap":-41
        },
        {
            "index":418,
            "아파트명":"비단마을영풍마드레빌",
            "투자타입":"일반",
            "전용면적(m2)":"152.4",
            "전용면적(평)":"46평",
            "법정동주소":"경기도 수원시 장안구 천천동 514",
            "도로명주소":"경기도 수원시 장안구 덕영대로535번길 67",
            "세대수":0,
            "입주년차":20,
            "용적률점수":"--",
            "건폐율점수":"--",
            "세대당주차수":60,
            "난방방식":100,
            "공급면적":"--",
            "전용률":"--",
            "욕실수":100,
            "현관타입":100,
            "주거총점":43.0,
            "지역구공급총점":0.0,
            "역세권":0,
            "30분내 이동가능 거점":20,
            "1시간내 이동가능 거점":60,
            "교통총점":18.0,
            "백화점":0,
            "아울렛몰":80,
            "대형마트":100,
            "은행":100,
            "병원":80,
            "종합병원":100,
            "공원":100,
            "혐오시설":0,
            "인프라총점":64.0,
            "초등학군":89.99,
            "중학군":55.62,
            "학군총점":62.494,
            "인구수":31.14,
            "인구증감":-0.27,
            "인구총점":21.717,
            "일자리":14.6,
            "소득수준":100.0,
            "일자리총점":40.22,
            "가치 총점":43.4741,
            "매매실거래년":20210721.0,
            "매매실거래가":73500.0,
            "전세실거래년":20220204.0,
            "전세실거래가":42000.0,
            "전세가율":57.14,
            "장기전세가율평균":74.2,
            "전세가율거품지수":17.06,
            "검색코드":3648,
            "세대수":212.0,
            "준공년월":"2001-05-25",
            "준공년차":22.0,
            "가까운역이름":"성균관대",
            "가까운역거리":1121.96,
            "역세권여부":"비역세권",
            "30분이내주요거점역":1,
            "30분거점역이름":"['수원']",
            "1시간이내주요거점역":6,
            "1시간거점역이름":"['강남', '양재', '수원시청', '평촌', '가산디지털단지', '수원']",
            "3km이내백화점수":0,
            "5km이내아울렛몰수":1,
            "1km이내대형먀트수":2,
            "500m이내은행수":5,
            "500m이내병원수":39,
            "5km이내대형병원수":3,
            "500m이내공원수":7,
            "3km이내혐오시설수":0,
            "초등학교학업성취도":89.99,
            "중학교학업성취도":91.7,
            "용적률":218,
            "건폐율":22,
            "Y":37.298453,
            "X":126.983485,
            "rank":73.0,
            "area_info":"46평(152.4)",
            "last_sales":"2021-07-21,73500.0,46평(152.4)",
            "rank_history":[
                [
                    "202203",
                    73
                ],
                [
                    "202202",
                    32
                ],
                [
                    "202201",
                    30
                ]
            ],
            "rank_gap":-41
        },
        {
            "index":453,
            "아파트명":"무진",
            "투자타입":"일반",
            "전용면적(m2)":"68.68",
            "전용면적(평)":"20평",
            "법정동주소":"경기도 수원시 장안구 파장동 597-18",
            "도로명주소":"경기도 수원시 장안구 파장천로26번길 54",
            "세대수":0,
            "입주년차":0,
            "용적률점수":"--",
            "건폐율점수":"--",
            "세대당주차수":0,
            "난방방식":30,
            "공급면적":"--",
            "전용률":"--",
            "욕실수":50,
            "현관타입":10,
            "주거총점":9.0,
            "지역구공급총점":0.0,
            "역세권":50,
            "30분내 이동가능 거점":20,
            "1시간내 이동가능 거점":100,
            "교통총점":51.0,
            "백화점":0,
            "아울렛몰":80,
            "대형마트":80,
            "은행":0,
            "병원":80,
            "종합병원":100,
            "공원":100,
            "혐오시설":0,
            "인프라총점":51.0,
            "초등학군":90.02,
            "중학군":48.28,
            "학군총점":56.628,
            "인구수":31.14,
            "인구증감":-0.27,
            "인구총점":21.717,
            "일자리":14.6,
            "소득수준":100.0,
            "일자리총점":40.22,
            "가치 총점":43.4442,
            "매매실거래년":20210403.0,
            "매매실거래가":26000.0,
            "전세실거래년":null,
            "전세실거래가":null,
            "전세가율":null,
            "장기전세가율평균":74.2,
            "전세가율거품지수":null,
            "검색코드":14785,
            "세대수":70.0,
            "준공년월":"1994-12-24",
            "준공년차":29.0,
            "가까운역이름":"북수원 (2028년 예정)",
            "가까운역거리":954.11,
            "역세권여부":"준역세권",
            "30분이내주요거점역":1,
            "30분거점역이름":"['수원']",
            "1시간이내주요거점역":10,
            "1시간거점역이름":"['강남', '역삼', '양재', '수원시청', '평촌', '가산디지털단지', '수원', '구로디지털단지', '명동', 'GTX용인(2023년)']",
            "3km이내백화점수":0,
            "5km이내아울렛몰수":1,
            "1km이내대형먀트수":1,
            "500m이내은행수":1,
            "500m이내병원수":34,
            "5km이내대형병원수":3,
            "500m이내공원수":3,
            "3km이내혐오시설수":0,
            "초등학교학업성취도":90.02,
            "중학교학업성취도":78.4,
            "용적률":266,
            "건폐율":38,
            "Y":37.30656,
            "X":126.99745,
            "rank":74.0,
            "area_info":"20평(68.68), 21평(72.65), 21평(72.21), 22평(73.16), 27평(91.29), 31평(103.91)",
            "last_sales":"2021-04-03,26000.0,31평(103.91)",
            "rank_history":[
                [
                    "202203",
                    74
                ],
                [
                    "202202",
                    9999
                ]
            ],
            "rank_gap":9999
        },
        {
            "index":104,
            "아파트명":"수정",
            "투자타입":"재건축",
            "전용면적(m2)":"90.15",
            "전용면적(평)":"27평",
            "법정동주소":"경기도 수원시 장안구 영화동 405-3",
            "도로명주소":"경기도 수원시 장안구 장안로54번길 28-4",
            "세대수":0,
            "입주년차":"--",
            "용적률점수":0,
            "건폐율점수":0,
            "세대당주차수":"--",
            "난방방식":"--",
            "공급면적":70,
            "전용률":60,
            "욕실수":"--",
            "현관타입":"--",
            "주거총점":6.5,
            "지역구공급총점":0.0,
            "역세권":50,
            "30분내 이동가능 거점":20,
            "1시간내 이동가능 거점":40,
            "교통총점":39.0,
            "백화점":100,
            "아울렛몰":100,
            "대형마트":0,
            "은행":0,
            "병원":60,
            "종합병원":100,
            "공원":100,
            "혐오시설":0,
            "인프라총점":69.0,
            "초등학군":89.97,
            "중학군":41.94,
            "학군총점":51.546,
            "인구수":31.14,
            "인구증감":-0.27,
            "인구총점":21.717,
            "일자리":14.6,
            "소득수준":100.0,
            "일자리총점":40.22,
            "가치 총점":43.3819,
            "매매실거래년":20220110.0,
            "매매실거래가":21500.0,
            "전세실거래년":20211104.0,
            "전세실거래가":13000.0,
            "전세가율":76.47,
            "장기전세가율평균":74.2,
            "전세가율거품지수":-2.27,
            "검색코드":12874,
            "세대수":60.0,
            "준공년월":"1984-12-21",
            "준공년차":39.0,
            "가까운역이름":"동수원 (2028년 예정)",
            "가까운역거리":607.64,
            "역세권여부":"준역세권",
            "30분이내주요거점역":1,
            "30분거점역이름":"['수원']",
            "1시간이내주요거점역":4,
            "1시간거점역이름":"['수원시청', '가산디지털단지', '수원', 'GTX용인(2023년)']",
            "3km이내백화점수":2,
            "5km이내아울렛몰수":2,
            "1km이내대형먀트수":0,
            "500m이내은행수":0,
            "500m이내병원수":27,
            "5km이내대형병원수":5,
            "500m이내공원수":2,
            "3km이내혐오시설수":0,
            "초등학교학업성취도":89.97,
            "중학교학업성취도":69.9,
            "용적률":0,
            "건폐율":0,
            "Y":37.28973,
            "X":127.00538,
            "rank":75.0,
            "area_info":"27평(90.15), 28평(94.94)",
            "last_sales":"2022-01-10,21500.0,28평(94.94)",
            "rank_history":[
                [
                    "202203",
                    75
                ],
                [
                    "202202",
                    9999
                ]
            ],
            "rank_gap":9999
        },
        {
            "index":471,
            "아파트명":"현대",
            "투자타입":"재건축",
            "전용면적(m2)":"74.83",
            "전용면적(평)":"22평",
            "법정동주소":"경기도 수원시 장안구 파장동 624",
            "도로명주소":"경기도 수원시 장안구 파장천로44번길 75",
            "세대수":0,
            "입주년차":"--",
            "용적률점수":80,
            "건폐율점수":60,
            "세대당주차수":"--",
            "난방방식":"--",
            "공급면적":50,
            "전용률":80,
            "욕실수":"--",
            "현관타입":"--",
            "주거총점":50.5,
            "지역구공급총점":0.0,
            "역세권":0,
            "30분내 이동가능 거점":20,
            "1시간내 이동가능 거점":100,
            "교통총점":26.0,
            "백화점":0,
            "아울렛몰":80,
            "대형마트":100,
            "은행":0,
            "병원":60,
            "종합병원":100,
            "공원":100,
            "혐오시설":0,
            "인프라총점":52.0,
            "초등학군":90.0,
            "중학군":48.28,
            "학군총점":56.624,
            "인구수":31.14,
            "인구증감":-0.27,
            "인구총점":21.717,
            "일자리":14.6,
            "소득수준":100.0,
            "일자리총점":40.22,
            "가치 총점":43.2936,
            "매매실거래년":20210831.0,
            "매매실거래가":19500.0,
            "전세실거래년":20210619.0,
            "전세실거래가":17000.0,
            "전세가율":87.18,
            "장기전세가율평균":74.2,
            "전세가율거품지수":-12.98,
            "검색코드":10446,
            "세대수":225.0,
            "준공년월":"1992-04-30",
            "준공년차":31.0,
            "가까운역이름":"북수원 (2028년 예정)",
            "가까운역거리":1066.58,
            "역세권여부":"비역세권",
            "30분이내주요거점역":1,
            "30분거점역이름":"['수원']",
            "1시간이내주요거점역":12,
            "1시간거점역이름":"['강남', '역삼', '판교', '양재', '수원시청', '평촌', '가산디지털단지', '수원', '구로디지털단지', '명동', 'GTX성남(2023년)', 'GTX용인(2023년)']",
            "3km이내백화점수":0,
            "5km이내아울렛몰수":1,
            "1km이내대형먀트수":2,
            "500m이내은행수":0,
            "500m이내병원수":11,
            "5km이내대형병원수":3,
            "500m이내공원수":3,
            "3km이내혐오시설수":0,
            "초등학교학업성취도":90.0,
            "중학교학업성취도":78.4,
            "용적률":157,
            "건폐율":31,
            "Y":37.307848,
            "X":126.999953,
            "rank":76.0,
            "area_info":"22평(74.83), 25평(85.82), 32평(106.66)",
            "last_sales":"2021-08-31,19500.0,22평(74.83)",
            "rank_history":[
                [
                    "202203",
                    76
                ],
                [
                    "202202",
                    33
                ],
                [
                    "202201",
                    32
                ]
            ],
            "rank_gap":-43
        },
        {
            "index":66,
            "아파트명":"대명2차",
            "투자타입":"재건축",
            "전용면적(m2)":"85.78",
            "전용면적(평)":"25평",
            "법정동주소":"경기도 수원시 장안구 연무동 221-2",
            "도로명주소":"경기도 수원시 장안구 창훈로40번길 6",
            "세대수":0,
            "입주년차":"--",
            "용적률점수":0,
            "건폐율점수":0,
            "세대당주차수":"--",
            "난방방식":"--",
            "공급면적":70,
            "전용률":80,
            "욕실수":"--",
            "현관타입":"--",
            "주거총점":7.5,
            "지역구공급총점":0.0,
            "역세권":50,
            "30분내 이동가능 거점":0,
            "1시간내 이동가능 거점":90,
            "교통총점":43.0,
            "백화점":100,
            "아울렛몰":100,
            "대형마트":0,
            "은행":0,
            "병원":60,
            "종합병원":100,
            "공원":100,
            "혐오시설":0,
            "인프라총점":69.0,
            "초등학군":89.92,
            "중학군":27.78,
            "학군총점":40.208,
            "인구수":31.14,
            "인구증감":-0.27,
            "인구총점":21.717,
            "일자리":14.6,
            "소득수준":100.0,
            "일자리총점":40.22,
            "가치 총점":43.2812,
            "매매실거래년":20200618.0,
            "매매실거래가":51670.0,
            "전세실거래년":20150807.0,
            "전세실거래가":10500.0,
            "전세가율":27.88,
            "장기전세가율평균":74.2,
            "전세가율거품지수":46.32,
            "검색코드":11995,
            "세대수":70.0,
            "준공년월":"1989-12-29",
            "준공년차":34.0,
            "가까운역이름":"수원월드컵경기장 (2028년 예정)",
            "가까운역거리":685.8,
            "역세권여부":"준역세권",
            "30분이내주요거점역":0,
            "30분거점역이름":"[]",
            "1시간이내주요거점역":9,
            "1시간거점역이름":"['강남', '판교', '양재', '정자', '수원시청', '수원', '서현', 'GTX성남(2023년)', 'GTX용인(2023년)']",
            "3km이내백화점수":1,
            "5km이내아울렛몰수":3,
            "1km이내대형먀트수":0,
            "500m이내은행수":1,
            "500m이내병원수":15,
            "5km이내대형병원수":4,
            "500m이내공원수":4,
            "3km이내혐오시설수":0,
            "초등학교학업성취도":89.92,
            "중학교학업성취도":46.3,
            "용적률":0,
            "건폐율":0,
            "Y":37.295711,
            "X":127.031446,
            "rank":77.0,
            "area_info":"25평(85.78), 30평(100.42), 30평(100.39)",
            "last_sales":"2020-06-18,51670.0,30평(100.39)",
            "rank_history":[
                [
                    "202203",
                    77
                ],
                [
                    "202202",
                    9999
                ]
            ],
            "rank_gap":9999
        },
        {
            "index":229,
            "아파트명":"동남타운",
            "투자타입":"일반",
            "전용면적(m2)":"77.02",
            "전용면적(평)":"23평",
            "법정동주소":"경기도 수원시 장안구 정자동 390",
            "도로명주소":"경기도 수원시 장안구 정자로 158",
            "세대수":0,
            "입주년차":0,
            "용적률점수":"--",
            "건폐율점수":"--",
            "세대당주차수":30,
            "난방방식":30,
            "공급면적":"--",
            "전용률":"--",
            "욕실수":50,
            "현관타입":100,
            "주거총점":22.5,
            "지역구공급총점":0.0,
            "역세권":50,
            "30분내 이동가능 거점":0,
            "1시간내 이동가능 거점":80,
            "교통총점":41.0,
            "백화점":0,
            "아울렛몰":80,
            "대형마트":80,
            "은행":0,
            "병원":80,
            "종합병원":100,
            "공원":80,
            "혐오시설":0,
            "인프라총점":50.4,
            "초등학군":90.02,
            "중학군":54.92,
            "학군총점":61.94,
            "인구수":31.14,
            "인구증감":-0.27,
            "인구총점":21.717,
            "일자리":14.6,
            "소득수준":100.0,
            "일자리총점":40.22,
            "가치 총점":43.261,
            "매매실거래년":20210710.0,
            "매매실거래가":40000.0,
            "전세실거래년":20220110.0,
            "전세실거래가":18000.0,
            "전세가율":76.6,
            "장기전세가율평균":74.2,
            "전세가율거품지수":-2.4,
            "검색코드":2702,
            "세대수":126.0,
            "준공년월":"1997-03-20",
            "준공년차":26.0,
            "가까운역이름":"북수원 (2028년 예정)",
            "가까운역거리":870.9,
            "역세권여부":"준역세권",
            "30분이내주요거점역":0,
            "30분거점역이름":"[]",
            "1시간이내주요거점역":8,
            "1시간거점역이름":"['강남', '역삼', '판교', '양재', '수원시청', '평촌', '수원', '구로디지털단지']",
            "3km이내백화점수":0,
            "5km이내아울렛몰수":1,
            "1km이내대형먀트수":1,
            "500m이내은행수":1,
            "500m이내병원수":39,
            "5km이내대형병원수":3,
            "500m이내공원수":1,
            "3km이내혐오시설수":0,
            "초등학교학업성취도":90.02,
            "중학교학업성취도":90.0,
            "용적률":278,
            "건폐율":26,
            "Y":37.30482,
            "X":126.99315,
            "rank":78.0,
            "area_info":"23평(77.02), 33평(110.04), 52평(172.37)",
            "last_sales":"2021-07-10,40000.0,33평(110.04)",
            "rank_history":[
                [
                    "202203",
                    78
                ],
                [
                    "202202",
                    80
                ],
                [
                    "202201",
                    78
                ]
            ],
            "rank_gap":2
        },
        {
            "index":154,
            "아파트명":"율전이안",
            "투자타입":"일반",
            "전용면적(m2)":"71.53",
            "전용면적(평)":"21평",
            "법정동주소":"경기도 수원시 장안구 율전동 375-2",
            "도로명주소":"경기도 수원시 장안구 율전로 73",
            "세대수":30,
            "입주년차":40,
            "용적률점수":"--",
            "건폐율점수":"--",
            "세대당주차수":30,
            "난방방식":30,
            "공급면적":"--",
            "전용률":"--",
            "욕실수":50,
            "현관타입":100,
            "주거총점":41.0,
            "지역구공급총점":0.0,
            "역세권":50,
            "30분내 이동가능 거점":20,
            "1시간내 이동가능 거점":70,
            "교통총점":45.0,
            "백화점":0,
            "아울렛몰":80,
            "대형마트":0,
            "은행":0,
            "병원":60,
            "종합병원":100,
            "공원":100,
            "혐오시설":0,
            "인프라총점":37.0,
            "초등학군":90.0,
            "중학군":45.86,
            "학군총점":54.688,
            "인구수":31.14,
            "인구증감":-0.27,
            "인구총점":21.717,
            "일자리":14.6,
            "소득수준":100.0,
            "일자리총점":40.22,
            "가치 총점":43.2532,
            "매매실거래년":20210817.0,
            "매매실거래가":52500.0,
            "전세실거래년":20220111.0,
            "전세실거래가":29000.0,
            "전세가율":67.44,
            "장기전세가율평균":74.2,
            "전세가율거품지수":6.76,
            "검색코드":12913,
            "세대수":383.0,
            "준공년월":"2005-10-10",
            "준공년차":18.0,
            "가까운역이름":"성균관대",
            "가까운역거리":557.36,
            "역세권여부":"준역세권",
            "30분이내주요거점역":1,
            "30분거점역이름":"['수원']",
            "1시간이내주요거점역":7,
            "1시간거점역이름":"['양재', '수원시청', '평촌', '가산디지털단지', '수원', '구로디지털단지', 'GTX용인(2023년)']",
            "3km이내백화점수":0,
            "5km이내아울렛몰수":1,
            "1km이내대형먀트수":0,
            "500m이내은행수":1,
            "500m이내병원수":17,
            "5km이내대형병원수":2,
            "500m이내공원수":2,
            "3km이내혐오시설수":0,
            "초등학교학업성취도":90.0,
            "중학교학업성취도":76.1,
            "용적률":241,
            "건폐율":22,
            "Y":37.296766,
            "X":126.96659,
            "rank":79.0,
            "area_info":"21평(71.53), 34평(113.75), 34평(113.58), 34평(114.44), 45평(151.75)",
            "last_sales":"2021-08-17,52500.0,34평(114.44)",
            "rank_history":[
                [
                    "202203",
                    79
                ],
                [
                    "202202",
                    19
                ],
                [
                    "202201",
                    18
                ]
            ],
            "rank_gap":-60
        },
        {
            "index":84,
            "아파트명":"익주",
            "투자타입":"일반",
            "전용면적(m2)":"65.58",
            "전용면적(평)":"19평",
            "법정동주소":"경기도 수원시 장안구 연무동 248-17",
            "도로명주소":"경기도 수원시 장안구 월드컵로 410",
            "세대수":0,
            "입주년차":0,
            "용적률점수":"--",
            "건폐율점수":"--",
            "세대당주차수":0,
            "난방방식":30,
            "공급면적":"--",
            "전용률":"--",
            "욕실수":50,
            "현관타입":100,
            "주거총점":18.0,
            "지역구공급총점":0.0,
            "역세권":50,
            "30분내 이동가능 거점":0,
            "1시간내 이동가능 거점":50,
            "교통총점":35.0,
            "백화점":100,
            "아울렛몰":100,
            "대형마트":0,
            "은행":20,
            "병원":60,
            "종합병원":100,
            "공원":100,
            "혐오시설":0,
            "인프라총점":71.0,
            "초등학군":89.97,
            "중학군":27.78,
            "학군총점":40.218,
            "인구수":31.14,
            "인구증감":-0.27,
            "인구총점":21.717,
            "일자리":14.6,
            "소득수준":100.0,
            "일자리총점":40.22,
            "가치 총점":43.1827,
            "매매실거래년":20211030.0,
            "매매실거래가":30000.0,
            "전세실거래년":null,
            "전세실거래가":null,
            "전세가율":null,
            "장기전세가율평균":74.2,
            "전세가율거품지수":null,
            "검색코드":14771,
            "세대수":56.0,
            "준공년월":"1995-03-04",
            "준공년차":28.0,
            "가까운역이름":"수원월드컵경기장 (2028년 예정)",
            "가까운역거리":548.02,
            "역세권여부":"준역세권",
            "30분이내주요거점역":0,
            "30분거점역이름":"[]",
            "1시간이내주요거점역":5,
            "1시간거점역이름":"['판교', '정자', '수원시청', '수원', 'GTX용인(2023년)']",
            "3km이내백화점수":1,
            "5km이내아울렛몰수":2,
            "1km이내대형먀트수":0,
            "500m이내은행수":2,
            "500m이내병원수":19,
            "5km이내대형병원수":4,
            "500m이내공원수":4,
            "3km이내혐오시설수":0,
            "초등학교학업성취도":89.97,
            "중학교학업성취도":46.3,
            "용적률":309,
            "건폐율":53,
            "Y":37.2927,
            "X":127.02756,
            "rank":80.0,
            "area_info":"19평(65.58), 23평(77.57), 29평(96.0)",
            "last_sales":"2021-10-30,30000.0,29평(96.0)",
            "rank_history":[
                [
                    "202203",
                    80
                ],
                [
                    "202202",
                    9999
                ]
            ],
            "rank_gap":9999
        },
        {
            "index":394,
            "아파트명":"장안",
            "투자타입":"재건축",
            "전용면적(m2)":"64.21",
            "전용면적(평)":"19평",
            "법정동주소":"경기도 수원시 장안구 조원동 459-11",
            "도로명주소":"경기도 수원시 장안구 금당로 86-9",
            "세대수":0,
            "입주년차":"--",
            "용적률점수":80,
            "건폐율점수":60,
            "세대당주차수":"--",
            "난방방식":"--",
            "공급면적":50,
            "전용률":60,
            "욕실수":"--",
            "현관타입":"--",
            "주거총점":49.5,
            "지역구공급총점":0.0,
            "역세권":50,
            "30분내 이동가능 거점":0,
            "1시간내 이동가능 거점":20,
            "교통총점":29.0,
            "백화점":0,
            "아울렛몰":100,
            "대형마트":80,
            "은행":0,
            "병원":60,
            "종합병원":100,
            "공원":100,
            "혐오시설":0,
            "인프라총점":51.0,
            "초등학군":90.0,
            "중학군":41.28,
            "학군총점":51.024,
            "인구수":31.14,
            "인구증감":-0.27,
            "인구총점":21.717,
            "일자리":14.6,
            "소득수준":100.0,
            "일자리총점":40.22,
            "가치 총점":43.0036,
            "매매실거래년":20211127.0,
            "매매실거래가":23800.0,
            "전세실거래년":20210916.0,
            "전세실거래가":10000.0,
            "전세가율":42.02,
            "장기전세가율평균":74.2,
            "전세가율거품지수":32.18,
            "검색코드":9088,
            "세대수":90.0,
            "준공년월":"1989-11-17",
            "준공년차":34.0,
            "가까운역이름":"장안구청 (2028년 예정)",
            "가까운역거리":889.36,
            "역세권여부":"준역세권",
            "30분이내주요거점역":0,
            "30분거점역이름":"[]",
            "1시간이내주요거점역":2,
            "1시간거점역이름":"['수원시청', '수원']",
            "3km이내백화점수":0,
            "5km이내아울렛몰수":2,
            "1km이내대형먀트수":1,
            "500m이내은행수":0,
            "500m이내병원수":16,
            "5km이내대형병원수":4,
            "500m이내공원수":3,
            "3km이내혐오시설수":0,
            "초등학교학업성취도":90.0,
            "중학교학업성취도":68.8,
            "용적률":155,
            "건폐율":31,
            "Y":37.30086,
            "X":127.01972,
            "rank":81.0,
            "area_info":"19평(64.21), 22평(73.35)",
            "last_sales":"2021-11-27,23800.0,19평(64.21)",
            "rank_history":[
                [
                    "202203",
                    81
                ],
                [
                    "202202",
                    9999
                ]
            ],
            "rank_gap":9999
        },
        {
            "index":223,
            "아파트명":"남서울그린맨션",
            "투자타입":"재건축",
            "전용면적(m2)":"92.07",
            "전용면적(평)":"27평",
            "법정동주소":"경기도 수원시 장안구 정자동 417",
            "도로명주소":"경기도 수원시 장안구 만석로159번길 77",
            "세대수":0,
            "입주년차":"--",
            "용적률점수":0,
            "건폐율점수":100,
            "세대당주차수":"--",
            "난방방식":"--",
            "공급면적":70,
            "전용률":80,
            "욕실수":"--",
            "현관타입":"--",
            "주거총점":27.5,
            "지역구공급총점":0.0,
            "역세권":50,
            "30분내 이동가능 거점":0,
            "1시간내 이동가능 거점":70,
            "교통총점":39.0,
            "백화점":0,
            "아울렛몰":80,
            "대형마트":80,
            "은행":0,
            "병원":80,
            "종합병원":100,
            "공원":100,
            "혐오시설":0,
            "인프라총점":51.0,
            "초등학군":90.02,
            "중학군":48.28,
            "학군총점":56.628,
            "인구수":31.14,
            "인구증감":-0.27,
            "인구총점":21.717,
            "일자리":14.6,
            "소득수준":100.0,
            "일자리총점":40.22,
            "가치 총점":42.9442,
            "매매실거래년":20210818.0,
            "매매실거래가":45000.0,
            "전세실거래년":null,
            "전세실거래가":null,
            "전세가율":null,
            "장기전세가율평균":74.2,
            "전세가율거품지수":null,
            "검색코드":1844,
            "세대수":282.0,
            "준공년월":"1990-02-02",
            "준공년차":33.0,
            "가까운역이름":"북수원 (2028년 예정)",
            "가까운역거리":997.57,
            "역세권여부":"준역세권",
            "30분이내주요거점역":0,
            "30분거점역이름":"[]",
            "1시간이내주요거점역":7,
            "1시간거점역이름":"['강남', '판교', '양재', '수원시청', '평촌', '가산디지털단지', '수원']",
            "3km이내백화점수":0,
            "5km이내아울렛몰수":1,
            "1km이내대형먀트수":1,
            "500m이내은행수":1,
            "500m이내병원수":38,
            "5km이내대형병원수":3,
            "500m이내공원수":2,
            "3km이내혐오시설수":0,
            "초등학교학업성취도":90.02,
            "중학교학업성취도":78.4,
            "용적률":241,
            "건폐율":17,
            "Y":37.304694,
            "X":126.995697,
            "rank":82.0,
            "area_info":"27평(92.07), 32평(106.26), 34평(114.81), 36평(121.94), 44평(146.18)",
            "last_sales":"2021-08-18,45000.0,44평(146.18)",
            "rank_history":[
                [
                    "202203",
                    82
                ],
                [
                    "202202",
                    81
                ],
                [
                    "202201",
                    80
                ]
            ],
            "rank_gap":-1
        },
        {
            "index":249,
            "아파트명":"백설마을5단지현대.코오롱",
            "투자타입":"일반",
            "전용면적(m2)":"81.46",
            "전용면적(평)":"24평",
            "법정동주소":"경기도 수원시 장안구 정자동 870-1",
            "도로명주소":"경기도 수원시 장안구 만석로68번길 10",
            "세대수":50,
            "입주년차":20,
            "용적률점수":"--",
            "건폐율점수":"--",
            "세대당주차수":30,
            "난방방식":100,
            "공급면적":"--",
            "전용률":"--",
            "욕실수":50,
            "현관타입":100,
            "주거총점":51.0,
            "지역구공급총점":0.0,
            "역세권":0,
            "30분내 이동가능 거점":0,
            "1시간내 이동가능 거점":60,
            "교통총점":12.0,
            "백화점":0,
            "아울렛몰":80,
            "대형마트":100,
            "은행":100,
            "병원":80,
            "종합병원":100,
            "공원":100,
            "혐오시설":0,
            "인프라총점":64.0,
            "초등학군":89.99,
            "중학군":54.92,
            "학군총점":61.934,
            "인구수":31.14,
            "인구증감":-0.27,
            "인구총점":21.717,
            "일자리":14.6,
            "소득수준":100.0,
            "일자리총점":40.22,
            "가치 총점":42.8901,
            "매매실거래년":20220118.0,
            "매매실거래가":49000.0,
            "전세실거래년":20220219.0,
            "전세실거래가":22000.0,
            "전세가율":44.9,
            "장기전세가율평균":74.2,
            "전세가율거품지수":29.3,
            "검색코드":7974,
            "세대수":692.0,
            "준공년월":"1999-08-27",
            "준공년차":24.0,
            "가까운역이름":"화서",
            "가까운역거리":1390.56,
            "역세권여부":"비역세권",
            "30분이내주요거점역":0,
            "30분거점역이름":"[]",
            "1시간이내주요거점역":6,
            "1시간거점역이름":"['강남', '양재', '수원시청', '평촌', '가산디지털단지', '수원']",
            "3km이내백화점수":0,
            "5km이내아울렛몰수":1,
            "1km이내대형먀트수":2,
            "500m이내은행수":5,
            "500m이내병원수":44,
            "5km이내대형병원수":4,
            "500m이내공원수":8,
            "3km이내혐오시설수":0,
            "초등학교학업성취도":89.99,
            "중학교학업성취도":90.0,
            "용적률":229,
            "건폐율":20,
            "Y":37.296457,
            "X":126.988204,
            "rank":83.0,
            "area_info":"24평(81.46)",
            "last_sales":"2022-01-18,49000.0,24평(81.46)",
            "rank_history":[
                [
                    "202203",
                    83
                ],
                [
                    "202202",
                    30
                ],
                [
                    "202201",
                    29
                ]
            ],
            "rank_gap":-53
        },
        {
            "index":117,
            "아파트명":"밤꽃마을뜨란채",
            "투자타입":"일반",
            "전용면적(m2)":"75.03",
            "전용면적(평)":"22평",
            "법정동주소":"경기도 수원시 장안구 율전동 546",
            "도로명주소":"경기도 수원시 장안구 상률로 32",
            "세대수":90,
            "입주년차":40,
            "용적률점수":"--",
            "건폐율점수":"--",
            "세대당주차수":30,
            "난방방식":30,
            "공급면적":"--",
            "전용률":"--",
            "욕실수":100,
            "현관타입":100,
            "주거총점":67.0,
            "지역구공급총점":0.0,
            "역세권":50,
            "30분내 이동가능 거점":20,
            "1시간내 이동가능 거점":50,
            "교통총점":41.0,
            "백화점":0,
            "아울렛몰":0,
            "대형마트":0,
            "은행":0,
            "병원":30,
            "종합병원":80,
            "공원":100,
            "혐오시설":0,
            "인프라총점":22.0,
            "초등학군":89.98,
            "중학군":45.86,
            "학군총점":54.684,
            "인구수":31.14,
            "인구증감":-0.27,
            "인구총점":21.717,
            "일자리":14.6,
            "소득수준":100.0,
            "일자리총점":40.22,
            "가치 총점":42.5526,
            "매매실거래년":20210923.0,
            "매매실거래가":54800.0,
            "전세실거래년":20220114.0,
            "전세실거래가":24000.0,
            "전세가율":57.55,
            "장기전세가율평균":74.2,
            "전세가율거품지수":16.65,
            "검색코드":9127,
            "세대수":1078.0,
            "준공년월":"2005-09-13",
            "준공년차":18.0,
            "가까운역이름":"성균관대",
            "가까운역거리":732.83,
            "역세권여부":"준역세권",
            "30분이내주요거점역":1,
            "30분거점역이름":"['수원']",
            "1시간이내주요거점역":5,
            "1시간거점역이름":"['수원시청', '평촌', '가산디지털단지', '수원', 'GTX용인(2023년)']",
            "3km이내백화점수":0,
            "5km이내아울렛몰수":0,
            "1km이내대형먀트수":0,
            "500m이내은행수":0,
            "500m이내병원수":6,
            "5km이내대형병원수":1,
            "500m이내공원수":2,
            "3km이내혐오시설수":0,
            "초등학교학업성취도":89.98,
            "중학교학업성취도":76.1,
            "용적률":222,
            "건폐율":15,
            "Y":37.30653,
            "X":126.968216,
            "rank":84.0,
            "area_info":"22평(75.03), 32평(107.74), 32평(107.81)",
            "last_sales":"2021-09-23,54800.0,32평(107.81)",
            "rank_history":[
                [
                    "202203",
                    84
                ],
                [
                    "202202",
                    25
                ],
                [
                    "202201",
                    25
                ]
            ],
            "rank_gap":-59
        },
        {
            "index":266,
            "아파트명":"북수원리버파크",
            "투자타입":"일반",
            "전용면적(m2)":"67.95",
            "전용면적(평)":"20평",
            "법정동주소":"경기도 수원시 장안구 정자동 913",
            "도로명주소":"경기도 수원시 장안구 천천로74번길 35",
            "세대수":80,
            "입주년차":20,
            "용적률점수":"--",
            "건폐율점수":"--",
            "세대당주차수":0,
            "난방방식":100,
            "공급면적":"--",
            "전용률":"--",
            "욕실수":50,
            "현관타입":100,
            "주거총점":57.0,
            "지역구공급총점":0.0,
            "역세권":0,
            "30분내 이동가능 거점":0,
            "1시간내 이동가능 거점":70,
            "교통총점":14.0,
            "백화점":0,
            "아울렛몰":80,
            "대형마트":80,
            "은행":70,
            "병원":60,
            "종합병원":100,
            "공원":100,
            "혐오시설":0,
            "인프라총점":56.0,
            "초등학군":89.99,
            "중학군":55.62,
            "학군총점":62.494,
            "인구수":31.14,
            "인구증감":-0.27,
            "인구총점":21.717,
            "일자리":14.6,
            "소득수준":100.0,
            "일자리총점":40.22,
            "가치 총점":42.4741,
            "매매실거래년":20211002.0,
            "매매실거래가":51000.0,
            "전세실거래년":20211016.0,
            "전세실거래가":24000.0,
            "전세가율":75.0,
            "장기전세가율평균":74.2,
            "전세가율거품지수":-0.8,
            "검색코드":3655,
            "세대수":805.0,
            "준공년월":"2002-10-25",
            "준공년차":21.0,
            "가까운역이름":"성균관대",
            "가까운역거리":1299.68,
            "역세권여부":"비역세권",
            "30분이내주요거점역":0,
            "30분거점역이름":"[]",
            "1시간이내주요거점역":7,
            "1시간거점역이름":"['강남', '판교', '양재', '수원시청', '평촌', '가산디지털단지', '수원']",
            "3km이내백화점수":0,
            "5km이내아울렛몰수":1,
            "1km이내대형먀트수":1,
            "500m이내은행수":3,
            "500m이내병원수":15,
            "5km이내대형병원수":4,
            "500m이내공원수":6,
            "3km이내혐오시설수":0,
            "초등학교학업성취도":89.99,
            "중학교학업성취도":91.7,
            "용적률":211,
            "건폐율":15,
            "Y":37.300437,
            "X":126.985715,
            "rank":85.0,
            "area_info":"20평(67.95), 24평(81.76), 24평(81.79)",
            "last_sales":"2021-10-02,51000.0,24평(81.79)",
            "rank_history":[
                [
                    "202203",
                    85
                ],
                [
                    "202202",
                    34
                ],
                [
                    "202201",
                    31
                ]
            ],
            "rank_gap":-51
        },
        {
            "index":246,
            "아파트명":"백설마을5단지삼환나우빌",
            "투자타입":"일반",
            "전용면적(m2)":"83.0",
            "전용면적(평)":"25평",
            "법정동주소":"경기도 수원시 장안구 정자동 880-3",
            "도로명주소":"경기도 수원시 장안구 천천로22번길 34",
            "세대수":80,
            "입주년차":20,
            "용적률점수":"--",
            "건폐율점수":"--",
            "세대당주차수":30,
            "난방방식":100,
            "공급면적":"--",
            "전용률":"--",
            "욕실수":100,
            "현관타입":100,
            "주거총점":66.5,
            "지역구공급총점":0.0,
            "역세권":0,
            "30분내 이동가능 거점":0,
            "1시간내 이동가능 거점":60,
            "교통총점":12.0,
            "백화점":0,
            "아울렛몰":80,
            "대형마트":100,
            "은행":0,
            "병원":60,
            "종합병원":100,
            "공원":100,
            "혐오시설":0,
            "인프라총점":52.0,
            "초등학군":89.99,
            "중학군":54.92,
            "학군총점":61.934,
            "인구수":31.14,
            "인구증감":-0.27,
            "인구총점":21.717,
            "일자리":14.6,
            "소득수준":100.0,
            "일자리총점":40.22,
            "가치 총점":42.3901,
            "매매실거래년":20220119.0,
            "매매실거래가":51800.0,
            "전세실거래년":20220225.0,
            "전세실거래가":31500.0,
            "전세가율":60.81,
            "장기전세가율평균":74.2,
            "전세가율거품지수":13.39,
            "검색코드":1837,
            "세대수":772.0,
            "준공년월":"1999-11-25",
            "준공년차":24.0,
            "가까운역이름":"화서",
            "가까운역거리":1133.61,
            "역세권여부":"비역세권",
            "30분이내주요거점역":0,
            "30분거점역이름":"[]",
            "1시간이내주요거점역":6,
            "1시간거점역이름":"['강남', '판교', '수원시청', '평촌', '가산디지털단지', '수원']",
            "3km이내백화점수":0,
            "5km이내아울렛몰수":1,
            "1km이내대형먀트수":2,
            "500m이내은행수":1,
            "500m이내병원수":28,
            "5km이내대형병원수":4,
            "500m이내공원수":9,
            "3km이내혐오시설수":0,
            "초등학교학업성취도":89.99,
            "중학교학업성취도":90.0,
            "용적률":229,
            "건폐율":18,
            "Y":37.294184,
            "X":126.988979,
            "rank":86.0,
            "area_info":"25평(83.0)",
            "last_sales":"2022-01-19,51800.0,25평(83.0)",
            "rank_history":[
                [
                    "202203",
                    86
                ],
                [
                    "202202",
                    37
                ],
                [
                    "202201",
                    37
                ]
            ],
            "rank_gap":-49
        },
        {
            "index":247,
            "아파트명":"백설마을5단지성지,동양고속",
            "투자타입":"일반",
            "전용면적(m2)":"125.58",
            "전용면적(평)":"37평",
            "법정동주소":"경기도 수원시 장안구 정자동 879-1",
            "도로명주소":"경기도 수원시 장안구 정자천로133번길 26",
            "세대수":50,
            "입주년차":20,
            "용적률점수":"--",
            "건폐율점수":"--",
            "세대당주차수":60,
            "난방방식":100,
            "공급면적":"--",
            "전용률":"--",
            "욕실수":100,
            "현관타입":100,
            "주거총점":60.5,
            "지역구공급총점":0.0,
            "역세권":0,
            "30분내 이동가능 거점":0,
            "1시간내 이동가능 거점":50,
            "교통총점":10.0,
            "백화점":0,
            "아울렛몰":80,
            "대형마트":100,
            "은행":70,
            "병원":60,
            "종합병원":100,
            "공원":100,
            "혐오시설":0,
            "인프라총점":59.0,
            "초등학군":89.98,
            "중학군":51.38,
            "학군총점":59.1,
            "인구수":31.14,
            "인구증감":-0.27,
            "인구총점":21.717,
            "일자리":14.6,
            "소득수준":100.0,
            "일자리총점":40.22,
            "가치 총점":42.165,
            "매매실거래년":20211112.0,
            "매매실거래가":96000.0,
            "전세실거래년":20220211.0,
            "전세실거래가":32550.0,
            "전세가율":39.94,
            "장기전세가율평균":74.2,
            "전세가율거품지수":34.26,
            "검색코드":2703,
            "세대수":576.0,
            "준공년월":"1999-10-20",
            "준공년차":24.0,
            "가까운역이름":"화서",
            "가까운역거리":1204.05,
            "역세권여부":"비역세권",
            "30분이내주요거점역":0,
            "30분거점역이름":"[]",
            "1시간이내주요거점역":5,
            "1시간거점역이름":"['강남', '판교', '수원시청', '가산디지털단지', '수원']",
            "3km이내백화점수":0,
            "5km이내아울렛몰수":1,
            "1km이내대형먀트수":2,
            "500m이내은행수":3,
            "500m이내병원수":29,
            "5km이내대형병원수":4,
            "500m이내공원수":7,
            "3km이내혐오시설수":0,
            "초등학교학업성취도":89.98,
            "중학교학업성취도":84.9,
            "용적률":239,
            "건폐율":18,
            "Y":37.29464,
            "X":126.99215,
            "rank":87.0,
            "area_info":"37평(125.58), 49평(164.45)",
            "last_sales":"2021-11-12,96000.0,49평(164.45)",
            "rank_history":[
                [
                    "202203",
                    87
                ],
                [
                    "202202",
                    27
                ],
                [
                    "202201",
                    27
                ]
            ],
            "rank_gap":-60
        },
        {
            "index":69,
            "아파트명":"목화",
            "투자타입":"일반",
            "전용면적(m2)":"74.03",
            "전용면적(평)":"22평",
            "법정동주소":"경기도 수원시 장안구 연무동 214",
            "도로명주소":"경기도 수원시 장안구 창훈로 57-11",
            "세대수":0,
            "입주년차":0,
            "용적률점수":"--",
            "건폐율점수":"--",
            "세대당주차수":0,
            "난방방식":30,
            "공급면적":"--",
            "전용률":"--",
            "욕실수":100,
            "현관타입":10,
            "주거총점":14.0,
            "지역구공급총점":0.0,
            "역세권":50,
            "30분내 이동가능 거점":0,
            "1시간내 이동가능 거점":40,
            "교통총점":33.0,
            "백화점":100,
            "아울렛몰":100,
            "대형마트":0,
            "은행":20,
            "병원":60,
            "종합병원":100,
            "공원":100,
            "혐오시설":0,
            "인프라총점":71.0,
            "초등학군":89.92,
            "중학군":27.78,
            "학군총점":40.208,
            "인구수":31.14,
            "인구증감":-0.27,
            "인구총점":21.717,
            "일자리":14.6,
            "소득수준":100.0,
            "일자리총점":40.22,
            "가치 총점":41.6812,
            "매매실거래년":20211025.0,
            "매매실거래가":50000.0,
            "전세실거래년":null,
            "전세실거래가":null,
            "전세가율":null,
            "장기전세가율평균":74.2,
            "전세가율거품지수":null,
            "검색코드":2694,
            "세대수":112.0,
            "준공년월":"1994-09-29",
            "준공년차":29.0,
            "가까운역이름":"수원월드컵경기장 (2028년 예정)",
            "가까운역거리":838.65,
            "역세권여부":"준역세권",
            "30분이내주요거점역":0,
            "30분거점역이름":"[]",
            "1시간이내주요거점역":4,
            "1시간거점역이름":"['판교', '정자', '수원시청', '수원']",
            "3km이내백화점수":1,
            "5km이내아울렛몰수":3,
            "1km이내대형먀트수":0,
            "500m이내은행수":2,
            "500m이내병원수":20,
            "5km이내대형병원수":4,
            "500m이내공원수":3,
            "3km이내혐오시설수":0,
            "초등학교학업성취도":89.92,
            "중학교학업성취도":46.3,
            "용적률":295,
            "건폐율":35,
            "Y":37.29687,
            "X":127.0299,
            "rank":88.0,
            "area_info":"22평(74.03), 23평(77.81), 23평(78.53), 29평(95.96), 31평(104.27), 33평(111.1)",
            "last_sales":"2021-10-25,50000.0,33평(111.1)",
            "rank_history":[
                [
                    "202203",
                    88
                ],
                [
                    "202202",
                    79
                ],
                [
                    "202201",
                    74
                ]
            ],
            "rank_gap":-9
        },
        {
            "index":467,
            "아파트명":"익주",
            "투자타입":"일반",
            "전용면적(m2)":"80.08",
            "전용면적(평)":"24평",
            "법정동주소":"경기도 수원시 장안구 파장동 281",
            "도로명주소":"경기도 수원시 장안구 파장천로 57",
            "세대수":0,
            "입주년차":0,
            "용적률점수":"--",
            "건폐율점수":"--",
            "세대당주차수":30,
            "난방방식":30,
            "공급면적":"--",
            "전용률":"--",
            "욕실수":50,
            "현관타입":100,
            "주거총점":22.5,
            "지역구공급총점":0.0,
            "역세권":50,
            "30분내 이동가능 거점":20,
            "1시간내 이동가능 거점":90,
            "교통총점":49.0,
            "백화점":0,
            "아울렛몰":0,
            "대형마트":80,
            "은행":0,
            "병원":30,
            "종합병원":100,
            "공원":100,
            "혐오시설":0,
            "인프라총점":38.0,
            "초등학군":90.0,
            "중학군":48.28,
            "학군총점":56.624,
            "인구수":31.14,
            "인구증감":-0.27,
            "인구총점":21.717,
            "일자리":14.6,
            "소득수준":100.0,
            "일자리총점":40.22,
            "가치 총점":41.5436,
            "매매실거래년":20210807.0,
            "매매실거래가":38500.0,
            "전세실거래년":20111011.0,
            "전세실거래가":11000.0,
            "전세가율":46.41,
            "장기전세가율평균":74.2,
            "전세가율거품지수":27.79,
            "검색코드":8320,
            "세대수":81.0,
            "준공년월":"1997-06-09",
            "준공년차":26.0,
            "가까운역이름":"북수원 (2028년 예정)",
            "가까운역거리":680.01,
            "역세권여부":"준역세권",
            "30분이내주요거점역":1,
            "30분거점역이름":"['수원']",
            "1시간이내주요거점역":9,
            "1시간거점역이름":"['강남', '역삼', '양재', '수원시청', '평촌', '수원', '구로디지털단지', '명동', 'GTX용인(2023년)']",
            "3km이내백화점수":0,
            "5km이내아울렛몰수":0,
            "1km이내대형먀트수":1,
            "500m이내은행수":0,
            "500m이내병원수":7,
            "5km이내대형병원수":3,
            "500m이내공원수":2,
            "3km이내혐오시설수":0,
            "초등학교학업성취도":90.0,
            "중학교학업성취도":78.4,
            "용적률":0,
            "건폐율":0,
            "Y":37.31038,
            "X":126.99648,
            "rank":89.0,
            "area_info":"24평(80.08), 33평(110.91), 33평(111.0)",
            "last_sales":"2021-08-07,38500.0,33평(111.0)",
            "rank_history":[
                [
                    "202203",
                    89
                ],
                [
                    "202202",
                    9999
                ]
            ],
            "rank_gap":9999
        },
        {
            "index":220,
            "아파트명":"꽃뫼노을마을한마루",
            "투자타입":"일반",
            "전용면적(m2)":"52.87",
            "전용면적(평)":"15평",
            "법정동주소":"경기도 수원시 장안구 정자동 881-4",
            "도로명주소":"경기도 수원시 장안구 덕영대로639번길 63",
            "세대수":0,
            "입주년차":20,
            "용적률점수":"--",
            "건폐율점수":"--",
            "세대당주차수":30,
            "난방방식":100,
            "공급면적":"--",
            "전용률":"--",
            "욕실수":50,
            "현관타입":10,
            "주거총점":24.5,
            "지역구공급총점":0.0,
            "역세권":50,
            "30분내 이동가능 거점":0,
            "1시간내 이동가능 거점":70,
            "교통총점":39.0,
            "백화점":0,
            "아울렛몰":80,
            "대형마트":100,
            "은행":0,
            "병원":10,
            "종합병원":100,
            "공원":100,
            "혐오시설":0,
            "인프라총점":47.0,
            "초등학군":90.46,
            "중학군":51.38,
            "학군총점":59.196,
            "인구수":31.14,
            "인구증감":-0.27,
            "인구총점":21.717,
            "일자리":14.6,
            "소득수준":100.0,
            "일자리총점":40.22,
            "가치 총점":41.5294,
            "매매실거래년":20211012.0,
            "매매실거래가":31500.0,
            "전세실거래년":20211229.0,
            "전세실거래가":13000.0,
            "전세가율":41.27,
            "장기전세가율평균":74.2,
            "전세가율거품지수":32.93,
            "검색코드":13369,
            "세대수":291.0,
            "준공년월":"2000-10-26",
            "준공년차":23.0,
            "가까운역이름":"화서",
            "가까운역거리":832.83,
            "역세권여부":"준역세권",
            "30분이내주요거점역":0,
            "30분거점역이름":"[]",
            "1시간이내주요거점역":7,
            "1시간거점역이름":"['강남', '수원시청', '평촌', '가산디지털단지', '수원', '안산', 'GTX용인(2023년)']",
            "3km이내백화점수":0,
            "5km이내아울렛몰수":1,
            "1km이내대형먀트수":2,
            "500m이내은행수":0,
            "500m이내병원수":2,
            "5km이내대형병원수":4,
            "500m이내공원수":7,
            "3km이내혐오시설수":0,
            "초등학교학업성취도":90.46,
            "중학교학업성취도":84.9,
            "용적률":220,
            "건폐율":18,
            "Y":37.29147,
            "X":126.9889,
            "rank":90.0,
            "area_info":"15평(52.87), 24평(79.63), 24평(79.63)",
            "last_sales":"2021-10-12,31500.0,15평(52.87)",
            "rank_history":[
                [
                    "202203",
                    90
                ],
                [
                    "202202",
                    44
                ],
                [
                    "202201",
                    47
                ]
            ],
            "rank_gap":-46
        },
        {
            "index":236,
            "아파트명":"동신2차",
            "투자타입":"재건축",
            "전용면적(m2)":"57.21",
            "전용면적(평)":"17평",
            "법정동주소":"경기도 수원시 장안구 정자동 395-3",
            "도로명주소":"경기도 수원시 장안구 장안로 211",
            "세대수":100,
            "입주년차":"--",
            "용적률점수":0,
            "건폐율점수":100,
            "세대당주차수":"--",
            "난방방식":"--",
            "공급면적":50,
            "전용률":60,
            "욕실수":"--",
            "현관타입":"--",
            "주거총점":55.5,
            "지역구공급총점":0.0,
            "역세권":0,
            "30분내 이동가능 거점":0,
            "1시간내 이동가능 거점":90,
            "교통총점":18.0,
            "백화점":0,
            "아울렛몰":80,
            "대형마트":80,
            "은행":0,
            "병원":60,
            "종합병원":100,
            "공원":80,
            "혐오시설":0,
            "인프라총점":48.4,
            "초등학군":89.97,
            "중학군":54.92,
            "학군총점":61.93,
            "인구수":31.14,
            "인구증감":-0.27,
            "인구총점":21.717,
            "일자리":14.6,
            "소득수준":100.0,
            "일자리총점":40.22,
            "가치 총점":41.2095,
            "매매실거래년":20220211.0,
            "매매실거래가":34800.0,
            "전세실거래년":20220222.0,
            "전세실거래가":18000.0,
            "전세가율":72.0,
            "장기전세가율평균":74.2,
            "전세가율거품지수":2.2,
            "검색코드":17267,
            "세대수":1992.0,
            "준공년월":"1988-05-30",
            "준공년차":35.0,
            "가까운역이름":"북수원 (2028년 예정)",
            "가까운역거리":1277.59,
            "역세권여부":"비역세권",
            "30분이내주요거점역":0,
            "30분거점역이름":"[]",
            "1시간이내주요거점역":9,
            "1시간거점역이름":"['강남', '역삼', '판교', '양재', '수원시청', '평촌', '가산디지털단지', '수원', 'GTX성남(2023년)']",
            "3km이내백화점수":0,
            "5km이내아울렛몰수":1,
            "1km이내대형먀트수":1,
            "500m이내은행수":0,
            "500m이내병원수":11,
            "5km이내대형병원수":3,
            "500m이내공원수":1,
            "3km이내혐오시설수":0,
            "초등학교학업성취도":89.97,
            "중학교학업성취도":90.0,
            "용적률":232,
            "건폐율":16,
            "Y":37.300924,
            "X":126.993153,
            "rank":91.0,
            "area_info":"17평(57.21), 19평(63.84), 23평(78.68), 25평(84.16), 27평(92.23), 34평(112.45)",
            "last_sales":"2022-02-11,34800.0,23평(78.68)",
            "rank_history":[
                [
                    "202203",
                    91
                ],
                [
                    "202202",
                    43
                ],
                [
                    "202201",
                    41
                ]
            ],
            "rank_gap":-48
        },
        {
            "index":323,
            "아파트명":"정자희성연인2차",
            "투자타입":"일반",
            "전용면적(m2)":"80.05",
            "전용면적(평)":"24평",
            "법정동주소":"경기도 수원시 장안구 정자동 69-2",
            "도로명주소":"경기도 수원시 장안구 영화로85번길 21",
            "세대수":0,
            "입주년차":60,
            "용적률점수":"--",
            "건폐율점수":"--",
            "세대당주차수":30,
            "난방방식":30,
            "공급면적":"--",
            "전용률":"--",
            "욕실수":100,
            "현관타입":100,
            "주거총점":39.5,
            "지역구공급총점":0.0,
            "역세권":50,
            "30분내 이동가능 거점":20,
            "1시간내 이동가능 거점":50,
            "교통총점":41.0,
            "백화점":0,
            "아울렛몰":100,
            "대형마트":0,
            "은행":0,
            "병원":60,
            "종합병원":100,
            "공원":100,
            "혐오시설":0,
            "인프라총점":39.0,
            "초등학군":89.99,
            "중학군":37.02,
            "학군총점":47.614,
            "인구수":31.14,
            "인구증감":-0.27,
            "인구총점":21.717,
            "일자리":14.6,
            "소득수준":100.0,
            "일자리총점":40.22,
            "가치 총점":41.0921,
            "매매실거래년":20210823.0,
            "매매실거래가":42700.0,
            "전세실거래년":20211211.0,
            "전세실거래가":26000.0,
            "전세가율":130.0,
            "장기전세가율평균":74.2,
            "전세가율거품지수":-55.8,
            "검색코드":100050,
            "세대수":84.0,
            "준공년월":"2009-04-24",
            "준공년차":14.0,
            "가까운역이름":"동수원 (2028년 예정)",
            "가까운역거리":502.84,
            "역세권여부":"준역세권",
            "30분이내주요거점역":1,
            "30분거점역이름":"['수원']",
            "1시간이내주요거점역":5,
            "1시간거점역이름":"['강남', '수원시청', '가산디지털단지', '수원', 'GTX용인(2023년)']",
            "3km이내백화점수":0,
            "5km이내아울렛몰수":2,
            "1km이내대형먀트수":0,
            "500m이내은행수":0,
            "500m이내병원수":25,
            "5km이내대형병원수":4,
            "500m이내공원수":2,
            "3km이내혐오시설수":0,
            "초등학교학업성취도":89.99,
            "중학교학업성취도":61.7,
            "용적률":198,
            "건폐율":18,
            "Y":37.293414,
            "X":127.004777,
            "rank":92.0,
            "area_info":"24평(80.05), 24평(80.05), 34평(113.49)",
            "last_sales":"2021-08-23,42700.0,34평(113.49)",
            "rank_history":[
                [
                    "202203",
                    92
                ],
                [
                    "202202",
                    9999
                ]
            ],
            "rank_gap":9999
        },
        {
            "index":217,
            "아파트명":"꽃뫼노을마을신안",
            "투자타입":"일반",
            "전용면적(m2)":"96.12",
            "전용면적(평)":"29평",
            "법정동주소":"경기도 수원시 장안구 정자동 883-6",
            "도로명주소":"경기도 수원시 장안구 대평로51번길 22",
            "세대수":30,
            "입주년차":20,
            "용적률점수":"--",
            "건폐율점수":"--",
            "세대당주차수":30,
            "난방방식":100,
            "공급면적":"--",
            "전용률":"--",
            "욕실수":100,
            "현관타입":100,
            "주거총점":49.0,
            "지역구공급총점":0.0,
            "역세권":0,
            "30분내 이동가능 거점":0,
            "1시간내 이동가능 거점":60,
            "교통총점":12.0,
            "백화점":0,
            "아울렛몰":80,
            "대형마트":100,
            "은행":70,
            "병원":60,
            "종합병원":100,
            "공원":100,
            "혐오시설":0,
            "인프라총점":59.0,
            "초등학군":89.98,
            "중학군":51.38,
            "학군총점":59.1,
            "인구수":31.14,
            "인구증감":-0.27,
            "인구총점":21.717,
            "일자리":14.6,
            "소득수준":100.0,
            "일자리총점":40.22,
            "가치 총점":40.565,
            "매매실거래년":20210914.0,
            "매매실거래가":66500.0,
            "전세실거래년":20220207.0,
            "전세실거래가":35000.0,
            "전세가율":53.85,
            "장기전세가율평균":74.2,
            "전세가율거품지수":20.35,
            "검색코드":2708,
            "세대수":358.0,
            "준공년월":"1999-10-01",
            "준공년차":24.0,
            "가까운역이름":"화서",
            "가까운역거리":1068.34,
            "역세권여부":"비역세권",
            "30분이내주요거점역":0,
            "30분거점역이름":"[]",
            "1시간이내주요거점역":6,
            "1시간거점역이름":"['강남', '역삼', '판교', '수원시청', '가산디지털단지', '수원']",
            "3km이내백화점수":0,
            "5km이내아울렛몰수":1,
            "1km이내대형먀트수":2,
            "500m이내은행수":3,
            "500m이내병원수":27,
            "5km이내대형병원수":4,
            "500m이내공원수":5,
            "3km이내혐오시설수":0,
            "초등학교학업성취도":89.98,
            "중학교학업성취도":84.9,
            "용적률":229,
            "건폐율":19,
            "Y":37.2932,
            "X":126.9931,
            "rank":93.0,
            "area_info":"29평(96.12), 33평(110.21)",
            "last_sales":"2021-09-14,66500.0,33평(110.21)",
            "rank_history":[
                [
                    "202203",
                    93
                ],
                [
                    "202202",
                    42
                ],
                [
                    "202201",
                    65
                ]
            ],
            "rank_gap":-51
        },
        {
            "index":109,
            "아파트명":"건우",
            "투자타입":"재건축",
            "전용면적(m2)":"61.97",
            "전용면적(평)":"18평",
            "법정동주소":"경기도 수원시 장안구 율전동 168-68",
            "도로명주소":"경기도 수원시 장안구 덕영대로381번길 71",
            "세대수":0,
            "입주년차":"--",
            "용적률점수":0,
            "건폐율점수":0,
            "세대당주차수":"--",
            "난방방식":"--",
            "공급면적":50,
            "전용률":40,
            "욕실수":"--",
            "현관타입":"--",
            "주거총점":4.5,
            "지역구공급총점":0.0,
            "역세권":80,
            "30분내 이동가능 거점":40,
            "1시간내 이동가능 거점":60,
            "교통총점":64.0,
            "백화점":0,
            "아울렛몰":0,
            "대형마트":0,
            "은행":0,
            "병원":60,
            "종합병원":100,
            "공원":100,
            "혐오시설":0,
            "인프라총점":29.0,
            "초등학군":89.98,
            "중학군":45.86,
            "학군총점":54.684,
            "인구수":31.14,
            "인구증감":-0.27,
            "인구총점":21.717,
            "일자리":14.6,
            "소득수준":100.0,
            "일자리총점":40.22,
            "가치 총점":40.2026,
            "매매실거래년":20220120.0,
            "매매실거래가":15500.0,
            "전세실거래년":20210130.0,
            "전세실거래가":10000.0,
            "전세가율":71.43,
            "장기전세가율평균":74.2,
            "전세가율거품지수":2.77,
            "검색코드":17266,
            "세대수":65.0,
            "준공년월":"1987-06-17",
            "준공년차":36.0,
            "가까운역이름":"성균관대",
            "가까운역거리":415.21,
            "역세권여부":"역세권",
            "30분이내주요거점역":2,
            "30분거점역이름":"['평촌', '수원']",
            "1시간이내주요거점역":6,
            "1시간거점역이름":"['수원시청', '평촌', '가산디지털단지', '수원', '구로디지털단지', 'GTX용인(2023년)']",
            "3km이내백화점수":0,
            "5km이내아울렛몰수":0,
            "1km이내대형먀트수":0,
            "500m이내은행수":1,
            "500m이내병원수":14,
            "5km이내대형병원수":2,
            "500m이내공원수":3,
            "3km이내혐오시설수":0,
            "초등학교학업성취도":89.98,
            "중학교학업성취도":76.1,
            "용적률":0,
            "건폐율":0,
            "Y":37.302557,
            "X":126.967255,
            "rank":94.0,
            "area_info":"18평(61.97), 18평(61.73), 19평(63.26), 19평(63.77)",
            "last_sales":"2022-01-20,15500.0,18평(61.73)",
            "rank_history":[
                [
                    "202203",
                    94
                ],
                [
                    "202202",
                    9999
                ]
            ],
            "rank_gap":9999
        },
        {
            "index":252,
            "아파트명":"백설에듀빌",
            "투자타입":"일반",
            "전용면적(m2)":"111.77",
            "전용면적(평)":"33평",
            "법정동주소":"경기도 수원시 장안구 정자동 871-4",
            "도로명주소":"경기도 수원시 장안구 대평로89번길 32",
            "세대수":30,
            "입주년차":20,
            "용적률점수":"--",
            "건폐율점수":"--",
            "세대당주차수":0,
            "난방방식":100,
            "공급면적":"--",
            "전용률":"--",
            "욕실수":100,
            "현관타입":100,
            "주거총점":44.5,
            "지역구공급총점":0.0,
            "역세권":0,
            "30분내 이동가능 거점":0,
            "1시간내 이동가능 거점":60,
            "교통총점":12.0,
            "백화점":0,
            "아울렛몰":80,
            "대형마트":100,
            "은행":70,
            "병원":60,
            "종합병원":100,
            "공원":100,
            "혐오시설":0,
            "인프라총점":59.0,
            "초등학군":90.03,
            "중학군":54.92,
            "학군총점":61.942,
            "인구수":31.14,
            "인구증감":-0.27,
            "인구총점":21.717,
            "일자리":14.6,
            "소득수준":100.0,
            "일자리총점":40.22,
            "가치 총점":40.0913,
            "매매실거래년":20211019.0,
            "매매실거래가":69000.0,
            "전세실거래년":20220122.0,
            "전세실거래가":34125.0,
            "전세가율":49.46,
            "장기전세가율평균":74.2,
            "전세가율거품지수":24.74,
            "검색코드":3641,
            "세대수":348.0,
            "준공년월":"2001-08-06",
            "준공년차":22.0,
            "가까운역이름":"화서",
            "가까운역거리":1371.02,
            "역세권여부":"비역세권",
            "30분이내주요거점역":0,
            "30분거점역이름":"[]",
            "1시간이내주요거점역":6,
            "1시간거점역이름":"['강남', '판교', '양재', '수원시청', '가산디지털단지', '수원']",
            "3km이내백화점수":0,
            "5km이내아울렛몰수":1,
            "1km이내대형먀트수":2,
            "500m이내은행수":3,
            "500m이내병원수":29,
            "5km이내대형병원수":4,
            "500m이내공원수":9,
            "3km이내혐오시설수":0,
            "초등학교학업성취도":90.03,
            "중학교학업성취도":90.0,
            "용적률":224,
            "건폐율":15,
            "Y":37.296291,
            "X":126.990868,
            "rank":95.0,
            "area_info":"33평(111.77), 33평(111.73)",
            "last_sales":"2021-10-19,69000.0,33평(111.77)",
            "rank_history":[
                [
                    "202203",
                    95
                ],
                [
                    "202202",
                    41
                ],
                [
                    "202201",
                    40
                ]
            ],
            "rank_gap":-54
        },
        {
            "index":446,
            "아파트명":"현대",
            "투자타입":"일반",
            "전용면적(m2)":"65.92",
            "전용면적(평)":"19평",
            "법정동주소":"경기도 수원시 장안구 천천동 566",
            "도로명주소":"경기도 수원시 장안구 하률로46번길 17",
            "세대수":50,
            "입주년차":0,
            "용적률점수":"--",
            "건폐율점수":"--",
            "세대당주차수":30,
            "난방방식":100,
            "공급면적":"--",
            "전용률":"--",
            "욕실수":50,
            "현관타입":100,
            "주거총점":47.0,
            "지역구공급총점":0.0,
            "역세권":50,
            "30분내 이동가능 거점":0,
            "1시간내 이동가능 거점":50,
            "교통총점":35.0,
            "백화점":0,
            "아울렛몰":80,
            "대형마트":80,
            "은행":0,
            "병원":10,
            "종합병원":100,
            "공원":100,
            "혐오시설":0,
            "인프라총점":44.0,
            "초등학군":89.99,
            "중학군":21.12,
            "학군총점":34.894,
            "인구수":31.14,
            "인구증감":-0.27,
            "인구총점":21.717,
            "일자리":14.6,
            "소득수준":100.0,
            "일자리총점":40.22,
            "가치 총점":40.0841,
            "매매실거래년":20211221.0,
            "매매실거래가":47500.0,
            "전세실거래년":20211201.0,
            "전세실거래가":18900.0,
            "전세가율":63.64,
            "장기전세가율평균":74.2,
            "전세가율거품지수":10.56,
            "검색코드":1830,
            "세대수":594.0,
            "준공년월":"1997-11-28",
            "준공년차":26.0,
            "가까운역이름":"성균관대",
            "가까운역거리":746.9,
            "역세권여부":"준역세권",
            "30분이내주요거점역":0,
            "30분거점역이름":"[]",
            "1시간이내주요거점역":5,
            "1시간거점역이름":"['강남', '수원시청', '평촌', '가산디지털단지', '수원']",
            "3km이내백화점수":0,
            "5km이내아울렛몰수":1,
            "1km이내대형먀트수":1,
            "500m이내은행수":1,
            "500m이내병원수":3,
            "5km이내대형병원수":2,
            "500m이내공원수":6,
            "3km이내혐오시설수":0,
            "초등학교학업성취도":89.99,
            "중학교학업성취도":35.2,
            "용적률":219,
            "건폐율":21,
            "Y":37.30246,
            "X":126.97903,
            "rank":96.0,
            "area_info":"19평(65.92), 23평(78.33)",
            "last_sales":"2021-12-21,47500.0,23평(78.33)",
            "rank_history":[
                [
                    "202203",
                    96
                ],
                [
                    "202202",
                    35
                ],
                [
                    "202201",
                    34
                ]
            ],
            "rank_gap":-61
        },
        {
            "index":120,
            "아파트명":"벽산블루밍",
            "투자타입":"일반",
            "전용면적(m2)":"105.94",
            "전용면적(평)":"32평",
            "법정동주소":"경기도 수원시 장안구 율전동 543",
            "도로명주소":"경기도 수원시 장안구 덕영대로407번길 63-27",
            "세대수":30,
            "입주년차":40,
            "용적률점수":"--",
            "건폐율점수":"--",
            "세대당주차수":0,
            "난방방식":30,
            "공급면적":"--",
            "전용률":"--",
            "욕실수":100,
            "현관타입":100,
            "주거총점":41.5,
            "지역구공급총점":0.0,
            "역세권":50,
            "30분내 이동가능 거점":20,
            "1시간내 이동가능 거점":70,
            "교통총점":45.0,
            "백화점":0,
            "아울렛몰":0,
            "대형마트":0,
            "은행":0,
            "병원":30,
            "종합병원":100,
            "공원":80,
            "혐오시설":0,
            "인프라총점":25.4,
            "초등학군":89.98,
            "중학군":45.86,
            "학군총점":54.684,
            "인구수":31.14,
            "인구증감":-0.27,
            "인구총점":21.717,
            "일자리":14.6,
            "소득수준":100.0,
            "일자리총점":40.22,
            "가치 총점":39.8726,
            "매매실거래년":20211206.0,
            "매매실거래가":44000.0,
            "전세실거래년":20220219.0,
            "전세실거래가":25500.0,
            "전세가율":57.95,
            "장기전세가율평균":74.2,
            "전세가율거품지수":16.25,
            "검색코드":10732,
            "세대수":318.0,
            "준공년월":"2005-04-29",
            "준공년차":18.0,
            "가까운역이름":"성균관대",
            "가까운역거리":613.51,
            "역세권여부":"준역세권",
            "30분이내주요거점역":1,
            "30분거점역이름":"['수원']",
            "1시간이내주요거점역":7,
            "1시간거점역이름":"['수원시청', '평촌', '가산디지털단지', '수원', '구로디지털단지', '안산', 'GTX용인(2023년)']",
            "3km이내백화점수":0,
            "5km이내아울렛몰수":0,
            "1km이내대형먀트수":0,
            "500m이내은행수":0,
            "500m이내병원수":6,
            "5km이내대형병원수":2,
            "500m이내공원수":1,
            "3km이내혐오시설수":0,
            "초등학교학업성취도":89.98,
            "중학교학업성취도":76.1,
            "용적률":233,
            "건폐율":15,
            "Y":37.304423,
            "X":126.966372,
            "rank":97.0,
            "area_info":"32평(105.94), 32평(106.41)",
            "last_sales":"2021-12-06,44000.0,32평(105.94)",
            "rank_history":[
                [
                    "202203",
                    97
                ],
                [
                    "202202",
                    21
                ],
                [
                    "202201",
                    22
                ]
            ],
            "rank_gap":-76
        },
        {
            "index":138,
            "아파트명":"성균관대역서희스타힐스2단지",
            "투자타입":"일반",
            "전용면적(m2)":"97.14",
            "전용면적(평)":"29평",
            "법정동주소":"경기도 수원시 장안구 율전동 562",
            "도로명주소":"경기도 수원시 장안구 덕영대로407번길 80",
            "세대수":0,
            "입주년차":60,
            "용적률점수":"--",
            "건폐율점수":"--",
            "세대당주차수":30,
            "난방방식":30,
            "공급면적":"--",
            "전용률":"--",
            "욕실수":100,
            "현관타입":100,
            "주거총점":39.5,
            "지역구공급총점":0.0,
            "역세권":50,
            "30분내 이동가능 거점":20,
            "1시간내 이동가능 거점":70,
            "교통총점":45.0,
            "백화점":0,
            "아울렛몰":0,
            "대형마트":0,
            "은행":0,
            "병원":30,
            "종합병원":100,
            "공원":100,
            "혐오시설":0,
            "인프라총점":26.0,
            "초등학군":89.98,
            "중학군":45.86,
            "학군총점":54.684,
            "인구수":31.14,
            "인구증감":-0.27,
            "인구총점":21.717,
            "일자리":14.6,
            "소득수준":100.0,
            "일자리총점":40.22,
            "가치 총점":39.6526,
            "매매실거래년":20210118.0,
            "매매실거래가":35000.0,
            "전세실거래년":20131207.0,
            "전세실거래가":22000.0,
            "전세가율":76.39,
            "장기전세가율평균":74.2,
            "전세가율거품지수":-2.19,
            "검색코드":26851,
            "세대수":72.0,
            "준공년월":"2011-12-15",
            "준공년차":12.0,
            "가까운역이름":"성균관대",
            "가까운역거리":602.17,
            "역세권여부":"준역세권",
            "30분이내주요거점역":1,
            "30분거점역이름":"['수원']",
            "1시간이내주요거점역":7,
            "1시간거점역이름":"['수원시청', '평촌', '가산디지털단지', '수원', '구로디지털단지', '안산', 'GTX용인(2023년)']",
            "3km이내백화점수":0,
            "5km이내아울렛몰수":0,
            "1km이내대형먀트수":0,
            "500m이내은행수":0,
            "500m이내병원수":7,
            "5km이내대형병원수":2,
            "500m이내공원수":2,
            "3km이내혐오시설수":0,
            "초등학교학업성취도":89.98,
            "중학교학업성취도":76.1,
            "용적률":185,
            "건폐율":28,
            "Y":37.304882,
            "X":126.967336,
            "rank":98.0,
            "area_info":"29평(97.14), 32평(107.48), 33평(111.63), 33평(111.14), 33평(112.08), 48평(159.05), 49평(163.26), 49평(164.96)",
            "last_sales":"2021-01-18,35000.0,33평(112.08)",
            "rank_history":[
                [
                    "202203",
                    98
                ],
                [
                    "202202",
                    9999
                ]
            ],
            "rank_gap":9999
        },
        {
            "index":127,
            "아파트명":"서희스타힐스3단지",
            "투자타입":"일반",
            "전용면적(m2)":"82.22",
            "전용면적(평)":"24평",
            "법정동주소":"경기도 수원시 장안구 율전동 560",
            "도로명주소":"경기도 수원시 장안구 덕영대로407번길 83",
            "세대수":0,
            "입주년차":60,
            "용적률점수":"--",
            "건폐율점수":"--",
            "세대당주차수":30,
            "난방방식":30,
            "공급면적":"--",
            "전용률":"--",
            "욕실수":100,
            "현관타입":100,
            "주거총점":39.5,
            "지역구공급총점":0.0,
            "역세권":50,
            "30분내 이동가능 거점":20,
            "1시간내 이동가능 거점":70,
            "교통총점":45.0,
            "백화점":0,
            "아울렛몰":0,
            "대형마트":0,
            "은행":0,
            "병원":30,
            "종합병원":100,
            "공원":100,
            "혐오시설":0,
            "인프라총점":26.0,
            "초등학군":89.98,
            "중학군":45.86,
            "학군총점":54.684,
            "인구수":31.14,
            "인구증감":-0.27,
            "인구총점":21.717,
            "일자리":14.6,
            "소득수준":100.0,
            "일자리총점":40.22,
            "가치 총점":39.6526,
            "매매실거래년":20211004.0,
            "매매실거래가":50700.0,
            "전세실거래년":20211223.0,
            "전세실거래가":24000.0,
            "전세가율":68.57,
            "장기전세가율평균":74.2,
            "전세가율거품지수":5.63,
            "검색코드":27243,
            "세대수":180.0,
            "준공년월":"2010-12-24",
            "준공년차":13.0,
            "가까운역이름":"성균관대",
            "가까운역거리":591.06,
            "역세권여부":"준역세권",
            "30분이내주요거점역":1,
            "30분거점역이름":"['수원']",
            "1시간이내주요거점역":7,
            "1시간거점역이름":"['수원시청', '평촌', '가산디지털단지', '수원', '구로디지털단지', '안산', 'GTX용인(2023년)']",
            "3km이내백화점수":0,
            "5km이내아울렛몰수":0,
            "1km이내대형먀트수":0,
            "500m이내은행수":0,
            "500m이내병원수":6,
            "5km이내대형병원수":2,
            "500m이내공원수":2,
            "3km이내혐오시설수":0,
            "초등학교학업성취도":89.98,
            "중학교학업성취도":76.1,
            "용적률":247,
            "건폐율":24,
            "Y":37.304527,
            "X":126.966923,
            "rank":98.0,
            "area_info":"24평(82.22), 25평(84.47), 35평(116.24)",
            "last_sales":"2021-10-04,50700.0,35평(116.24)",
            "rank_history":[
                [
                    "202203",
                    98
                ],
                [
                    "202202",
                    22
                ],
                [
                    "202201",
                    23
                ]
            ],
            "rank_gap":-76
        },
        {
            "index":183,
            "아파트명":"수원장안STX-KAN2단지",
            "투자타입":"일반",
            "전용면적(m2)":"85.94",
            "전용면적(평)":"25평",
            "법정동주소":"경기도 수원시 장안구 이목동 917",
            "도로명주소":"경기도 수원시 장안구 장안로385번길 95",
            "세대수":0,
            "입주년차":60,
            "용적률점수":"--",
            "건폐율점수":"--",
            "세대당주차수":30,
            "난방방식":100,
            "공급면적":"--",
            "전용률":"--",
            "욕실수":100,
            "현관타입":100,
            "주거총점":46.5,
            "지역구공급총점":0.0,
            "역세권":50,
            "30분내 이동가능 거점":0,
            "1시간내 이동가능 거점":100,
            "교통총점":45.0,
            "백화점":0,
            "아울렛몰":0,
            "대형마트":0,
            "은행":0,
            "병원":0,
            "종합병원":80,
            "공원":100,
            "혐오시설":0,
            "인프라총점":19.0,
            "초등학군":89.98,
            "중학군":51.52,
            "학군총점":59.212,
            "인구수":31.14,
            "인구증감":-0.27,
            "인구총점":21.717,
            "일자리":14.6,
            "소득수준":100.0,
            "일자리총점":40.22,
            "가치 총점":39.6318,
            "매매실거래년":20211019.0,
            "매매실거래가":59500.0,
            "전세실거래년":20210925.0,
            "전세실거래가":40000.0,
            "전세가율":67.23,
            "장기전세가율평균":74.2,
            "전세가율거품지수":6.97,
            "검색코드":102502,
            "세대수":213.0,
            "준공년월":"2013-02-28",
            "준공년차":10.0,
            "가까운역이름":"북수원 (2028년 예정)",
            "가까운역거리":695.57,
            "역세권여부":"준역세권",
            "30분이내주요거점역":0,
            "30분거점역이름":"[]",
            "1시간이내주요거점역":11,
            "1시간거점역이름":"['강남', '역삼', '잠실', '판교', '양재', '수원시청', '평촌', '가산디지털단지', '수원', '구로디지털단지', '명동']",
            "3km이내백화점수":0,
            "5km이내아울렛몰수":0,
            "1km이내대형먀트수":0,
            "500m이내은행수":0,
            "500m이내병원수":0,
            "5km이내대형병원수":1,
            "500m이내공원수":4,
            "3km이내혐오시설수":0,
            "초등학교학업성취도":89.98,
            "중학교학업성취도":83.0,
            "용적률":202,
            "건폐율":15,
            "Y":37.313972,
            "X":126.981607,
            "rank":99.0,
            "area_info":"25평(85.94), 25평(85.94), 33평(112.19), 33평(112.17)",
            "last_sales":"2021-10-19,59500.0,25평(85.94)",
            "rank_history":[
                [
                    "202203",
                    99
                ],
                [
                    "202202",
                    86
                ],
                [
                    "202201",
                    83
                ]
            ],
            "rank_gap":-13
        },
        {
            "index":309,
            "아파트명":"연꽃마을벽산",
            "투자타입":"일반",
            "전용면적(m2)":"109.06",
            "전용면적(평)":"32평",
            "법정동주소":"경기도 수원시 장안구 정자동 873-3",
            "도로명주소":"경기도 수원시 장안구 정자천로189번길 40",
            "세대수":30,
            "입주년차":20,
            "용적률점수":"--",
            "건폐율점수":"--",
            "세대당주차수":30,
            "난방방식":100,
            "공급면적":"--",
            "전용률":"--",
            "욕실수":100,
            "현관타입":100,
            "주거총점":49.0,
            "지역구공급총점":0.0,
            "역세권":0,
            "30분내 이동가능 거점":20,
            "1시간내 이동가능 거점":60,
            "교통총점":18.0,
            "백화점":0,
            "아울렛몰":80,
            "대형마트":0,
            "은행":70,
            "병원":80,
            "종합병원":100,
            "공원":100,
            "혐오시설":0,
            "인프라총점":46.0,
            "초등학군":89.97,
            "중학군":54.92,
            "학군총점":61.93,
            "인구수":31.14,
            "인구증감":-0.27,
            "인구총점":21.717,
            "일자리":14.6,
            "소득수준":100.0,
            "일자리총점":40.22,
            "가치 총점":39.1895,
            "매매실거래년":20210915.0,
            "매매실거래가":60000.0,
            "전세실거래년":20220209.0,
            "전세실거래가":31500.0,
            "전세가율":52.5,
            "장기전세가율평균":74.2,
            "전세가율거품지수":21.7,
            "검색코드":7976,
            "세대수":392.0,
            "준공년월":"2000-06-30",
            "준공년차":23.0,
            "가까운역이름":"장안구청 (2028년 예정)",
            "가까운역거리":1295.74,
            "역세권여부":"비역세권",
            "30분이내주요거점역":1,
            "30분거점역이름":"['수원']",
            "1시간이내주요거점역":6,
            "1시간거점역이름":"['강남', '역삼', '수원시청', '평촌', '가산디지털단지', '수원']",
            "3km이내백화점수":0,
            "5km이내아울렛몰수":1,
            "1km이내대형먀트수":0,
            "500m이내은행수":3,
            "500m이내병원수":35,
            "5km이내대형병원수":3,
            "500m이내공원수":3,
            "3km이내혐오시설수":0,
            "초등학교학업성취도":89.97,
            "중학교학업성취도":90.0,
            "용적률":229,
            "건폐율":17,
            "Y":37.298844,
            "X":126.995493,
            "rank":100.0,
            "area_info":"32평(109.06)",
            "last_sales":"2021-09-15,60000.0,32평(109.06)",
            "rank_history":[
                [
                    "202203",
                    100
                ],
                [
                    "202202",
                    51
                ],
                [
                    "202201",
                    50
                ]
            ],
            "rank_gap":-49
        },
        {
            "index":215,
            "아파트명":"꽃뫼노을마을대동",
            "투자타입":"일반",
            "전용면적(m2)":"81.43",
            "전용면적(평)":"24평",
            "법정동주소":"경기도 수원시 장안구 정자동 888-2",
            "도로명주소":"경기도 수원시 장안구 대평로39번길 8",
            "세대수":0,
            "입주년차":20,
            "용적률점수":"--",
            "건폐율점수":"--",
            "세대당주차수":30,
            "난방방식":100,
            "공급면적":"--",
            "전용률":"--",
            "욕실수":100,
            "현관타입":100,
            "주거총점":38.5,
            "지역구공급총점":0.0,
            "역세권":0,
            "30분내 이동가능 거점":0,
            "1시간내 이동가능 거점":80,
            "교통총점":16.0,
            "백화점":0,
            "아울렛몰":80,
            "대형마트":80,
            "은행":70,
            "병원":60,
            "종합병원":100,
            "공원":100,
            "혐오시설":0,
            "인프라총점":56.0,
            "초등학군":89.98,
            "중학군":51.38,
            "학군총점":59.1,
            "인구수":31.14,
            "인구증감":-0.27,
            "인구총점":21.717,
            "일자리":14.6,
            "소득수준":100.0,
            "일자리총점":40.22,
            "가치 총점":38.965,
            "매매실거래년":20211130.0,
            "매매실거래가":58000.0,
            "전세실거래년":20220211.0,
            "전세실거래가":24000.0,
            "전세가율":41.38,
            "장기전세가율평균":74.2,
            "전세가율거품지수":32.82,
            "검색코드":7973,
            "세대수":292.0,
            "준공년월":"2000-07-26",
            "준공년차":23.0,
            "가까운역이름":"화서",
            "가까운역거리":1015.47,
            "역세권여부":"비역세권",
            "30분이내주요거점역":0,
            "30분거점역이름":"[]",
            "1시간이내주요거점역":8,
            "1시간거점역이름":"['강남', '역삼', '수원시청', '평촌', '가산디지털단지', '수원', '구로디지털단지', 'GTX성남(2023년)']",
            "3km이내백화점수":0,
            "5km이내아울렛몰수":1,
            "1km이내대형먀트수":1,
            "500m이내은행수":3,
            "500m이내병원수":28,
            "5km이내대형병원수":5,
            "500m이내공원수":5,
            "3km이내혐오시설수":0,
            "초등학교학업성취도":89.98,
            "중학교학업성취도":84.9,
            "용적률":229,
            "건폐율":19,
            "Y":37.29239,
            "X":126.99415,
            "rank":101.0,
            "area_info":"24평(81.43), 24평(81.47)",
            "last_sales":"2021-11-30,58000.0,24평(81.43)",
            "rank_history":[
                [
                    "202203",
                    101
                ],
                [
                    "202202",
                    47
                ],
                [
                    "202201",
                    65
                ]
            ],
            "rank_gap":-54
        },
        {
            "index":173,
            "아파트명":"화남",
            "투자타입":"일반",
            "전용면적(m2)":"81.82",
            "전용면적(평)":"24평",
            "법정동주소":"경기도 수원시 장안구 율전동 334-13",
            "도로명주소":"경기도 수원시 장안구 화산로285번길 12",
            "세대수":0,
            "입주년차":0,
            "용적률점수":"--",
            "건폐율점수":"--",
            "세대당주차수":30,
            "난방방식":30,
            "공급면적":"--",
            "전용률":"--",
            "욕실수":50,
            "현관타입":100,
            "주거총점":22.5,
            "지역구공급총점":0.0,
            "역세권":50,
            "30분내 이동가능 거점":20,
            "1시간내 이동가능 거점":70,
            "교통총점":45.0,
            "백화점":0,
            "아울렛몰":80,
            "대형마트":0,
            "은행":0,
            "병원":30,
            "종합병원":100,
            "공원":100,
            "혐오시설":0,
            "인프라총점":34.0,
            "초등학군":90.0,
            "중학군":45.86,
            "학군총점":54.688,
            "인구수":31.14,
            "인구증감":-0.27,
            "인구총점":21.717,
            "일자리":14.6,
            "소득수준":100.0,
            "일자리총점":40.22,
            "가치 총점":38.6532,
            "매매실거래년":20210904.0,
            "매매실거래가":43000.0,
            "전세실거래년":20211122.0,
            "전세실거래가":25000.0,
            "전세가율":87.72,
            "장기전세가율평균":74.2,
            "전세가율거품지수":-13.52,
            "검색코드":1831,
            "세대수":200.0,
            "준공년월":"1997-12-24",
            "준공년차":26.0,
            "가까운역이름":"성균관대",
            "가까운역거리":581.31,
            "역세권여부":"준역세권",
            "30분이내주요거점역":1,
            "30분거점역이름":"['수원']",
            "1시간이내주요거점역":7,
            "1시간거점역이름":"['수원시청', '평촌', '가산디지털단지', '수원', '구로디지털단지', '안산', 'GTX용인(2023년)']",
            "3km이내백화점수":0,
            "5km이내아울렛몰수":1,
            "1km이내대형먀트수":0,
            "500m이내은행수":0,
            "500m이내병원수":5,
            "5km이내대형병원수":2,
            "500m이내공원수":3,
            "3km이내혐오시설수":0,
            "초등학교학업성취도":90.0,
            "중학교학업성취도":76.1,
            "용적률":293,
            "건폐율":20,
            "Y":37.30031,
            "X":126.96445,
            "rank":102.0,
            "area_info":"24평(81.82), 30평(99.81), 33평(109.35)",
            "last_sales":"2021-09-04,43000.0,33평(109.35)",
            "rank_history":[
                [
                    "202203",
                    102
                ],
                [
                    "202202",
                    45
                ],
                [
                    "202201",
                    42
                ]
            ],
            "rank_gap":-57
        },
        {
            "index":356,
            "아파트명":"화서역현대벽산",
            "투자타입":"일반",
            "전용면적(m2)":"79.28",
            "전용면적(평)":"23평",
            "법정동주소":"경기도 수원시 장안구 정자동 886-1",
            "도로명주소":"경기도 수원시 장안구 정자천로188번길 64",
            "세대수":80,
            "입주년차":20,
            "용적률점수":"--",
            "건폐율점수":"--",
            "세대당주차수":30,
            "난방방식":100,
            "공급면적":"--",
            "전용률":"--",
            "욕실수":50,
            "현관타입":100,
            "주거총점":61.5,
            "지역구공급총점":0.0,
            "역세권":0,
            "30분내 이동가능 거점":0,
            "1시간내 이동가능 거점":50,
            "교통총점":10.0,
            "백화점":0,
            "아울렛몰":80,
            "대형마트":0,
            "은행":70,
            "병원":80,
            "종합병원":100,
            "공원":100,
            "혐오시설":0,
            "인프라총점":46.0,
            "초등학군":89.98,
            "중학군":51.38,
            "학군총점":59.1,
            "인구수":31.14,
            "인구증감":-0.27,
            "인구총점":21.717,
            "일자리":14.6,
            "소득수준":100.0,
            "일자리총점":40.22,
            "가치 총점":38.465,
            "매매실거래년":20220224.0,
            "매매실거래가":47000.0,
            "전세실거래년":20220124.0,
            "전세실거래가":22050.0,
            "전세가율":46.91,
            "장기전세가율평균":74.2,
            "전세가율거품지수":27.29,
            "검색코드":7967,
            "세대수":792.0,
            "준공년월":"1999-08-03",
            "준공년차":24.0,
            "가까운역이름":"동수원 (2028년 예정)",
            "가까운역거리":1210.1,
            "역세권여부":"비역세권",
            "30분이내주요거점역":0,
            "30분거점역이름":"[]",
            "1시간이내주요거점역":5,
            "1시간거점역이름":"['강남', '역삼', '수원시청', '가산디지털단지', '수원']",
            "3km이내백화점수":0,
            "5km이내아울렛몰수":1,
            "1km이내대형먀트수":0,
            "500m이내은행수":3,
            "500m이내병원수":33,
            "5km이내대형병원수":5,
            "500m이내공원수":4,
            "3km이내혐오시설수":0,
            "초등학교학업성취도":89.98,
            "중학교학업성취도":84.9,
            "용적률":228,
            "건폐율":19,
            "Y":37.293467,
            "X":126.996782,
            "rank":103.0,
            "area_info":"23평(79.28), 23평(79.19), 23평(79.27)",
            "last_sales":"2022-02-24,47000.0,23평(79.28)",
            "rank_history":[
                [
                    "202203",
                    103
                ],
                [
                    "202202",
                    56
                ],
                [
                    "202201",
                    56
                ]
            ],
            "rank_gap":-47
        },
        {
            "index":78,
            "아파트명":"신미주",
            "투자타입":"일반",
            "전용면적(m2)":"85.08",
            "전용면적(평)":"25평",
            "법정동주소":"경기도 수원시 장안구 연무동 4-20",
            "도로명주소":"경기도 수원시 장안구 광교산로 148",
            "세대수":30,
            "입주년차":0,
            "용적률점수":"--",
            "건폐율점수":"--",
            "세대당주차수":0,
            "난방방식":30,
            "공급면적":"--",
            "전용률":"--",
            "욕실수":50,
            "현관타입":10,
            "주거총점":19.5,
            "지역구공급총점":0.0,
            "역세권":0,
            "30분내 이동가능 거점":20,
            "1시간내 이동가능 거점":100,
            "교통총점":26.0,
            "백화점":100,
            "아울렛몰":100,
            "대형마트":0,
            "은행":0,
            "병원":10,
            "종합병원":100,
            "공원":100,
            "혐오시설":0,
            "인프라총점":64.0,
            "초등학군":89.92,
            "중학군":27.78,
            "학군총점":40.208,
            "인구수":31.14,
            "인구증감":-0.27,
            "인구총점":21.717,
            "일자리":14.6,
            "소득수준":100.0,
            "일자리총점":40.22,
            "가치 총점":38.2312,
            "매매실거래년":20211202.0,
            "매매실거래가":29800.0,
            "전세실거래년":20220115.0,
            "전세실거래가":15750.0,
            "전세가율":52.85,
            "장기전세가율평균":74.2,
            "전세가율거품지수":21.35,
            "검색코드":2695,
            "세대수":300.0,
            "준공년월":"1997-12-24",
            "준공년차":26.0,
            "가까운역이름":"광교",
            "가까운역거리":1131.14,
            "역세권여부":"비역세권",
            "30분이내주요거점역":1,
            "30분거점역이름":"['수원']",
            "1시간이내주요거점역":10,
            "1시간거점역이름":"['강남', '역삼', '판교', '양재', '정자', '수원시청', '평촌', '수원', '서현', 'GTX성남(2023년)']",
            "3km이내백화점수":1,
            "5km이내아울렛몰수":2,
            "1km이내대형먀트수":0,
            "500m이내은행수":1,
            "500m이내병원수":3,
            "5km이내대형병원수":4,
            "500m이내공원수":2,
            "3km이내혐오시설수":0,
            "초등학교학업성취도":89.92,
            "중학교학업성취도":46.3,
            "용적률":358,
            "건폐율":20,
            "Y":37.300551,
            "X":127.031632,
            "rank":104.0,
            "area_info":"25평(85.08), 31평(105.66)",
            "last_sales":"2021-12-02,29800.0,25평(85.08)",
            "rank_history":[
                [
                    "202203",
                    104
                ],
                [
                    "202202",
                    65
                ],
                [
                    "202201",
                    60
                ]
            ],
            "rank_gap":-39
        },
        {
            "index":360,
            "아파트명":"희성연인",
            "투자타입":"일반",
            "전용면적(m2)":"75.25",
            "전용면적(평)":"22평",
            "법정동주소":"경기도 수원시 장안구 정자동 74-7",
            "도로명주소":"경기도 수원시 장안구 장안로75번길 62",
            "세대수":0,
            "입주년차":40,
            "용적률점수":"--",
            "건폐율점수":"--",
            "세대당주차수":0,
            "난방방식":30,
            "공급면적":"--",
            "전용률":"--",
            "욕실수":50,
            "현관타입":10,
            "주거총점":17.0,
            "지역구공급총점":0.0,
            "역세권":0,
            "30분내 이동가능 거점":20,
            "1시간내 이동가능 거점":60,
            "교통총점":18.0,
            "백화점":100,
            "아울렛몰":100,
            "대형마트":0,
            "은행":0,
            "병원":60,
            "종합병원":100,
            "공원":100,
            "혐오시설":0,
            "인프라총점":69.0,
            "초등학군":89.97,
            "중학군":41.94,
            "학군총점":51.546,
            "인구수":31.14,
            "인구증감":-0.27,
            "인구총점":21.717,
            "일자리":14.6,
            "소득수준":100.0,
            "일자리총점":40.22,
            "가치 총점":38.1319,
            "매매실거래년":20200624.0,
            "매매실거래가":32700.0,
            "전세실거래년":null,
            "전세실거래가":null,
            "전세가율":null,
            "장기전세가율평균":74.2,
            "전세가율거품지수":null,
            "검색코드":26624,
            "세대수":59.0,
            "준공년월":"2006-06-29",
            "준공년차":17.0,
            "가까운역이름":"동수원 (2028년 예정)",
            "가까운역거리":1029.64,
            "역세권여부":"비역세권",
            "30분이내주요거점역":1,
            "30분거점역이름":"['평촌']",
            "1시간이내주요거점역":6,
            "1시간거점역이름":"['수원시청', '평촌', '가산디지털단지', '홍대입구', '수원', '구로디지털단지']",
            "3km이내백화점수":2,
            "5km이내아울렛몰수":2,
            "1km이내대형먀트수":0,
            "500m이내은행수":0,
            "500m이내병원수":22,
            "5km이내대형병원수":5,
            "500m이내공원수":2,
            "3km이내혐오시설수":0,
            "초등학교학업성취도":89.97,
            "중학교학업성취도":69.9,
            "용적률":226,
            "건폐율":25,
            "Y":37.290273,
            "X":126.999509,
            "rank":105.0,
            "area_info":"22평(75.25), 24평(82.46), 27평(91.67), 32평(108.65), 32평(109.09)",
            "last_sales":"2020-06-24,32700.0,32평(109.09)",
            "rank_history":[
                [
                    "202203",
                    105
                ],
                [
                    "202202",
                    9999
                ]
            ],
            "rank_gap":9999
        },
        {
            "index":159,
            "아파트명":"장미5차",
            "투자타입":"재건축",
            "전용면적(m2)":"54.15",
            "전용면적(평)":"16평",
            "법정동주소":"경기도 수원시 장안구 율전동 163-2",
            "도로명주소":"경기도 수원시 장안구 덕영대로417번길 59",
            "세대수":0,
            "입주년차":"--",
            "용적률점수":0,
            "건폐율점수":0,
            "세대당주차수":"--",
            "난방방식":"--",
            "공급면적":50,
            "전용률":60,
            "욕실수":"--",
            "현관타입":"--",
            "주거총점":5.5,
            "지역구공급총점":0.0,
            "역세권":80,
            "30분내 이동가능 거점":20,
            "1시간내 이동가능 거점":70,
            "교통총점":60.0,
            "백화점":0,
            "아울렛몰":0,
            "대형마트":0,
            "은행":0,
            "병원":30,
            "종합병원":100,
            "공원":100,
            "혐오시설":0,
            "인프라총점":26.0,
            "초등학군":89.98,
            "중학군":45.86,
            "학군총점":54.684,
            "인구수":31.14,
            "인구증감":-0.27,
            "인구총점":21.717,
            "일자리":14.6,
            "소득수준":100.0,
            "일자리총점":40.22,
            "가치 총점":38.1026,
            "매매실거래년":20211017.0,
            "매매실거래가":23400.0,
            "전세실거래년":20210326.0,
            "전세실거래가":6000.0,
            "전세가율":44.44,
            "장기전세가율평균":74.2,
            "전세가율거품지수":29.76,
            "검색코드":2700,
            "세대수":95.0,
            "준공년월":"1986-06-02",
            "준공년차":37.0,
            "가까운역이름":"성균관대",
            "가까운역거리":452.57,
            "역세권여부":"역세권",
            "30분이내주요거점역":1,
            "30분거점역이름":"['수원']",
            "1시간이내주요거점역":7,
            "1시간거점역이름":"['수원시청', '평촌', '가산디지털단지', '수원', '구로디지털단지', '안산', 'GTX용인(2023년)']",
            "3km이내백화점수":0,
            "5km이내아울렛몰수":0,
            "1km이내대형먀트수":0,
            "500m이내은행수":0,
            "500m이내병원수":9,
            "5km이내대형병원수":2,
            "500m이내공원수":2,
            "3km이내혐오시설수":0,
            "초등학교학업성취도":89.98,
            "중학교학업성취도":76.1,
            "용적률":0,
            "건폐율":0,
            "Y":37.303618,
            "X":126.968008,
            "rank":106.0,
            "area_info":"16평(54.15), 17평(57.17), 19평(64.53), 22평(75.47)",
            "last_sales":"2021-10-17,23400.0,22평(75.47)",
            "rank_history":[
                [
                    "202203",
                    106
                ],
                [
                    "202202",
                    9999
                ]
            ],
            "rank_gap":9999
        },
        {
            "index":206,
            "아파트명":"경남아너스빌",
            "투자타입":"일반",
            "전용면적(m2)":"75.18",
            "전용면적(평)":"22평",
            "법정동주소":"경기도 수원시 장안구 정자동 297-2",
            "도로명주소":"경기도 수원시 장안구 만석로159번길 31",
            "세대수":50,
            "입주년차":40,
            "용적률점수":"--",
            "건폐율점수":"--",
            "세대당주차수":30,
            "난방방식":30,
            "공급면적":"--",
            "전용률":"--",
            "욕실수":100,
            "현관타입":100,
            "주거총점":53.0,
            "지역구공급총점":0.0,
            "역세권":0,
            "30분내 이동가능 거점":0,
            "1시간내 이동가능 거점":80,
            "교통총점":16.0,
            "백화점":0,
            "아울렛몰":80,
            "대형마트":80,
            "은행":0,
            "병원":60,
            "종합병원":100,
            "공원":100,
            "혐오시설":0,
            "인프라총점":49.0,
            "초등학군":89.97,
            "중학군":37.02,
            "학군총점":47.61,
            "인구수":31.14,
            "인구증감":-0.27,
            "인구총점":21.717,
            "일자리":14.6,
            "소득수준":100.0,
            "일자리총점":40.22,
            "가치 총점":38.0415,
            "매매실거래년":20210925.0,
            "매매실거래가":62000.0,
            "전세실거래년":20210616.0,
            "전세실거래가":30000.0,
            "전세가율":65.93,
            "장기전세가율평균":74.2,
            "전세가율거품지수":8.27,
            "검색코드":19435,
            "세대수":422.0,
            "준공년월":"2006-04-26",
            "준공년차":17.0,
            "가까운역이름":"장안구청 (2028년 예정)",
            "가까운역거리":1152.5,
            "역세권여부":"비역세권",
            "30분이내주요거점역":0,
            "30분거점역이름":"[]",
            "1시간이내주요거점역":8,
            "1시간거점역이름":"['강남', '역삼', '판교', '양재', '수원시청', '평촌', '가산디지털단지', '수원']",
            "3km이내백화점수":0,
            "5km이내아울렛몰수":1,
            "1km이내대형먀트수":1,
            "500m이내은행수":0,
            "500m이내병원수":11,
            "5km이내대형병원수":3,
            "500m이내공원수":3,
            "3km이내혐오시설수":0,
            "초등학교학업성취도":89.97,
            "중학교학업성취도":61.7,
            "용적률":278,
            "건폐율":26,
            "Y":37.301729,
            "X":126.996684,
            "rank":107.0,
            "area_info":"22평(75.18), 31평(105.62), 31평(105.78), 31평(105.77), 37평(125.29), 45평(150.11)",
            "last_sales":"2021-09-25,62000.0,45평(150.11)",
            "rank_history":[
                [
                    "202203",
                    107
                ],
                [
                    "202202",
                    54
                ],
                [
                    "202201",
                    57
                ]
            ],
            "rank_gap":-53
        },
        {
            "index":165,
            "아파트명":"장안",
            "투자타입":"재건축",
            "전용면적(m2)":"58.76",
            "전용면적(평)":"17평",
            "법정동주소":"경기도 수원시 장안구 율전동 109",
            "도로명주소":"경기도 수원시 장안구 상률로46번길 17-7",
            "세대수":0,
            "입주년차":"--",
            "용적률점수":60,
            "건폐율점수":20,
            "세대당주차수":"--",
            "난방방식":"--",
            "공급면적":50,
            "전용률":60,
            "욕실수":"--",
            "현관타입":"--",
            "주거총점":33.5,
            "지역구공급총점":0.0,
            "역세권":50,
            "30분내 이동가능 거점":20,
            "1시간내 이동가능 거점":80,
            "교통총점":47.0,
            "백화점":0,
            "아울렛몰":0,
            "대형마트":0,
            "은행":0,
            "병원":30,
            "종합병원":80,
            "공원":100,
            "혐오시설":0,
            "인프라총점":22.0,
            "초등학군":89.98,
            "중학군":45.86,
            "학군총점":54.684,
            "인구수":31.14,
            "인구증감":-0.27,
            "인구총점":21.717,
            "일자리":14.6,
            "소득수준":100.0,
            "일자리총점":40.22,
            "가치 총점":37.9526,
            "매매실거래년":20210809.0,
            "매매실거래가":16700.0,
            "전세실거래년":20200713.0,
            "전세실거래가":9500.0,
            "전세가율":65.52,
            "장기전세가율평균":74.2,
            "전세가율거품지수":8.68,
            "검색코드":9605,
            "세대수":155.0,
            "준공년월":"1986-10-02",
            "준공년차":37.0,
            "가까운역이름":"성균관대",
            "가까운역거리":508.87,
            "역세권여부":"준역세권",
            "30분이내주요거점역":1,
            "30분거점역이름":"['수원']",
            "1시간이내주요거점역":8,
            "1시간거점역이름":"['양재', '수원시청', '평촌', '가산디지털단지', '수원', '구로디지털단지', '안산', 'GTX용인(2023년)']",
            "3km이내백화점수":0,
            "5km이내아울렛몰수":0,
            "1km이내대형먀트수":0,
            "500m이내은행수":1,
            "500m이내병원수":9,
            "5km이내대형병원수":1,
            "500m이내공원수":2,
            "3km이내혐오시설수":0,
            "초등학교학업성취도":89.98,
            "중학교학업성취도":76.1,
            "용적률":198,
            "건폐율":41,
            "Y":37.304905,
            "X":126.970947,
            "rank":108.0,
            "area_info":"17평(58.76), 18평(61.08), 19평(63.7), 20평(68.62)",
            "last_sales":"2021-08-09,16700.0,20평(68.62)",
            "rank_history":[
                [
                    "202203",
                    108
                ],
                [
                    "202202",
                    38
                ],
                [
                    "202201",
                    36
                ]
            ],
            "rank_gap":-70
        },
        {
            "index":228,
            "아파트명":"대월마을8단지대림진흥",
            "투자타입":"일반",
            "전용면적(m2)":"114.23",
            "전용면적(평)":"34평",
            "법정동주소":"경기도 수원시 장안구 정자동 914",
            "도로명주소":"경기도 수원시 장안구 천천로74번길 92",
            "세대수":50,
            "입주년차":20,
            "용적률점수":"--",
            "건폐율점수":"--",
            "세대당주차수":30,
            "난방방식":100,
            "공급면적":"--",
            "전용률":"--",
            "욕실수":100,
            "현관타입":100,
            "주거총점":56.0,
            "지역구공급총점":0.0,
            "역세권":0,
            "30분내 이동가능 거점":0,
            "1시간내 이동가능 거점":60,
            "교통총점":12.0,
            "백화점":0,
            "아울렛몰":80,
            "대형마트":80,
            "은행":0,
            "병원":10,
            "종합병원":100,
            "공원":100,
            "혐오시설":0,
            "인프라총점":44.0,
            "초등학군":90.03,
            "중학군":54.92,
            "학군총점":61.942,
            "인구수":31.14,
            "인구증감":-0.27,
            "인구총점":21.717,
            "일자리":14.6,
            "소득수준":100.0,
            "일자리총점":40.22,
            "가치 총점":37.8913,
            "매매실거래년":20220118.0,
            "매매실거래가":61000.0,
            "전세실거래년":20220215.0,
            "전세실거래가":31500.0,
            "전세가율":51.64,
            "장기전세가율평균":74.2,
            "전세가율거품지수":22.56,
            "검색코드":10344,
            "세대수":534.0,
            "준공년월":"2001-11-09",
            "준공년차":22.0,
            "가까운역이름":"북수원 (2028년 예정)",
            "가까운역거리":1269.24,
            "역세권여부":"비역세권",
            "30분이내주요거점역":0,
            "30분거점역이름":"[]",
            "1시간이내주요거점역":6,
            "1시간거점역이름":"['강남', '역삼', '판교', '수원시청', '가산디지털단지', '수원']",
            "3km이내백화점수":0,
            "5km이내아울렛몰수":1,
            "1km이내대형먀트수":1,
            "500m이내은행수":0,
            "500m이내병원수":2,
            "5km이내대형병원수":4,
            "500m이내공원수":3,
            "3km이내혐오시설수":0,
            "초등학교학업성취도":90.03,
            "중학교학업성취도":90.0,
            "용적률":213,
            "건폐율":13,
            "Y":37.30053,
            "X":126.98861,
            "rank":109.0,
            "area_info":"34평(114.23)",
            "last_sales":"2022-01-18,61000.0,34평(114.23)",
            "rank_history":[
                [
                    "202203",
                    109
                ],
                [
                    "202202",
                    62
                ],
                [
                    "202201",
                    54
                ]
            ],
            "rank_gap":-47
        },
        {
            "index":130,
            "아파트명":"성균관대역서희스타힐스1단지",
            "투자타입":"일반",
            "전용면적(m2)":"113.87",
            "전용면적(평)":"34평",
            "법정동주소":"경기도 수원시 장안구 율전동 561",
            "도로명주소":"경기도 수원시 장안구 덕영대로407번길 95",
            "세대수":0,
            "입주년차":60,
            "용적률점수":"--",
            "건폐율점수":"--",
            "세대당주차수":30,
            "난방방식":30,
            "공급면적":"--",
            "전용률":"--",
            "욕실수":100,
            "현관타입":100,
            "주거총점":39.5,
            "지역구공급총점":0.0,
            "역세권":50,
            "30분내 이동가능 거점":20,
            "1시간내 이동가능 거점":60,
            "교통총점":43.0,
            "백화점":0,
            "아울렛몰":0,
            "대형마트":0,
            "은행":0,
            "병원":30,
            "종합병원":80,
            "공원":100,
            "혐오시설":0,
            "인프라총점":22.0,
            "초등학군":89.98,
            "중학군":45.86,
            "학군총점":54.684,
            "인구수":31.14,
            "인구증감":-0.27,
            "인구총점":21.717,
            "일자리":14.6,
            "소득수준":100.0,
            "일자리총점":40.22,
            "가치 총점":37.7526,
            "매매실거래년":20210409.0,
            "매매실거래가":58000.0,
            "전세실거래년":20190126.0,
            "전세실거래가":26000.0,
            "전세가율":88.74,
            "장기전세가율평균":74.2,
            "전세가율거품지수":-14.54,
            "검색코드":26850,
            "세대수":113.0,
            "준공년월":"2011-12-17",
            "준공년차":12.0,
            "가까운역이름":"성균관대",
            "가까운역거리":675.63,
            "역세권여부":"준역세권",
            "30분이내주요거점역":1,
            "30분거점역이름":"['수원']",
            "1시간이내주요거점역":6,
            "1시간거점역이름":"['수원시청', '평촌', '가산디지털단지', '수원', '구로디지털단지', 'GTX용인(2023년)']",
            "3km이내백화점수":0,
            "5km이내아울렛몰수":0,
            "1km이내대형먀트수":0,
            "500m이내은행수":0,
            "500m이내병원수":6,
            "5km이내대형병원수":1,
            "500m이내공원수":2,
            "3km이내혐오시설수":0,
            "초등학교학업성취도":89.98,
            "중학교학업성취도":76.1,
            "용적률":199,
            "건폐율":24,
            "Y":37.305263,
            "X":126.966564,
            "rank":110.0,
            "area_info":"34평(113.87), 34평(113.88), 34평(113.94), 34평(114.25), 34평(114.14), 45평(149.59), 46평(154.5), 49평(162.75)",
            "last_sales":"2021-04-09,58000.0,49평(162.75)",
            "rank_history":[
                [
                    "202203",
                    110
                ],
                [
                    "202202",
                    40
                ],
                [
                    "202201",
                    39
                ]
            ],
            "rank_gap":-70
        },
        {
            "index":250,
            "아파트명":"백설마을5단지효성",
            "투자타입":"일반",
            "전용면적(m2)":"97.95",
            "전용면적(평)":"29평",
            "법정동주소":"경기도 수원시 장안구 정자동 880-2",
            "도로명주소":"경기도 수원시 장안구 정자천로133번길 21",
            "세대수":0,
            "입주년차":20,
            "용적률점수":"--",
            "건폐율점수":"--",
            "세대당주차수":0,
            "난방방식":100,
            "공급면적":"--",
            "전용률":"--",
            "욕실수":100,
            "현관타입":100,
            "주거총점":34.0,
            "지역구공급총점":0.0,
            "역세권":0,
            "30분내 이동가능 거점":0,
            "1시간내 이동가능 거점":60,
            "교통총점":12.0,
            "백화점":0,
            "아울렛몰":80,
            "대형마트":100,
            "은행":70,
            "병원":60,
            "종합병원":100,
            "공원":100,
            "혐오시설":0,
            "인프라총점":59.0,
            "초등학군":89.99,
            "중학군":51.38,
            "학군총점":59.102,
            "인구수":31.14,
            "인구증감":-0.27,
            "인구총점":21.717,
            "일자리":14.6,
            "소득수준":100.0,
            "일자리총점":40.22,
            "가치 총점":37.5653,
            "매매실거래년":20210917.0,
            "매매실거래가":54000.0,
            "전세실거래년":20220124.0,
            "전세실거래가":34000.0,
            "전세가율":62.96,
            "장기전세가율평균":74.2,
            "전세가율거품지수":11.24,
            "검색코드":2711,
            "세대수":262.0,
            "준공년월":"2000-01-21",
            "준공년차":23.0,
            "가까운역이름":"화서",
            "가까운역거리":1134.89,
            "역세권여부":"비역세권",
            "30분이내주요거점역":0,
            "30분거점역이름":"[]",
            "1시간이내주요거점역":6,
            "1시간거점역이름":"['강남', '판교', '수원시청', '평촌', '가산디지털단지', '수원']",
            "3km이내백화점수":0,
            "5km이내아울렛몰수":1,
            "1km이내대형먀트수":2,
            "500m이내은행수":3,
            "500m이내병원수":25,
            "5km이내대형병원수":4,
            "500m이내공원수":8,
            "3km이내혐오시설수":0,
            "초등학교학업성취도":89.99,
            "중학교학업성취도":84.9,
            "용적률":229,
            "건폐율":14,
            "Y":37.2942,
            "X":126.99012,
            "rank":111.0,
            "area_info":"29평(97.95), 32평(108.62)",
            "last_sales":"2021-09-17,54000.0,29평(97.95)",
            "rank_history":[
                [
                    "202203",
                    111
                ],
                [
                    "202202",
                    53
                ],
                [
                    "202201",
                    51
                ]
            ],
            "rank_gap":-58
        },
        {
            "index":75,
            "아파트명":"성원",
            "투자타입":"일반",
            "전용면적(m2)":"48.18",
            "전용면적(평)":"14평",
            "법정동주소":"경기도 수원시 장안구 연무동 10",
            "도로명주소":"경기도 수원시 장안구 창훈로60번길 31",
            "세대수":0,
            "입주년차":20,
            "용적률점수":"--",
            "건폐율점수":"--",
            "세대당주차수":0,
            "난방방식":30,
            "공급면적":"--",
            "전용률":"--",
            "욕실수":50,
            "현관타입":10,
            "주거총점":13.0,
            "지역구공급총점":0.0,
            "역세권":0,
            "30분내 이동가능 거점":20,
            "1시간내 이동가능 거점":90,
            "교통총점":24.0,
            "백화점":100,
            "아울렛몰":100,
            "대형마트":0,
            "은행":20,
            "병원":30,
            "종합병원":100,
            "공원":100,
            "혐오시설":0,
            "인프라총점":68.0,
            "초등학군":89.92,
            "중학군":27.78,
            "학군총점":40.208,
            "인구수":31.14,
            "인구증감":-0.27,
            "인구총점":21.717,
            "일자리":14.6,
            "소득수준":100.0,
            "일자리총점":40.22,
            "가치 총점":37.4312,
            "매매실거래년":20220122.0,
            "매매실거래가":12500.0,
            "전세실거래년":20220125.0,
            "전세실거래가":9000.0,
            "전세가율":72.0,
            "장기전세가율평균":74.2,
            "전세가율거품지수":2.2,
            "검색코드":9621,
            "세대수":177.0,
            "준공년월":"1999-02-22",
            "준공년차":24.0,
            "가까운역이름":"수원월드컵경기장 (2028년 예정)",
            "가까운역거리":1028.56,
            "역세권여부":"비역세권",
            "30분이내주요거점역":1,
            "30분거점역이름":"['수원']",
            "1시간이내주요거점역":9,
            "1시간거점역이름":"['강남', '판교', '양재', '정자', '수원시청', '평촌', '수원', '서현', 'GTX성남(2023년)']",
            "3km이내백화점수":1,
            "5km이내아울렛몰수":3,
            "1km이내대형먀트수":0,
            "500m이내은행수":2,
            "500m이내병원수":9,
            "5km이내대형병원수":4,
            "500m이내공원수":4,
            "3km이내혐오시설수":0,
            "초등학교학업성취도":89.92,
            "중학교학업성취도":46.3,
            "용적률":299,
            "건폐율":32,
            "Y":37.29855,
            "X":127.02949,
            "rank":112.0,
            "area_info":"14평(48.18), 22평(74.33), 32평(108.45)",
            "last_sales":"2022-01-22,12500.0,14평(48.18)",
            "rank_history":[
                [
                    "202203",
                    112
                ],
                [
                    "202202",
                    75
                ],
                [
                    "202201",
                    71
                ]
            ],
            "rank_gap":-37
        },
        {
            "index":244,
            "아파트명":"두견마을3단지벽산3차",
            "투자타입":"일반",
            "전용면적(m2)":"127.44",
            "전용면적(평)":"38평",
            "법정동주소":"경기도 수원시 장안구 정자동 884-4",
            "도로명주소":"경기도 수원시 장안구 정자천로188번길 28",
            "세대수":30,
            "입주년차":20,
            "용적률점수":"--",
            "건폐율점수":"--",
            "세대당주차수":60,
            "난방방식":100,
            "공급면적":"--",
            "전용률":"--",
            "욕실수":100,
            "현관타입":100,
            "주거총점":53.5,
            "지역구공급총점":0.0,
            "역세권":0,
            "30분내 이동가능 거점":0,
            "1시간내 이동가능 거점":60,
            "교통총점":12.0,
            "백화점":0,
            "아울렛몰":80,
            "대형마트":0,
            "은행":70,
            "병원":60,
            "종합병원":100,
            "공원":100,
            "혐오시설":0,
            "인프라총점":44.0,
            "초등학군":89.98,
            "중학군":51.38,
            "학군총점":59.1,
            "인구수":31.14,
            "인구증감":-0.27,
            "인구총점":21.717,
            "일자리":14.6,
            "소득수준":100.0,
            "일자리총점":40.22,
            "가치 총점":36.965,
            "매매실거래년":20220124.0,
            "매매실거래가":67500.0,
            "전세실거래년":20220203.0,
            "전세실거래가":30000.0,
            "전세가율":44.44,
            "장기전세가율평균":74.2,
            "전세가율거품지수":29.76,
            "검색코드":7977,
            "세대수":389.0,
            "준공년월":"2000-08-16",
            "준공년차":23.0,
            "가까운역이름":"동수원 (2028년 예정)",
            "가까운역거리":1281.5,
            "역세권여부":"비역세권",
            "30분이내주요거점역":0,
            "30분거점역이름":"[]",
            "1시간이내주요거점역":6,
            "1시간거점역이름":"['강남', '역삼', '판교', '수원시청', '가산디지털단지', '수원']",
            "3km이내백화점수":0,
            "5km이내아울렛몰수":1,
            "1km이내대형먀트수":0,
            "500m이내은행수":3,
            "500m이내병원수":29,
            "5km이내대형병원수":5,
            "500m이내공원수":6,
            "3km이내혐오시설수":0,
            "초등학교학업성취도":89.98,
            "중학교학업성취도":84.9,
            "용적률":229,
            "건폐율":18,
            "Y":37.29498,
            "X":126.99611,
            "rank":113.0,
            "area_info":"38평(127.44), 51평(168.64)",
            "last_sales":"2022-01-24,67500.0,38평(127.44)",
            "rank_history":[
                [
                    "202203",
                    113
                ],
                [
                    "202202",
                    72
                ],
                [
                    "202201",
                    70
                ]
            ],
            "rank_gap":-41
        },
        {
            "index":242,
            "아파트명":"동신3차",
            "투자타입":"재건축",
            "전용면적(m2)":"92.85",
            "전용면적(평)":"28평",
            "법정동주소":"경기도 수원시 장안구 정자동 304",
            "도로명주소":"경기도 수원시 장안구 장안로 200",
            "세대수":30,
            "입주년차":"--",
            "용적률점수":0,
            "건폐율점수":100,
            "세대당주차수":"--",
            "난방방식":"--",
            "공급면적":70,
            "전용률":60,
            "욕실수":"--",
            "현관타입":"--",
            "주거총점":35.5,
            "지역구공급총점":0.0,
            "역세권":0,
            "30분내 이동가능 거점":0,
            "1시간내 이동가능 거점":80,
            "교통총점":16.0,
            "백화점":0,
            "아울렛몰":80,
            "대형마트":80,
            "은행":0,
            "병원":60,
            "종합병원":100,
            "공원":100,
            "혐오시설":0,
            "인프라총점":49.0,
            "초등학군":89.97,
            "중학군":54.92,
            "학군총점":61.93,
            "인구수":31.14,
            "인구증감":-0.27,
            "인구총점":21.717,
            "일자리":14.6,
            "소득수준":100.0,
            "일자리총점":40.22,
            "가치 총점":36.6895,
            "매매실거래년":20211129.0,
            "매매실거래가":51000.0,
            "전세실거래년":20211125.0,
            "전세실거래가":15750.0,
            "전세가율":38.51,
            "장기전세가율평균":74.2,
            "전세가율거품지수":35.69,
            "검색코드":17269,
            "세대수":330.0,
            "준공년월":"1989-12-15",
            "준공년차":34.0,
            "가까운역이름":"장안구청 (2028년 예정)",
            "가까운역거리":1210.18,
            "역세권여부":"비역세권",
            "30분이내주요거점역":0,
            "30분거점역이름":"[]",
            "1시간이내주요거점역":8,
            "1시간거점역이름":"['강남', '역삼', '판교', '양재', '수원시청', '평촌', '가산디지털단지', '수원']",
            "3km이내백화점수":0,
            "5km이내아울렛몰수":1,
            "1km이내대형먀트수":1,
            "500m이내은행수":0,
            "500m이내병원수":12,
            "5km이내대형병원수":3,
            "500m이내공원수":2,
            "3km이내혐오시설수":0,
            "초등학교학업성취도":89.97,
            "중학교학업성취도":90.0,
            "용적률":238,
            "건폐율":16,
            "Y":37.301092,
            "X":126.996049,
            "rank":114.0,
            "area_info":"28평(92.85), 34평(114.62)",
            "last_sales":"2021-11-29,51000.0,34평(114.62)",
            "rank_history":[
                [
                    "202203",
                    114
                ],
                [
                    "202202",
                    67
                ],
                [
                    "202201",
                    69
                ]
            ],
            "rank_gap":-47
        },
        {
            "index":146,
            "아파트명":"송촌스페이스향",
            "투자타입":"일반",
            "전용면적(m2)":"111.05",
            "전용면적(평)":"33평",
            "법정동주소":"경기도 수원시 장안구 율전동 544",
            "도로명주소":"경기도 수원시 장안구 상률로12번길 8",
            "세대수":0,
            "입주년차":40,
            "용적률점수":"--",
            "건폐율점수":"--",
            "세대당주차수":30,
            "난방방식":30,
            "공급면적":"--",
            "전용률":"--",
            "욕실수":100,
            "현관타입":100,
            "주거총점":35.5,
            "지역구공급총점":0.0,
            "역세권":50,
            "30분내 이동가능 거점":20,
            "1시간내 이동가능 거점":60,
            "교통총점":43.0,
            "백화점":0,
            "아울렛몰":0,
            "대형마트":0,
            "은행":0,
            "병원":10,
            "종합병원":80,
            "공원":100,
            "혐오시설":0,
            "인프라총점":20.0,
            "초등학군":89.98,
            "중학군":45.86,
            "학군총점":54.684,
            "인구수":31.14,
            "인구증감":-0.27,
            "인구총점":21.717,
            "일자리":14.6,
            "소득수준":100.0,
            "일자리총점":40.22,
            "가치 총점":36.3526,
            "매매실거래년":20210904.0,
            "매매실거래가":42800.0,
            "전세실거래년":20220110.0,
            "전세실거래가":30000.0,
            "전세가율":70.09,
            "장기전세가율평균":74.2,
            "전세가율거품지수":4.11,
            "검색코드":10190,
            "세대수":140.0,
            "준공년월":"2005-05-30",
            "준공년차":18.0,
            "가까운역이름":"성균관대",
            "가까운역거리":893.98,
            "역세권여부":"준역세권",
            "30분이내주요거점역":1,
            "30분거점역이름":"['수원']",
            "1시간이내주요거점역":6,
            "1시간거점역이름":"['강남', '수원시청', '평촌', '가산디지털단지', '수원', '구로디지털단지']",
            "3km이내백화점수":0,
            "5km이내아울렛몰수":0,
            "1km이내대형먀트수":0,
            "500m이내은행수":0,
            "500m이내병원수":2,
            "5km이내대형병원수":1,
            "500m이내공원수":2,
            "3km이내혐오시설수":0,
            "초등학교학업성취도":89.98,
            "중학교학업성취도":76.1,
            "용적률":231,
            "건폐율":13,
            "Y":37.307663,
            "X":126.966881,
            "rank":115.0,
            "area_info":"33평(111.05)",
            "last_sales":"2021-09-04,42800.0,33평(111.05)",
            "rank_history":[
                [
                    "202203",
                    115
                ],
                [
                    "202202",
                    64
                ],
                [
                    "202201",
                    62
                ]
            ],
            "rank_gap":-51
        },
        {
            "index":98,
            "아파트명":"벽산",
            "투자타입":"일반",
            "전용면적(m2)":"80.56",
            "전용면적(평)":"24평",
            "법정동주소":"경기도 수원시 장안구 영화동 101-7",
            "도로명주소":"경기도 수원시 장안구 수성로402번길 45-2",
            "세대수":0,
            "입주년차":0,
            "용적률점수":"--",
            "건폐율점수":"--",
            "세대당주차수":30,
            "난방방식":30,
            "공급면적":"--",
            "전용률":"--",
            "욕실수":50,
            "현관타입":10,
            "주거총점":13.5,
            "지역구공급총점":0.0,
            "역세권":50,
            "30분내 이동가능 거점":20,
            "1시간내 이동가능 거점":60,
            "교통총점":43.0,
            "백화점":0,
            "아울렛몰":100,
            "대형마트":0,
            "은행":0,
            "병원":30,
            "종합병원":100,
            "공원":100,
            "혐오시설":0,
            "인프라총점":36.0,
            "초등학군":89.98,
            "중학군":41.28,
            "학군총점":51.02,
            "인구수":31.14,
            "인구증감":-0.27,
            "인구총점":21.717,
            "일자리":14.6,
            "소득수준":100.0,
            "일자리총점":40.22,
            "가치 총점":36.203,
            "매매실거래년":20210906.0,
            "매매실거래가":31500.0,
            "전세실거래년":20211228.0,
            "전세실거래가":25000.0,
            "전세가율":79.37,
            "장기전세가율평균":74.2,
            "전세가율거품지수":-5.17,
            "검색코드":8650,
            "세대수":126.0,
            "준공년월":"1998-09-02",
            "준공년차":25.0,
            "가까운역이름":"동수원 (2028년 예정)",
            "가까운역거리":635.37,
            "역세권여부":"준역세권",
            "30분이내주요거점역":1,
            "30분거점역이름":"['수원']",
            "1시간이내주요거점역":6,
            "1시간거점역이름":"['강남', '수원시청', '평촌', '가산디지털단지', '수원', 'GTX용인(2023년)']",
            "3km이내백화점수":0,
            "5km이내아울렛몰수":2,
            "1km이내대형먀트수":0,
            "500m이내은행수":0,
            "500m이내병원수":7,
            "5km이내대형병원수":4,
            "500m이내공원수":2,
            "3km이내혐오시설수":0,
            "초등학교학업성취도":89.98,
            "중학교학업성취도":68.8,
            "용적률":320,
            "건폐율":25,
            "Y":37.29322,
            "X":127.01764,
            "rank":116.0,
            "area_info":"24평(80.56), 32평(107.22), 34평(115.34)",
            "last_sales":"2021-09-06,31500.0,24평(80.56)",
            "rank_history":[
                [
                    "202203",
                    116
                ],
                [
                    "202202",
                    92
                ],
                [
                    "202201",
                    89
                ]
            ],
            "rank_gap":-24
        },
        {
            "index":375,
            "아파트명":"벽산",
            "투자타입":"재건축",
            "전용면적(m2)":"69.28",
            "전용면적(평)":"20평",
            "법정동주소":"경기도 수원시 장안구 조원동 510",
            "도로명주소":"경기도 수원시 장안구 조원로 16",
            "세대수":80,
            "입주년차":"--",
            "용적률점수":60,
            "건폐율점수":80,
            "세대당주차수":"--",
            "난방방식":"--",
            "공급면적":50,
            "전용률":60,
            "욕실수":"--",
            "현관타입":"--",
            "주거총점":69.5,
            "지역구공급총점":0.0,
            "역세권":0,
            "30분내 이동가능 거점":0,
            "1시간내 이동가능 거점":40,
            "교통총점":8.0,
            "백화점":0,
            "아울렛몰":100,
            "대형마트":0,
            "은행":20,
            "병원":30,
            "종합병원":100,
            "공원":80,
            "혐오시설":0,
            "인프라총점":37.4,
            "초등학군":89.98,
            "중학군":41.28,
            "학군총점":51.02,
            "인구수":31.14,
            "인구증감":-0.27,
            "인구총점":21.717,
            "일자리":14.6,
            "소득수준":100.0,
            "일자리총점":40.22,
            "가치 총점":35.573,
            "매매실거래년":20220214.0,
            "매매실거래가":49000.0,
            "전세실거래년":20220219.0,
            "전세실거래가":12000.0,
            "전세가율":39.34,
            "장기전세가율평균":74.2,
            "전세가율거품지수":34.86,
            "검색코드":1848,
            "세대수":740.0,
            "준공년월":"1989-07-18",
            "준공년차":34.0,
            "가까운역이름":"동수원 (2028년 예정)",
            "가까운역거리":1085.52,
            "역세권여부":"비역세권",
            "30분이내주요거점역":0,
            "30분거점역이름":"[]",
            "1시간이내주요거점역":4,
            "1시간거점역이름":"['판교', '정자', '수원시청', '수원']",
            "3km이내백화점수":0,
            "5km이내아울렛몰수":2,
            "1km이내대형먀트수":0,
            "500m이내은행수":2,
            "500m이내병원수":8,
            "5km이내대형병원수":4,
            "500m이내공원수":1,
            "3km이내혐오시설수":0,
            "초등학교학업성취도":89.98,
            "중학교학업성취도":68.8,
            "용적률":192,
            "건폐율":21,
            "Y":37.297791,
            "X":127.021426,
            "rank":117.0,
            "area_info":"20평(69.28), 24평(81.59), 28평(92.84), 31평(103.82), 39평(131.7), 45평(150.58)",
            "last_sales":"2022-02-14,49000.0,31평(103.82)",
            "rank_history":[
                [
                    "202203",
                    117
                ],
                [
                    "202202",
                    69
                ],
                [
                    "202201",
                    64
                ]
            ],
            "rank_gap":-48
        },
        {
            "index":312,
            "아파트명":"정자KTe-편한세상",
            "투자타입":"일반",
            "전용면적(m2)":"105.89",
            "전용면적(평)":"32평",
            "법정동주소":"경기도 수원시 장안구 정자동 24-1",
            "도로명주소":"경기도 수원시 장안구 정자천로188번길 21",
            "세대수":0,
            "입주년차":40,
            "용적률점수":"--",
            "건폐율점수":"--",
            "세대당주차수":60,
            "난방방식":30,
            "공급면적":"--",
            "전용률":"--",
            "욕실수":100,
            "현관타입":100,
            "주거총점":40.0,
            "지역구공급총점":0.0,
            "역세권":0,
            "30분내 이동가능 거점":20,
            "1시간내 이동가능 거점":70,
            "교통총점":20.0,
            "백화점":0,
            "아울렛몰":80,
            "대형마트":0,
            "은행":70,
            "병원":60,
            "종합병원":100,
            "공원":100,
            "혐오시설":0,
            "인프라총점":44.0,
            "초등학군":89.98,
            "중학군":37.02,
            "학군총점":47.612,
            "인구수":31.14,
            "인구증감":-0.27,
            "인구총점":21.717,
            "일자리":14.6,
            "소득수준":100.0,
            "일자리총점":40.22,
            "가치 총점":35.3418,
            "매매실거래년":20211105.0,
            "매매실거래가":97500.0,
            "전세실거래년":20211223.0,
            "전세실거래가":40000.0,
            "전세가율":53.69,
            "장기전세가율평균":74.2,
            "전세가율거품지수":20.51,
            "검색코드":25066,
            "세대수":288.0,
            "준공년월":"2008-01-28",
            "준공년차":15.0,
            "가까운역이름":"동수원 (2028년 예정)",
            "가까운역거리":1192.99,
            "역세권여부":"비역세권",
            "30분이내주요거점역":1,
            "30분거점역이름":"['수원']",
            "1시간이내주요거점역":7,
            "1시간거점역이름":"['강남', '역삼', '수원시청', '평촌', '가산디지털단지', '수원', 'GTX용인(2023년)']",
            "3km이내백화점수":0,
            "5km이내아울렛몰수":1,
            "1km이내대형먀트수":0,
            "500m이내은행수":3,
            "500m이내병원수":29,
            "5km이내대형병원수":5,
            "500m이내공원수":5,
            "3km이내혐오시설수":0,
            "초등학교학업성취도":89.98,
            "중학교학업성취도":61.7,
            "용적률":229,
            "건폐율":19,
            "Y":37.295687,
            "X":126.997283,
            "rank":118.0,
            "area_info":"32평(105.89), 46평(153.29), 50평(168.07), 50평(168.09)",
            "last_sales":"2021-11-05,97500.0,50평(168.07)",
            "rank_history":[
                [
                    "202203",
                    118
                ],
                [
                    "202202",
                    83
                ],
                [
                    "202201",
                    77
                ]
            ],
            "rank_gap":-35
        },
        {
            "index":331,
            "아파트명":"현대",
            "투자타입":"재건축",
            "전용면적(m2)":"80.84",
            "전용면적(평)":"24평",
            "법정동주소":"경기도 수원시 장안구 정자동 30-1",
            "도로명주소":"경기도 수원시 장안구 정자천로188번길 71-21",
            "세대수":0,
            "입주년차":"--",
            "용적률점수":60,
            "건폐율점수":80,
            "세대당주차수":"--",
            "난방방식":"--",
            "공급면적":50,
            "전용률":60,
            "욕실수":"--",
            "현관타입":"--",
            "주거총점":45.5,
            "지역구공급총점":0.0,
            "역세권":0,
            "30분내 이동가능 거점":20,
            "1시간내 이동가능 거점":50,
            "교통총점":16.0,
            "백화점":0,
            "아울렛몰":80,
            "대형마트":0,
            "은행":70,
            "병원":60,
            "종합병원":100,
            "공원":100,
            "혐오시설":0,
            "인프라총점":44.0,
            "초등학군":89.98,
            "중학군":37.02,
            "학군총점":47.612,
            "인구수":31.14,
            "인구증감":-0.27,
            "인구총점":21.717,
            "일자리":14.6,
            "소득수준":100.0,
            "일자리총점":40.22,
            "가치 총점":35.0418,
            "매매실거래년":20211022.0,
            "매매실거래가":42000.0,
            "전세실거래년":20200711.0,
            "전세실거래가":15000.0,
            "전세가율":75.0,
            "장기전세가율평균":74.2,
            "전세가율거품지수":-0.8,
            "검색코드":8209,
            "세대수":227.0,
            "준공년월":"1989-12-14",
            "준공년차":34.0,
            "가까운역이름":"동수원 (2028년 예정)",
            "가까운역거리":1026.24,
            "역세권여부":"비역세권",
            "30분이내주요거점역":1,
            "30분거점역이름":"['수원']",
            "1시간이내주요거점역":5,
            "1시간거점역이름":"['강남', '수원시청', '가산디지털단지', '수원', 'GTX용인(2023년)']",
            "3km이내백화점수":0,
            "5km이내아울렛몰수":1,
            "1km이내대형먀트수":0,
            "500m이내은행수":3,
            "500m이내병원수":27,
            "5km이내대형병원수":5,
            "500m이내공원수":4,
            "3km이내혐오시설수":0,
            "초등학교학업성취도":89.98,
            "중학교학업성취도":61.7,
            "용적률":198,
            "건폐율":22,
            "Y":37.294296,
            "X":126.998914,
            "rank":119.0,
            "area_info":"24평(80.84), 27평(91.55), 31평(104.81), 31평(105.32), 33평(109.49)",
            "last_sales":"2021-10-22,42000.0,31평(105.32)",
            "rank_history":[
                [
                    "202203",
                    119
                ],
                [
                    "202202",
                    78
                ],
                [
                    "202201",
                    73
                ]
            ],
            "rank_gap":-41
        },
        {
            "index":259,
            "아파트명":"보은",
            "투자타입":"재건축",
            "전용면적(m2)":"84.62",
            "전용면적(평)":"25평",
            "법정동주소":"경기도 수원시 장안구 정자동 31-3",
            "도로명주소":"경기도 수원시 장안구 수성로275번길 92",
            "세대수":0,
            "입주년차":"--",
            "용적률점수":0,
            "건폐율점수":0,
            "세대당주차수":"--",
            "난방방식":"--",
            "공급면적":70,
            "전용률":60,
            "욕실수":"--",
            "현관타입":"--",
            "주거총점":6.5,
            "지역구공급총점":0.0,
            "역세권":50,
            "30분내 이동가능 거점":20,
            "1시간내 이동가능 거점":40,
            "교통총점":39.0,
            "백화점":0,
            "아울렛몰":100,
            "대형마트":0,
            "은행":0,
            "병원":60,
            "종합병원":100,
            "공원":100,
            "혐오시설":0,
            "인프라총점":39.0,
            "초등학군":89.99,
            "중학군":37.02,
            "학군총점":47.614,
            "인구수":31.14,
            "인구증감":-0.27,
            "인구총점":21.717,
            "일자리":14.6,
            "소득수준":100.0,
            "일자리총점":40.22,
            "가치 총점":33.7921,
            "매매실거래년":20211125.0,
            "매매실거래가":23400.0,
            "전세실거래년":20191122.0,
            "전세실거래가":15000.0,
            "전세가율":94.34,
            "장기전세가율평균":74.2,
            "전세가율거품지수":-20.14,
            "검색코드":11198,
            "세대수":81.0,
            "준공년월":"1985-06-28",
            "준공년차":38.0,
            "가까운역이름":"동수원 (2028년 예정)",
            "가까운역거리":924.4,
            "역세권여부":"준역세권",
            "30분이내주요거점역":1,
            "30분거점역이름":"['수원']",
            "1시간이내주요거점역":4,
            "1시간거점역이름":"['수원시청', '가산디지털단지', '수원', 'GTX용인(2023년)']",
            "3km이내백화점수":0,
            "5km이내아울렛몰수":2,
            "1km이내대형먀트수":0,
            "500m이내은행수":1,
            "500m이내병원수":21,
            "5km이내대형병원수":5,
            "500m이내공원수":4,
            "3km이내혐오시설수":0,
            "초등학교학업성취도":89.99,
            "중학교학업성취도":61.7,
            "용적률":0,
            "건폐율":0,
            "Y":37.294323,
            "X":127.000075,
            "rank":120.0,
            "area_info":"25평(84.62), 26평(86.92), 26평(88.48), 30평(100.67), 30평(101.41), 32평(107.9), 33평(110.92)",
            "last_sales":"2021-11-25,23400.0,33평(110.92)",
            "rank_history":[
                [
                    "202203",
                    120
                ],
                [
                    "202202",
                    9999
                ]
            ],
            "rank_gap":9999
        },
        {
            "index":470,
            "아파트명":"장안",
            "투자타입":"재건축",
            "전용면적(m2)":"95.39",
            "전용면적(평)":"28평",
            "법정동주소":"경기도 수원시 장안구 파장동 422-1",
            "도로명주소":"경기도 수원시 장안구 파장천로58번길 77-3",
            "세대수":0,
            "입주년차":"--",
            "용적률점수":0,
            "건폐율점수":0,
            "세대당주차수":"--",
            "난방방식":"--",
            "공급면적":70,
            "전용률":80,
            "욕실수":"--",
            "현관타입":"--",
            "주거총점":7.5,
            "지역구공급총점":0.0,
            "역세권":0,
            "30분내 이동가능 거점":20,
            "1시간내 이동가능 거점":90,
            "교통총점":24.0,
            "백화점":0,
            "아울렛몰":80,
            "대형마트":100,
            "은행":0,
            "병원":30,
            "종합병원":100,
            "공원":100,
            "혐오시설":0,
            "인프라총점":49.0,
            "초등학군":90.0,
            "중학군":48.28,
            "학군총점":56.624,
            "인구수":31.14,
            "인구증감":-0.27,
            "인구총점":21.717,
            "일자리":14.6,
            "소득수준":100.0,
            "일자리총점":40.22,
            "가치 총점":33.0936,
            "매매실거래년":20210316.0,
            "매매실거래가":21000.0,
            "전세실거래년":20210626.0,
            "전세실거래가":20000.0,
            "전세가율":95.24,
            "장기전세가율평균":74.2,
            "전세가율거품지수":-21.04,
            "검색코드":2717,
            "세대수":60.0,
            "준공년월":"1984-12-22",
            "준공년차":39.0,
            "가까운역이름":"북수원 (2028년 예정)",
            "가까운역거리":1070.08,
            "역세권여부":"비역세권",
            "30분이내주요거점역":1,
            "30분거점역이름":"['수원']",
            "1시간이내주요거점역":9,
            "1시간거점역이름":"['강남', '역삼', '양재', '수원시청', '평촌', '수원', '구로디지털단지', '명동', 'GTX용인(2023년)']",
            "3km이내백화점수":0,
            "5km이내아울렛몰수":1,
            "1km이내대형먀트수":2,
            "500m이내은행수":0,
            "500m이내병원수":8,
            "5km이내대형병원수":3,
            "500m이내공원수":3,
            "3km이내혐오시설수":0,
            "초등학교학업성취도":90.0,
            "중학교학업성취도":78.4,
            "용적률":0,
            "건폐율":0,
            "Y":37.30884,
            "X":127.0005,
            "rank":121.0,
            "area_info":"28평(95.39)",
            "last_sales":"2021-03-16,21000.0,28평(95.39)",
            "rank_history":[
                [
                    "202203",
                    121
                ],
                [
                    "202202",
                    9999
                ]
            ],
            "rank_gap":9999
        },
        {
            "index":12,
            "아파트명":"성화빌라트",
            "투자타입":"일반",
            "전용면적(m2)":"72.82",
            "전용면적(평)":"22평",
            "법정동주소":"경기도 수원시 장안구 송죽동 100",
            "도로명주소":"경기도 수원시 장안구 수일로107번길 4",
            "세대수":0,
            "입주년차":0,
            "용적률점수":"--",
            "건폐율점수":"--",
            "세대당주차수":0,
            "난방방식":30,
            "공급면적":"--",
            "전용률":"--",
            "욕실수":100,
            "현관타입":100,
            "주거총점":23.0,
            "지역구공급총점":0.0,
            "역세권":0,
            "30분내 이동가능 거점":20,
            "1시간내 이동가능 거점":80,
            "교통총점":22.0,
            "백화점":0,
            "아울렛몰":0,
            "대형마트":100,
            "은행":0,
            "병원":30,
            "종합병원":100,
            "공원":80,
            "혐오시설":0,
            "인프라총점":40.4,
            "초등학군":90.0,
            "중학군":48.28,
            "학군총점":56.624,
            "인구수":31.14,
            "인구증감":-0.27,
            "인구총점":21.717,
            "일자리":14.6,
            "소득수준":100.0,
            "일자리총점":40.22,
            "가치 총점":32.9136,
            "매매실거래년":"18000101",
            "매매실거래가":null,
            "전세실거래년":null,
            "전세실거래가":null,
            "전세가율":null,
            "장기전세가율평균":74.2,
            "전세가율거품지수":null,
            "검색코드":16051,
            "세대수":80.0,
            "준공년월":"1996-11-28",
            "준공년차":27.0,
            "가까운역이름":"장안구청 (2028년 예정)",
            "가까운역거리":1031.79,
            "역세권여부":"비역세권",
            "30분이내주요거점역":1,
            "30분거점역이름":"['수원']",
            "1시간이내주요거점역":8,
            "1시간거점역이름":"['강남', '역삼', '양재', '수원시청', '수원', '구로디지털단지', '명동', 'GTX용인(2023년)']",
            "3km이내백화점수":0,
            "5km이내아울렛몰수":0,
            "1km이내대형먀트수":2,
            "500m이내은행수":0,
            "500m이내병원수":6,
            "5km이내대형병원수":3,
            "500m이내공원수":1,
            "3km이내혐오시설수":0,
            "초등학교학업성취도":90.0,
            "중학교학업성취도":78.4,
            "용적률":0,
            "건폐율":0,
            "Y":37.30939,
            "X":127.003294,
            "rank":122.0,
            "area_info":"22평(72.82), 23평(76.09), 23평(79.32), 24평(79.94), 25평(83.39), 25평(83.74), 25평(84.01), 26평(88.98), 28평(95.23), 29평(95.89), 29평(96.91), 30평(102.21), 31평(102.91), 32평(105.83)",
            "last_sales":"1800-01-01,nan,22평(72.82)",
            "rank_history":[
                [
                    "202203",
                    122
                ],
                [
                    "202202",
                    9999
                ]
            ],
            "rank_gap":9999
        },
        {
            "index":271,
            "아파트명":"삼성미도",
            "투자타입":"일반",
            "전용면적(m2)":"83.63",
            "전용면적(평)":"25평",
            "법정동주소":"경기도 수원시 장안구 정자동 378",
            "도로명주소":"경기도 수원시 장안구 대평로162번길 50",
            "세대수":0,
            "입주년차":0,
            "용적률점수":"--",
            "건폐율점수":"--",
            "세대당주차수":0,
            "난방방식":30,
            "공급면적":"--",
            "전용률":"--",
            "욕실수":50,
            "현관타입":10,
            "주거총점":9.0,
            "지역구공급총점":0.0,
            "역세권":0,
            "30분내 이동가능 거점":0,
            "1시간내 이동가능 거점":90,
            "교통총점":18.0,
            "백화점":0,
            "아울렛몰":80,
            "대형마트":80,
            "은행":0,
            "병원":80,
            "종합병원":100,
            "공원":80,
            "혐오시설":0,
            "인프라총점":50.4,
            "초등학군":89.97,
            "중학군":54.92,
            "학군총점":61.93,
            "인구수":31.14,
            "인구증감":-0.27,
            "인구총점":21.717,
            "일자리":14.6,
            "소득수준":100.0,
            "일자리총점":40.22,
            "가치 총점":32.5095,
            "매매실거래년":20220104.0,
            "매매실거래가":32500.0,
            "전세실거래년":20210728.0,
            "전세실거래가":21000.0,
            "전세가율":64.62,
            "장기전세가율평균":74.2,
            "전세가율거품지수":9.58,
            "검색코드":2704,
            "세대수":251.0,
            "준공년월":"1997-08-09",
            "준공년차":26.0,
            "가까운역이름":"북수원 (2028년 예정)",
            "가까운역거리":1073.59,
            "역세권여부":"비역세권",
            "30분이내주요거점역":0,
            "30분거점역이름":"[]",
            "1시간이내주요거점역":9,
            "1시간거점역이름":"['강남', '역삼', '판교', '양재', '수원시청', '평촌', '가산디지털단지', '수원', 'GTX성남(2023년)']",
            "3km이내백화점수":0,
            "5km이내아울렛몰수":1,
            "1km이내대형먀트수":1,
            "500m이내은행수":1,
            "500m이내병원수":34,
            "5km이내대형병원수":3,
            "500m이내공원수":1,
            "3km이내혐오시설수":0,
            "초등학교학업성취도":89.97,
            "중학교학업성취도":90.0,
            "용적률":300,
            "건폐율":20,
            "Y":37.30264,
            "X":126.99231,
            "rank":123.0,
            "area_info":"25평(83.63), 31평(104.07)",
            "last_sales":"2022-01-04,32500.0,25평(83.63)",
            "rank_history":[
                [
                    "202203",
                    123
                ],
                [
                    "202202",
                    85
                ],
                [
                    "202201",
                    82
                ]
            ],
            "rank_gap":-38
        },
        {
            "index":320,
            "아파트명":"정자신호",
            "투자타입":"일반",
            "전용면적(m2)":"84.89",
            "전용면적(평)":"25평",
            "법정동주소":"경기도 수원시 장안구 정자동 840-99",
            "도로명주소":"경기도 수원시 장안구 대평로162번길 11",
            "세대수":0,
            "입주년차":0,
            "용적률점수":"--",
            "건폐율점수":"--",
            "세대당주차수":30,
            "난방방식":30,
            "공급면적":"--",
            "전용률":"--",
            "욕실수":50,
            "현관타입":100,
            "주거총점":22.5,
            "지역구공급총점":0.0,
            "역세권":0,
            "30분내 이동가능 거점":0,
            "1시간내 이동가능 거점":50,
            "교통총점":10.0,
            "백화점":0,
            "아울렛몰":80,
            "대형마트":100,
            "은행":0,
            "병원":60,
            "종합병원":100,
            "공원":0,
            "혐오시설":0,
            "인프라총점":49.0,
            "초등학군":90.03,
            "중학군":54.92,
            "학군총점":61.942,
            "인구수":31.14,
            "인구증감":-0.27,
            "인구총점":21.717,
            "일자리":14.6,
            "소득수준":100.0,
            "일자리총점":40.22,
            "가치 총점":31.9913,
            "매매실거래년":20210709.0,
            "매매실거래가":53000.0,
            "전세실거래년":20210904.0,
            "전세실거래가":17000.0,
            "전세가율":71.43,
            "장기전세가율평균":74.2,
            "전세가율거품지수":2.77,
            "검색코드":2709,
            "세대수":173.0,
            "준공년월":"1996-12-09",
            "준공년차":27.0,
            "가까운역이름":"북수원 (2028년 예정)",
            "가까운역거리":1078.77,
            "역세권여부":"비역세권",
            "30분이내주요거점역":0,
            "30분거점역이름":"[]",
            "1시간이내주요거점역":5,
            "1시간거점역이름":"['강남', '판교', '수원시청', '평촌', '수원']",
            "3km이내백화점수":0,
            "5km이내아울렛몰수":1,
            "1km이내대형먀트수":2,
            "500m이내은행수":0,
            "500m이내병원수":11,
            "5km이내대형병원수":3,
            "500m이내공원수":0,
            "3km이내혐오시설수":0,
            "초등학교학업성취도":90.03,
            "중학교학업성취도":90.0,
            "용적률":131,
            "건폐율":24,
            "Y":37.302255,
            "X":126.989774,
            "rank":124.0,
            "area_info":"25평(84.89), 32평(108.14), 49평(165.14)",
            "last_sales":"2021-07-09,53000.0,49평(165.14)",
            "rank_history":[
                [
                    "202203",
                    124
                ],
                [
                    "202202",
                    84
                ],
                [
                    "202201",
                    81
                ]
            ],
            "rank_gap":-40
        },
        {
            "index":305,
            "아파트명":"신미주",
            "투자타입":"재건축",
            "전용면적(m2)":"91.79",
            "전용면적(평)":"27평",
            "법정동주소":"경기도 수원시 장안구 정자동 29-1",
            "도로명주소":"경기도 수원시 장안구 수성로275번길 133",
            "세대수":0,
            "입주년차":"--",
            "용적률점수":0,
            "건폐율점수":80,
            "세대당주차수":"--",
            "난방방식":"--",
            "공급면적":70,
            "전용률":60,
            "욕실수":"--",
            "현관타입":"--",
            "주거총점":22.5,
            "지역구공급총점":0.0,
            "역세권":0,
            "30분내 이동가능 거점":20,
            "1시간내 이동가능 거점":60,
            "교통총점":18.0,
            "백화점":0,
            "아울렛몰":80,
            "대형마트":0,
            "은행":70,
            "병원":80,
            "종합병원":100,
            "공원":100,
            "혐오시설":0,
            "인프라총점":46.0,
            "초등학군":89.98,
            "중학군":37.02,
            "학군총점":47.612,
            "인구수":31.14,
            "인구증감":-0.27,
            "인구총점":21.717,
            "일자리":14.6,
            "소득수준":100.0,
            "일자리총점":40.22,
            "가치 총점":31.7418,
            "매매실거래년":20211012.0,
            "매매실거래가":33900.0,
            "전세실거래년":20210514.0,
            "전세실거래가":15750.0,
            "전세가율":68.78,
            "장기전세가율평균":74.2,
            "전세가율거품지수":5.42,
            "검색코드":2707,
            "세대수":189.0,
            "준공년월":"1991-08-13",
            "준공년차":32.0,
            "가까운역이름":"동수원 (2028년 예정)",
            "가까운역거리":1113.46,
            "역세권여부":"비역세권",
            "30분이내주요거점역":1,
            "30분거점역이름":"['수원']",
            "1시간이내주요거점역":6,
            "1시간거점역이름":"['강남', '수원시청', '평촌', '가산디지털단지', '수원', 'GTX용인(2023년)']",
            "3km이내백화점수":0,
            "5km이내아울렛몰수":1,
            "1km이내대형먀트수":0,
            "500m이내은행수":3,
            "500m이내병원수":30,
            "5km이내대형병원수":5,
            "500m이내공원수":4,
            "3km이내혐오시설수":0,
            "초등학교학업성취도":89.98,
            "중학교학업성취도":61.7,
            "용적률":298,
            "건폐율":21,
            "Y":37.295108,
            "X":126.998057,
            "rank":125.0,
            "area_info":"27평(91.79), 29평(98.7), 31평(104.1)",
            "last_sales":"2021-10-12,33900.0,31평(104.1)",
            "rank_history":[
                [
                    "202203",
                    125
                ],
                [
                    "202202",
                    88
                ],
                [
                    "202201",
                    87
                ]
            ],
            "rank_gap":-37
        },
        {
            "index":101,
            "아파트명":"삼원",
            "투자타입":"재건축",
            "전용면적(m2)":"67.72",
            "전용면적(평)":"20평",
            "법정동주소":"경기도 수원시 장안구 영화동 31",
            "도로명주소":"경기도 수원시 장안구 광교산로 36",
            "세대수":0,
            "입주년차":"--",
            "용적률점수":0,
            "건폐율점수":0,
            "세대당주차수":"--",
            "난방방식":"--",
            "공급면적":50,
            "전용률":80,
            "욕실수":"--",
            "현관타입":"--",
            "주거총점":6.5,
            "지역구공급총점":0.0,
            "역세권":0,
            "30분내 이동가능 거점":20,
            "1시간내 이동가능 거점":60,
            "교통총점":18.0,
            "백화점":0,
            "아울렛몰":100,
            "대형마트":0,
            "은행":70,
            "병원":60,
            "종합병원":100,
            "공원":100,
            "혐오시설":0,
            "인프라총점":46.0,
            "초등학군":89.98,
            "중학군":41.28,
            "학군총점":51.02,
            "인구수":31.14,
            "인구증감":-0.27,
            "인구총점":21.717,
            "일자리":14.6,
            "소득수준":100.0,
            "일자리총점":40.22,
            "가치 총점":29.053,
            "매매실거래년":20210724.0,
            "매매실거래가":21900.0,
            "전세실거래년":20140315.0,
            "전세실거래가":6000.0,
            "전세가율":37.97,
            "장기전세가율평균":74.2,
            "전세가율거품지수":36.23,
            "검색코드":27461,
            "세대수":60.0,
            "준공년월":"1986-04-20",
            "준공년차":37.0,
            "가까운역이름":"수원월드컵경기장 (2028년 예정)",
            "가까운역거리":1044.27,
            "역세권여부":"비역세권",
            "30분이내주요거점역":1,
            "30분거점역이름":"['수원']",
            "1시간이내주요거점역":6,
            "1시간거점역이름":"['판교', '정자', '수원시청', '가산디지털단지', '수원', 'GTX용인(2023년)']",
            "3km이내백화점수":0,
            "5km이내아울렛몰수":2,
            "1km이내대형먀트수":0,
            "500m이내은행수":3,
            "500m이내병원수":11,
            "5km이내대형병원수":4,
            "500m이내공원수":2,
            "3km이내혐오시설수":0,
            "초등학교학업성취도":89.98,
            "중학교학업성취도":68.8,
            "용적률":0,
            "건폐율":0,
            "Y":37.294573,
            "X":127.022359,
            "rank":126.0,
            "area_info":"20평(67.72), 27평(89.56), 27평(90.09)",
            "last_sales":"2021-07-24,21900.0,27평(89.56)",
            "rank_history":[
                [
                    "202203",
                    126
                ],
                [
                    "202202",
                    9999
                ]
            ],
            "rank_gap":9999
        }
    ]
}