{
    "schema":{
        "fields":[
            {
                "name":"index",
                "type":"integer"
            },
            {
                "name":"아파트명",
                "type":"string"
            },
            {
                "name":"투자타입",
                "type":"string"
            },
            {
                "name":"전용면적(m2)",
                "type":"string"
            },
            {
                "name":"전용면적(평)",
                "type":"string"
            },
            {
                "name":"법정동주소",
                "type":"string"
            },
            {
                "name":"도로명주소",
                "type":"string"
            },
            {
                "name":"세대수",
                "type":"integer"
            },
            {
                "name":"입주년차",
                "type":"string"
            },
            {
                "name":"용적률점수",
                "type":"string"
            },
            {
                "name":"건폐율점수",
                "type":"string"
            },
            {
                "name":"세대당주차수",
                "type":"string"
            },
            {
                "name":"난방방식",
                "type":"string"
            },
            {
                "name":"공급면적",
                "type":"string"
            },
            {
                "name":"전용률",
                "type":"string"
            },
            {
                "name":"욕실수",
                "type":"string"
            },
            {
                "name":"현관타입",
                "type":"string"
            },
            {
                "name":"주거총점",
                "type":"number"
            },
            {
                "name":"지역구공급총점",
                "type":"number"
            },
            {
                "name":"역세권",
                "type":"integer"
            },
            {
                "name":"30분내 이동가능 거점",
                "type":"integer"
            },
            {
                "name":"1시간내 이동가능 거점",
                "type":"integer"
            },
            {
                "name":"교통총점",
                "type":"number"
            },
            {
                "name":"백화점",
                "type":"integer"
            },
            {
                "name":"아울렛몰",
                "type":"integer"
            },
            {
                "name":"대형마트",
                "type":"integer"
            },
            {
                "name":"은행",
                "type":"integer"
            },
            {
                "name":"병원",
                "type":"integer"
            },
            {
                "name":"종합병원",
                "type":"integer"
            },
            {
                "name":"공원",
                "type":"integer"
            },
            {
                "name":"혐오시설",
                "type":"integer"
            },
            {
                "name":"인프라총점",
                "type":"number"
            },
            {
                "name":"초등학군",
                "type":"number"
            },
            {
                "name":"중학군",
                "type":"number"
            },
            {
                "name":"학군총점",
                "type":"number"
            },
            {
                "name":"인구수",
                "type":"number"
            },
            {
                "name":"인구증감",
                "type":"number"
            },
            {
                "name":"인구총점",
                "type":"number"
            },
            {
                "name":"일자리",
                "type":"number"
            },
            {
                "name":"소득수준",
                "type":"number"
            },
            {
                "name":"일자리총점",
                "type":"number"
            },
            {
                "name":"가치 총점",
                "type":"number"
            },
            {
                "name":"매매실거래년",
                "type":"string"
            },
            {
                "name":"매매실거래가",
                "type":"number"
            },
            {
                "name":"전세실거래년",
                "type":"number"
            },
            {
                "name":"전세실거래가",
                "type":"number"
            },
            {
                "name":"전세가율",
                "type":"number"
            },
            {
                "name":"장기전세가율평균",
                "type":"number"
            },
            {
                "name":"전세가율거품지수",
                "type":"number"
            },
            {
                "name":"검색코드",
                "type":"integer"
            },
            {
                "name":"세대수",
                "type":"number"
            },
            {
                "name":"준공년월",
                "type":"string"
            },
            {
                "name":"준공년차",
                "type":"number"
            },
            {
                "name":"가까운역이름",
                "type":"string"
            },
            {
                "name":"가까운역거리",
                "type":"number"
            },
            {
                "name":"역세권여부",
                "type":"string"
            },
            {
                "name":"30분이내주요거점역",
                "type":"integer"
            },
            {
                "name":"30분거점역이름",
                "type":"string"
            },
            {
                "name":"1시간이내주요거점역",
                "type":"integer"
            },
            {
                "name":"1시간거점역이름",
                "type":"string"
            },
            {
                "name":"3km이내백화점수",
                "type":"integer"
            },
            {
                "name":"5km이내아울렛몰수",
                "type":"integer"
            },
            {
                "name":"1km이내대형먀트수",
                "type":"integer"
            },
            {
                "name":"500m이내은행수",
                "type":"integer"
            },
            {
                "name":"500m이내병원수",
                "type":"integer"
            },
            {
                "name":"5km이내대형병원수",
                "type":"integer"
            },
            {
                "name":"500m이내공원수",
                "type":"integer"
            },
            {
                "name":"3km이내혐오시설수",
                "type":"integer"
            },
            {
                "name":"초등학교학업성취도",
                "type":"number"
            },
            {
                "name":"중학교학업성취도",
                "type":"number"
            },
            {
                "name":"용적률",
                "type":"integer"
            },
            {
                "name":"건폐율",
                "type":"integer"
            },
            {
                "name":"Y",
                "type":"number"
            },
            {
                "name":"X",
                "type":"number"
            },
            {
                "name":"rank",
                "type":"number"
            },
            {
                "name":"area_info",
                "type":"string"
            },
            {
                "name":"last_sales",
                "type":"string"
            },
            {
                "name":"rank_history",
                "type":"string"
            },
            {
                "name":"rank_gap",
                "type":"integer"
            }
        ],
        "primaryKey":[
            "index"
        ],
        "pandas_version":"1.4.0"
    },
    "data":[
        {
            "index":227,
            "아파트명":"롯데캐슬",
            "투자타입":"일반",
            "전용면적(m2)":"84.83",
            "전용면적(평)":"25평",
            "법정동주소":"경기도 성남시 중원구 중앙동 710",
            "도로명주소":"경기도 성남시 중원구 희망로 415",
            "세대수":50,
            "입주년차":60,
            "용적률점수":"--",
            "건폐율점수":"--",
            "세대당주차수":30,
            "난방방식":30,
            "공급면적":"--",
            "전용률":"--",
            "욕실수":100,
            "현관타입":100,
            "주거총점":57.0,
            "지역구공급총점":0.0,
            "역세권":80,
            "30분내 이동가능 거점":40,
            "1시간내 이동가능 거점":100,
            "교통총점":72.0,
            "백화점":0,
            "아울렛몰":80,
            "대형마트":0,
            "은행":70,
            "병원":100,
            "종합병원":100,
            "공원":0,
            "혐오시설":0,
            "인프라총점":45.0,
            "초등학군":89.98,
            "중학군":42.64,
            "학군총점":52.108,
            "인구수":23.71,
            "인구증감":-16.95,
            "인구총점":11.512,
            "일자리":15.23,
            "소득수준":77.56,
            "일자리총점":33.929,
            "가치 총점":57.9162,
            "매매실거래년":20211023.0,
            "매매실거래가":96500.0,
            "전세실거래년":20211009.0,
            "전세실거래가":54000.0,
            "전세가율":55.96,
            "장기전세가율평균":66.73,
            "전세가율거품지수":10.77,
            "검색코드":102185,
            "세대수":545.0,
            "준공년월":"2012-07-20",
            "준공년차":11.0,
            "가까운역이름":"단대오거리",
            "가까운역거리":231.84,
            "역세권여부":"역세권",
            "30분이내주요거점역":2,
            "30분거점역이름":"['잠실', '서현']",
            "1시간이내주요거점역":12,
            "1시간거점역이름":"['강남', '역삼', '잠실', '판교', '여의도', '양재', '정자', '왕십리', '서현', 'GTX성남(2023년)', 'GTX용인(2023년)', 'GTX동탄(2023년)']",
            "3km이내백화점수":0,
            "5km이내아울렛몰수":1,
            "1km이내대형먀트수":0,
            "500m이내은행수":4,
            "500m이내병원수":60,
            "5km이내대형병원수":4,
            "500m이내공원수":0,
            "3km이내혐오시설수":0,
            "초등학교학업성취도":89.98,
            "중학교학업성취도":70.2,
            "용적률":249,
            "건폐율":20,
            "Y":37.44313,
            "X":127.157872,
            "rank":1.0,
            "area_info":"25평(84.83), 25평(84.84), 25평(84.84), 25평(84.77), 34평(113.28), 34평(113.36), 34평(113.36), 34평(113.24), 34평(113.24), 34평(113.36), 44평(146.0), 44평(146.05)",
            "last_sales":"2021-10-23,96500.0,25평(84.83)",
            "rank_history":[
                [
                    "202203",
                    1
                ],
                [
                    "202202",
                    1
                ],
                [
                    "202201",
                    1
                ]
            ],
            "rank_gap":0
        },
        {
            "index":192,
            "아파트명":"센트럴타운",
            "투자타입":"일반",
            "전용면적(m2)":"98.54",
            "전용면적(평)":"29평",
            "법정동주소":"경기도 성남시 중원구 여수동 600",
            "도로명주소":"경기도 성남시 중원구 성남대로 1000",
            "세대수":90,
            "입주년차":60,
            "용적률점수":"--",
            "건폐율점수":"--",
            "세대당주차수":30,
            "난방방식":100,
            "공급면적":"--",
            "전용률":"--",
            "욕실수":100,
            "현관타입":100,
            "주거총점":78.0,
            "지역구공급총점":0.0,
            "역세권":50,
            "30분내 이동가능 거점":40,
            "1시간내 이동가능 거점":100,
            "교통총점":57.0,
            "백화점":0,
            "아울렛몰":0,
            "대형마트":100,
            "은행":0,
            "병원":60,
            "종합병원":100,
            "공원":100,
            "혐오시설":0,
            "인프라총점":44.0,
            "초등학군":89.98,
            "중학군":52.86,
            "학군총점":60.284,
            "인구수":23.71,
            "인구증감":-16.95,
            "인구총점":11.512,
            "일자리":15.23,
            "소득수준":77.56,
            "일자리총점":33.929,
            "가치 총점":57.7926,
            "매매실거래년":20220128.0,
            "매매실거래가":127000.0,
            "전세실거래년":20211224.0,
            "전세실거래가":67000.0,
            "전세가율":63.21,
            "장기전세가율평균":66.73,
            "전세가율거품지수":3.52,
            "검색코드":102283,
            "세대수":1039.0,
            "준공년월":"2012-12-20",
            "준공년차":11.0,
            "가까운역이름":"야탑",
            "가까운역거리":793.06,
            "역세권여부":"준역세권",
            "30분이내주요거점역":2,
            "30분거점역이름":"['정자', '서현']",
            "1시간이내주요거점역":12,
            "1시간거점역이름":"['강남', '역삼', '잠실', '판교', '양재', '정자', '수원시청', '왕십리', '서현', 'GTX성남(2023년)', 'GTX용인(2023년)', 'GTX동탄(2023년)']",
            "3km이내백화점수":0,
            "5km이내아울렛몰수":0,
            "1km이내대형먀트수":3,
            "500m이내은행수":1,
            "500m이내병원수":14,
            "5km이내대형병원수":6,
            "500m이내공원수":7,
            "3km이내혐오시설수":0,
            "초등학교학업성취도":89.98,
            "중학교학업성취도":88.1,
            "용적률":174,
            "건폐율":22,
            "Y":37.418195,
            "X":127.131365,
            "rank":2.0,
            "area_info":"29평(98.54), 29평(98.56), 29평(98.54), 33평(111.64), 33평(111.57), 33평(111.72), 33평(111.74), 33평(111.71), 33평(111.71), 33평(111.64), 33평(111.57)",
            "last_sales":"2022-01-28,127000.0,33평(111.71)",
            "rank_history":[
                [
                    "202203",
                    2
                ],
                [
                    "202202",
                    3
                ],
                [
                    "202201",
                    2
                ]
            ],
            "rank_gap":1
        },
        {
            "index":98,
            "아파트명":"동부브리앙뜨2",
            "투자타입":"일반",
            "전용면적(m2)":"80.76",
            "전용면적(평)":"24평",
            "법정동주소":"경기도 성남시 중원구 성남동 2163",
            "도로명주소":"경기도 성남시 중원구 광명로 115",
            "세대수":0,
            "입주년차":40,
            "용적률점수":"--",
            "건폐율점수":"--",
            "세대당주차수":0,
            "난방방식":30,
            "공급면적":"--",
            "전용률":"--",
            "욕실수":100,
            "현관타입":100,
            "주거총점":31.0,
            "지역구공급총점":0.0,
            "역세권":80,
            "30분내 이동가능 거점":60,
            "1시간내 이동가능 거점":100,
            "교통총점":78.0,
            "백화점":0,
            "아울렛몰":80,
            "대형마트":80,
            "은행":0,
            "병원":80,
            "종합병원":100,
            "공원":0,
            "혐오시설":0,
            "인프라총점":48.0,
            "초등학군":89.98,
            "중학군":38.86,
            "학군총점":49.084,
            "인구수":23.71,
            "인구증감":-16.95,
            "인구총점":11.512,
            "일자리":15.23,
            "소득수준":77.56,
            "일자리총점":33.929,
            "가치 총점":55.2626,
            "매매실거래년":20110613.0,
            "매매실거래가":30000.0,
            "전세실거래년":null,
            "전세실거래가":null,
            "전세가율":null,
            "장기전세가율평균":66.73,
            "전세가율거품지수":null,
            "검색코드":14293,
            "세대수":71.0,
            "준공년월":"2006-06-08",
            "준공년차":17.0,
            "가까운역이름":"수진",
            "가까운역거리":110.02,
            "역세권여부":"역세권",
            "30분이내주요거점역":3,
            "30분거점역이름":"['잠실', '정자', '서현']",
            "1시간이내주요거점역":12,
            "1시간거점역이름":"['강남', '역삼', '잠실', '판교', '여의도', '양재', '정자', '왕십리', '서현', 'GTX성남(2023년)', 'GTX용인(2023년)', 'GTX동탄(2023년)']",
            "3km이내백화점수":0,
            "5km이내아울렛몰수":1,
            "1km이내대형먀트수":1,
            "500m이내은행수":1,
            "500m이내병원수":38,
            "5km이내대형병원수":5,
            "500m이내공원수":0,
            "3km이내혐오시설수":0,
            "초등학교학업성취도":89.98,
            "중학교학업성취도":64.1,
            "용적률":797,
            "건폐율":79,
            "Y":37.436577,
            "X":127.141266,
            "rank":3.0,
            "area_info":"24평(80.76), 25평(82.77), 25평(82.76), 26평(86.75), 26평(87.35), 28평(94.58), 28평(95.23), 29평(97.73), 29평(98.5), 31평(102.73), 31평(103.71), 31평(104.8), 31평(104.95), 31평(105.25), 32평(106.06), 32평(106.28), 32평(109.01), 45평(151.59)",
            "last_sales":"2011-06-13,30000.0,45평(151.59)",
            "rank_history":[
                [
                    "202203",
                    3
                ],
                [
                    "202202",
                    9999
                ]
            ],
            "rank_gap":9999
        },
        {
            "index":146,
            "아파트명":"크란츠빌II",
            "투자타입":"일반",
            "전용면적(m2)":"104.07",
            "전용면적(평)":"31평",
            "법정동주소":"경기도 성남시 중원구 성남동 3287",
            "도로명주소":"경기도 성남시 중원구 제일로73번길 16",
            "세대수":0,
            "입주년차":40,
            "용적률점수":"--",
            "건폐율점수":"--",
            "세대당주차수":30,
            "난방방식":30,
            "공급면적":"--",
            "전용률":"--",
            "욕실수":100,
            "현관타입":100,
            "주거총점":35.5,
            "지역구공급총점":0.0,
            "역세권":80,
            "30분내 이동가능 거점":60,
            "1시간내 이동가능 거점":100,
            "교통총점":78.0,
            "백화점":0,
            "아울렛몰":80,
            "대형마트":0,
            "은행":70,
            "병원":100,
            "종합병원":100,
            "공원":0,
            "혐오시설":0,
            "인프라총점":45.0,
            "초등학군":89.98,
            "중학군":36.2,
            "학군총점":46.956,
            "인구수":23.71,
            "인구증감":-16.95,
            "인구총점":11.512,
            "일자리":15.23,
            "소득수준":77.56,
            "일자리총점":33.929,
            "가치 총점":54.9434,
            "매매실거래년":20210705.0,
            "매매실거래가":58000.0,
            "전세실거래년":20180103.0,
            "전세실거래가":30000.0,
            "전세가율":88.76,
            "장기전세가율평균":66.73,
            "전세가율거품지수":-22.03,
            "검색코드":12865,
            "세대수":85.0,
            "준공년월":"2004-10-28",
            "준공년차":19.0,
            "가까운역이름":"모란",
            "가까운역거리":331.02,
            "역세권여부":"역세권",
            "30분이내주요거점역":3,
            "30분거점역이름":"['정자', '서현', 'GTX성남(2023년)']",
            "1시간이내주요거점역":15,
            "1시간거점역이름":"['강남', '역삼', '잠실', '판교', '여의도', '을지로3가', '양재', '정자', '수원시청', '왕십리', '수원', '서현', 'GTX성남(2023년)', 'GTX용인(2023년)', 'GTX동탄(2023년)']",
            "3km이내백화점수":0,
            "5km이내아울렛몰수":1,
            "1km이내대형먀트수":0,
            "500m이내은행수":4,
            "500m이내병원수":68,
            "5km이내대형병원수":5,
            "500m이내공원수":0,
            "3km이내혐오시설수":0,
            "초등학교학업성취도":89.98,
            "중학교학업성취도":59.8,
            "용적률":642,
            "건폐율":75,
            "Y":37.433476,
            "X":127.133652,
            "rank":4.0,
            "area_info":"31평(104.07), 32평(105.93), 32평(106.0), 32평(106.44), 32평(106.88)",
            "last_sales":"2021-07-05,58000.0,32평(106.88)",
            "rank_history":[
                [
                    "202203",
                    4
                ],
                [
                    "202202",
                    9999
                ]
            ],
            "rank_gap":9999
        },
        {
            "index":226,
            "아파트명":"은행현대",
            "투자타입":"일반",
            "전용면적(m2)":"102.39",
            "전용면적(평)":"30평",
            "법정동주소":"경기도 성남시 중원구 은행동 1932-6",
            "도로명주소":"경기도 성남시 중원구 자혜로17번길 16",
            "세대수":90,
            "입주년차":0,
            "용적률점수":"--",
            "건폐율점수":"--",
            "세대당주차수":0,
            "난방방식":30,
            "공급면적":"--",
            "전용률":"--",
            "욕실수":100,
            "현관타입":100,
            "주거총점":54.5,
            "지역구공급총점":0.0,
            "역세권":80,
            "30분내 이동가능 거점":20,
            "1시간내 이동가능 거점":100,
            "교통총점":66.0,
            "백화점":0,
            "아울렛몰":80,
            "대형마트":0,
            "은행":20,
            "병원":80,
            "종합병원":100,
            "공원":100,
            "혐오시설":0,
            "인프라총점":41.0,
            "초등학군":89.96,
            "중학군":38.9,
            "학군총점":49.112,
            "인구수":23.71,
            "인구증감":-16.95,
            "인구총점":11.512,
            "일자리":15.23,
            "소득수준":77.56,
            "일자리총점":33.929,
            "가치 총점":53.6668,
            "매매실거래년":20220129.0,
            "매매실거래가":81000.0,
            "전세실거래년":20220211.0,
            "전세실거래가":32500.0,
            "전세가율":40.12,
            "장기전세가율평균":66.73,
            "전세가율거품지수":26.61,
            "검색코드":1742,
            "세대수":1258.0,
            "준공년월":"1995-06-30",
            "준공년차":28.0,
            "가까운역이름":"남한산성입구",
            "가까운역거리":276.6,
            "역세권여부":"역세권",
            "30분이내주요거점역":1,
            "30분거점역이름":"['잠실']",
            "1시간이내주요거점역":11,
            "1시간거점역이름":"['강남', '역삼', '잠실', '판교', '여의도', '양재', '정자', '왕십리', '서현', 'GTX용인(2023년)', 'GTX동탄(2023년)']",
            "3km이내백화점수":0,
            "5km이내아울렛몰수":1,
            "1km이내대형먀트수":0,
            "500m이내은행수":2,
            "500m이내병원수":40,
            "5km이내대형병원수":3,
            "500m이내공원수":7,
            "3km이내혐오시설수":0,
            "초등학교학업성취도":89.96,
            "중학교학업성취도":64.3,
            "용적률":208,
            "건폐율":17,
            "Y":37.451528,
            "X":127.163011,
            "rank":5.0,
            "area_info":"30평(102.39)",
            "last_sales":"2022-01-29,81000.0,30평(102.39)",
            "rank_history":[
                [
                    "202203",
                    5
                ],
                [
                    "202202",
                    2
                ],
                [
                    "202201",
                    3
                ]
            ],
            "rank_gap":-3
        },
        {
            "index":151,
            "아파트명":"프레젠티아(민간임대,도시형)",
            "투자타입":"일반",
            "전용면적(m2)":"26.78",
            "전용면적(평)":"8평",
            "법정동주소":"경기도 성남시 중원구 성남동 4949",
            "도로명주소":"경기도 성남시 중원구 산성대로80번길 8",
            "세대수":0,
            "입주년차":80,
            "용적률점수":"--",
            "건폐율점수":"--",
            "세대당주차수":30,
            "난방방식":30,
            "공급면적":"--",
            "전용률":"--",
            "욕실수":50,
            "현관타입":10,
            "주거총점":29.5,
            "지역구공급총점":0.0,
            "역세권":80,
            "30분내 이동가능 거점":60,
            "1시간내 이동가능 거점":100,
            "교통총점":78.0,
            "백화점":0,
            "아울렛몰":0,
            "대형마트":0,
            "은행":70,
            "병원":100,
            "종합병원":100,
            "공원":100,
            "혐오시설":0,
            "인프라총점":40.0,
            "초등학군":90.01,
            "중학군":36.2,
            "학군총점":46.962,
            "인구수":23.71,
            "인구증감":-16.95,
            "인구총점":11.512,
            "일자리":15.23,
            "소득수준":77.56,
            "일자리총점":33.929,
            "가치 총점":52.2443,
            "매매실거래년":"18000101",
            "매매실거래가":null,
            "전세실거래년":null,
            "전세실거래가":null,
            "전세가율":null,
            "장기전세가율평균":66.73,
            "전세가율거품지수":null,
            "검색코드":123172,
            "세대수":71.0,
            "준공년월":"2014-01-10",
            "준공년차":9.0,
            "가까운역이름":"모란",
            "가까운역거리":244.85,
            "역세권여부":"역세권",
            "30분이내주요거점역":3,
            "30분거점역이름":"['정자', '서현', 'GTX성남(2023년)']",
            "1시간이내주요거점역":16,
            "1시간거점역이름":"['강남', '역삼', '잠실', '판교', '여의도', '을지로3가', '양재', '정자', '수원시청', '평촌', '왕십리', '수원', '서현', 'GTX성남(2023년)', 'GTX용인(2023년)', 'GTX동탄(2023년)']",
            "3km이내백화점수":0,
            "5km이내아울렛몰수":0,
            "1km이내대형먀트수":0,
            "500m이내은행수":3,
            "500m이내병원수":85,
            "5km이내대형병원수":6,
            "500m이내공원수":3,
            "3km이내혐오시설수":0,
            "초등학교학업성취도":90.01,
            "중학교학업성취도":59.8,
            "용적률":210,
            "건폐율":45,
            "Y":37.432625,
            "X":127.127844,
            "rank":6.0,
            "area_info":"8평(26.78), 8평(26.55), 8평(28.99), 8평(28.17), 9평(29.92), 9평(30.05), 9평(30.26), 9평(31.34), 13평(44.75), 16평(53.34), 17평(59.37), 19평(65.12), 20평(66.8), 21평(70.67), 21평(71.2), 22평(72.81)",
            "last_sales":"1800-01-01,nan,8평(26.78)",
            "rank_history":[
                [
                    "202203",
                    6
                ],
                [
                    "202202",
                    9999
                ]
            ],
            "rank_gap":9999
        },
        {
            "index":203,
            "아파트명":"연꽃마을4단지",
            "투자타입":"일반",
            "전용면적(m2)":"126.98",
            "전용면적(평)":"38평",
            "법정동주소":"경기도 성남시 중원구 여수동 601",
            "도로명주소":"경기도 성남시 중원구 여수울로 50",
            "세대수":50,
            "입주년차":60,
            "용적률점수":"--",
            "건폐율점수":"--",
            "세대당주차수":60,
            "난방방식":100,
            "공급면적":"--",
            "전용률":"--",
            "욕실수":100,
            "현관타입":100,
            "주거총점":68.5,
            "지역구공급총점":0.0,
            "역세권":50,
            "30분내 이동가능 거점":20,
            "1시간내 이동가능 거점":100,
            "교통총점":51.0,
            "백화점":0,
            "아울렛몰":0,
            "대형마트":80,
            "은행":0,
            "병원":30,
            "종합병원":100,
            "공원":100,
            "혐오시설":0,
            "인프라총점":38.0,
            "초등학군":89.98,
            "중학군":52.86,
            "학군총점":60.284,
            "인구수":23.71,
            "인구증감":-16.95,
            "인구총점":11.512,
            "일자리":15.23,
            "소득수준":77.56,
            "일자리총점":33.929,
            "가치 총점":51.9926,
            "매매실거래년":20211225.0,
            "매매실거래가":139000.0,
            "전세실거래년":20210821.0,
            "전세실거래가":57800.0,
            "전세가율":45.69,
            "장기전세가율평균":66.73,
            "전세가율거품지수":21.04,
            "검색코드":102609,
            "세대수":456.0,
            "준공년월":"2012-11-30",
            "준공년차":11.0,
            "가까운역이름":"야탑",
            "가까운역거리":955.81,
            "역세권여부":"준역세권",
            "30분이내주요거점역":1,
            "30분거점역이름":"['판교']",
            "1시간이내주요거점역":12,
            "1시간거점역이름":"['강남', '역삼', '잠실', '판교', '양재', '정자', '수원시청', '왕십리', '서현', 'GTX성남(2023년)', 'GTX용인(2023년)', 'GTX동탄(2023년)']",
            "3km이내백화점수":0,
            "5km이내아울렛몰수":0,
            "1km이내대형먀트수":1,
            "500m이내은행수":0,
            "500m이내병원수":9,
            "5km이내대형병원수":6,
            "500m이내공원수":6,
            "3km이내혐오시설수":0,
            "초등학교학업성취도":89.98,
            "중학교학업성취도":88.1,
            "용적률":182,
            "건폐율":20,
            "Y":37.41797,
            "X":127.135682,
            "rank":7.0,
            "area_info":"38평(126.98), 38평(126.97), 38평(126.98), 45평(150.61), 45평(150.61), 50평(167.98), 50평(168.04), 62평(205.32)",
            "last_sales":"2021-12-25,139000.0,45평(150.61)",
            "rank_history":[
                [
                    "202203",
                    7
                ],
                [
                    "202202",
                    4
                ],
                [
                    "202201",
                    4
                ]
            ],
            "rank_gap":-3
        },
        {
            "index":167,
            "아파트명":"한빛스위티",
            "투자타입":"일반",
            "전용면적(m2)":"61.62",
            "전용면적(평)":"18평",
            "법정동주소":"경기도 성남시 중원구 성남동 4031",
            "도로명주소":"경기도 성남시 중원구 성남대로1130번길 26",
            "세대수":0,
            "입주년차":40,
            "용적률점수":"--",
            "건폐율점수":"--",
            "세대당주차수":60,
            "난방방식":30,
            "공급면적":"--",
            "전용률":"--",
            "욕실수":50,
            "현관타입":10,
            "주거총점":26.0,
            "지역구공급총점":0.0,
            "역세권":80,
            "30분내 이동가능 거점":60,
            "1시간내 이동가능 거점":100,
            "교통총점":78.0,
            "백화점":0,
            "아울렛몰":0,
            "대형마트":0,
            "은행":70,
            "병원":100,
            "종합병원":100,
            "공원":80,
            "혐오시설":0,
            "인프라총점":39.4,
            "초등학군":89.98,
            "중학군":36.2,
            "학군총점":46.956,
            "인구수":23.71,
            "인구증감":-16.95,
            "인구총점":11.512,
            "일자리":15.23,
            "소득수준":77.56,
            "일자리총점":33.929,
            "가치 총점":51.3634,
            "매매실거래년":20210429.0,
            "매매실거래가":54000.0,
            "전세실거래년":20170426.0,
            "전세실거래가":15000.0,
            "전세가율":47.17,
            "장기전세가율평균":66.73,
            "전세가율거품지수":19.56,
            "검색코드":13144,
            "세대수":123.0,
            "준공년월":"2005-01-19",
            "준공년차":18.0,
            "가까운역이름":"모란",
            "가까운역거리":428.83,
            "역세권여부":"역세권",
            "30분이내주요거점역":3,
            "30분거점역이름":"['정자', '서현', 'GTX성남(2023년)']",
            "1시간이내주요거점역":16,
            "1시간거점역이름":"['강남', '역삼', '잠실', '판교', '여의도', '을지로3가', '양재', '정자', '수원시청', '평촌', '왕십리', '수원', '서현', 'GTX성남(2023년)', 'GTX용인(2023년)', 'GTX동탄(2023년)']",
            "3km이내백화점수":0,
            "5km이내아울렛몰수":0,
            "1km이내대형먀트수":0,
            "500m이내은행수":4,
            "500m이내병원수":89,
            "5km이내대형병원수":6,
            "500m이내공원수":1,
            "3km이내혐오시설수":0,
            "초등학교학업성취도":89.98,
            "중학교학업성취도":59.8,
            "용적률":392,
            "건폐율":59,
            "Y":37.430718,
            "X":127.132441,
            "rank":8.0,
            "area_info":"18평(61.62), 19평(64.6), 23평(79.33), 25평(85.21), 29평(97.06), 31평(102.94), 31평(104.46), 32평(105.97), 32평(105.97)",
            "last_sales":"2021-04-29,54000.0,32평(105.97)",
            "rank_history":[
                [
                    "202203",
                    8
                ],
                [
                    "202202",
                    7
                ],
                [
                    "202201",
                    7
                ]
            ],
            "rank_gap":-1
        },
        {
            "index":142,
            "아파트명":"신동아파밀리에",
            "투자타입":"일반",
            "전용면적(m2)":"97.02",
            "전용면적(평)":"29평",
            "법정동주소":"경기도 성남시 중원구 성남동 2396",
            "도로명주소":"경기도 성남시 중원구 광명로100번길 4",
            "세대수":0,
            "입주년차":40,
            "용적률점수":"--",
            "건폐율점수":"--",
            "세대당주차수":30,
            "난방방식":30,
            "공급면적":"--",
            "전용률":"--",
            "욕실수":100,
            "현관타입":100,
            "주거총점":35.5,
            "지역구공급총점":0.0,
            "역세권":80,
            "30분내 이동가능 거점":20,
            "1시간내 이동가능 거점":100,
            "교통총점":66.0,
            "백화점":0,
            "아울렛몰":80,
            "대형마트":80,
            "은행":0,
            "병원":60,
            "종합병원":100,
            "공원":0,
            "혐오시설":0,
            "인프라총점":46.0,
            "초등학군":89.98,
            "중학군":38.86,
            "학군총점":49.084,
            "인구수":23.71,
            "인구증감":-16.95,
            "인구총점":11.512,
            "일자리":15.23,
            "소득수준":77.56,
            "일자리총점":33.929,
            "가치 총점":51.3626,
            "매매실거래년":20210803.0,
            "매매실거래가":62500.0,
            "전세실거래년":20190319.0,
            "전세실거래가":26000.0,
            "전세가율":78.79,
            "장기전세가율평균":66.73,
            "전세가율거품지수":-12.06,
            "검색코드":22672,
            "세대수":87.0,
            "준공년월":"2005-06-27",
            "준공년차":18.0,
            "가까운역이름":"수진",
            "가까운역거리":246.02,
            "역세권여부":"역세권",
            "30분이내주요거점역":1,
            "30분거점역이름":"['정자']",
            "1시간이내주요거점역":11,
            "1시간거점역이름":"['강남', '역삼', '잠실', '판교', '양재', '정자', '왕십리', '서현', 'GTX성남(2023년)', 'GTX용인(2023년)', 'GTX동탄(2023년)']",
            "3km이내백화점수":0,
            "5km이내아울렛몰수":1,
            "1km이내대형먀트수":1,
            "500m이내은행수":1,
            "500m이내병원수":12,
            "5km이내대형병원수":5,
            "500m이내공원수":0,
            "3km이내혐오시설수":0,
            "초등학교학업성취도":89.98,
            "중학교학업성취도":64.1,
            "용적률":534,
            "건폐율":78,
            "Y":37.435259,
            "X":127.139733,
            "rank":9.0,
            "area_info":"29평(97.02), 31평(105.26), 34평(113.96), 35평(115.91)",
            "last_sales":"2021-08-03,62500.0,35평(115.91)",
            "rank_history":[
                [
                    "202203",
                    9
                ],
                [
                    "202202",
                    9999
                ]
            ],
            "rank_gap":9999
        },
        {
            "index":116,
            "아파트명":"보미리전빌Ⅲ",
            "투자타입":"일반",
            "전용면적(m2)":"36.01",
            "전용면적(평)":"10평",
            "법정동주소":"경기도 성남시 중원구 성남동 2508",
            "도로명주소":"경기도 성남시 중원구 광명로 114",
            "세대수":0,
            "입주년차":20,
            "용적률점수":"--",
            "건폐율점수":"--",
            "세대당주차수":0,
            "난방방식":30,
            "공급면적":"--",
            "전용률":"--",
            "욕실수":50,
            "현관타입":100,
            "주거총점":22.0,
            "지역구공급총점":0.0,
            "역세권":80,
            "30분내 이동가능 거점":40,
            "1시간내 이동가능 거점":100,
            "교통총점":72.0,
            "백화점":0,
            "아울렛몰":80,
            "대형마트":80,
            "은행":0,
            "병원":80,
            "종합병원":100,
            "공원":0,
            "혐오시설":0,
            "인프라총점":48.0,
            "초등학군":89.98,
            "중학군":38.86,
            "학군총점":49.084,
            "인구수":23.71,
            "인구증감":-16.95,
            "인구총점":11.512,
            "일자리":15.23,
            "소득수준":77.56,
            "일자리총점":33.929,
            "가치 총점":51.3626,
            "매매실거래년":20190306.0,
            "매매실거래가":24900.0,
            "전세실거래년":20160817.0,
            "전세실거래가":6500.0,
            "전세가율":null,
            "장기전세가율평균":66.73,
            "전세가율거품지수":null,
            "검색코드":16017,
            "세대수":150.0,
            "준공년월":"2003-05-13",
            "준공년차":20.0,
            "가까운역이름":"수진",
            "가까운역거리":159.35,
            "역세권여부":"역세권",
            "30분이내주요거점역":2,
            "30분거점역이름":"['잠실', '서현']",
            "1시간이내주요거점역":11,
            "1시간거점역이름":"['강남', '역삼', '잠실', '판교', '양재', '정자', '왕십리', '서현', 'GTX성남(2023년)', 'GTX용인(2023년)', 'GTX동탄(2023년)']",
            "3km이내백화점수":0,
            "5km이내아울렛몰수":1,
            "1km이내대형먀트수":1,
            "500m이내은행수":1,
            "500m이내병원수":30,
            "5km이내대형병원수":5,
            "500m이내공원수":0,
            "3km이내혐오시설수":0,
            "초등학교학업성취도":89.98,
            "중학교학업성취도":64.1,
            "용적률":0,
            "건폐율":0,
            "Y":37.4361,
            "X":127.141351,
            "rank":9.0,
            "area_info":"10평(36.01), 13평(45.3), 17평(56.35), 21평(72.48), 27평(90.61)",
            "last_sales":"2019-03-06,24900.0,27평(90.61)",
            "rank_history":[
                [
                    "202203",
                    9
                ],
                [
                    "202202",
                    5
                ],
                [
                    "202201",
                    5
                ]
            ],
            "rank_gap":-4
        },
        {
            "index":89,
            "아파트명":"금오",
            "투자타입":"일반",
            "전용면적(m2)":"76.55",
            "전용면적(평)":"23평",
            "법정동주소":"경기도 성남시 중원구 성남동 3747",
            "도로명주소":"경기도 성남시 중원구 광명로42번길 23",
            "세대수":0,
            "입주년차":20,
            "용적률점수":"--",
            "건폐율점수":"--",
            "세대당주차수":0,
            "난방방식":30,
            "공급면적":"--",
            "전용률":"--",
            "욕실수":50,
            "현관타입":100,
            "주거총점":22.0,
            "지역구공급총점":0.0,
            "역세권":80,
            "30분내 이동가능 거점":60,
            "1시간내 이동가능 거점":100,
            "교통총점":78.0,
            "백화점":0,
            "아울렛몰":0,
            "대형마트":0,
            "은행":70,
            "병원":100,
            "종합병원":100,
            "공원":80,
            "혐오시설":0,
            "인프라총점":39.4,
            "초등학군":89.98,
            "중학군":36.2,
            "학군총점":46.956,
            "인구수":23.71,
            "인구증감":-16.95,
            "인구총점":11.512,
            "일자리":15.23,
            "소득수준":77.56,
            "일자리총점":33.929,
            "가치 총점":50.5634,
            "매매실거래년":20210618.0,
            "매매실거래가":58000.0,
            "전세실거래년":20210202.0,
            "전세실거래가":34000.0,
            "전세가율":147.83,
            "장기전세가율평균":66.73,
            "전세가율거품지수":-81.1,
            "검색코드":8772,
            "세대수":90.0,
            "준공년월":"2001-09-25",
            "준공년차":22.0,
            "가까운역이름":"모란",
            "가까운역거리":475.53,
            "역세권여부":"역세권",
            "30분이내주요거점역":3,
            "30분거점역이름":"['정자', '서현', 'GTX성남(2023년)']",
            "1시간이내주요거점역":15,
            "1시간거점역이름":"['강남', '역삼', '잠실', '판교', '여의도', '을지로3가', '양재', '정자', '수원시청', '왕십리', '수원', '서현', 'GTX성남(2023년)', 'GTX용인(2023년)', 'GTX동탄(2023년)']",
            "3km이내백화점수":0,
            "5km이내아울렛몰수":0,
            "1km이내대형먀트수":0,
            "500m이내은행수":4,
            "500m이내병원수":61,
            "5km이내대형병원수":6,
            "500m이내공원수":1,
            "3km이내혐오시설수":0,
            "초등학교학업성취도":89.98,
            "중학교학업성취도":59.8,
            "용적률":288,
            "건폐율":33,
            "Y":37.43188,
            "X":127.13462,
            "rank":10.0,
            "area_info":"23평(76.55), 27평(90.0), 27평(92.3), 29평(97.33), 30평(102.19), 31평(103.26)",
            "last_sales":"2021-06-18,58000.0,31평(103.26)",
            "rank_history":[
                [
                    "202203",
                    10
                ],
                [
                    "202202",
                    9999
                ]
            ],
            "rank_gap":9999
        },
        {
            "index":129,
            "아파트명":"세종그랑시아",
            "투자타입":"일반",
            "전용면적(m2)":"64.11",
            "전용면적(평)":"19평",
            "법정동주소":"경기도 성남시 중원구 성남동 2487",
            "도로명주소":"경기도 성남시 중원구 광명로100번길 5",
            "세대수":0,
            "입주년차":40,
            "용적률점수":"--",
            "건폐율점수":"--",
            "세대당주차수":30,
            "난방방식":30,
            "공급면적":"--",
            "전용률":"--",
            "욕실수":50,
            "현관타입":100,
            "주거총점":30.5,
            "지역구공급총점":0.0,
            "역세권":80,
            "30분내 이동가능 거점":0,
            "1시간내 이동가능 거점":100,
            "교통총점":60.0,
            "백화점":0,
            "아울렛몰":80,
            "대형마트":80,
            "은행":0,
            "병원":60,
            "종합병원":100,
            "공원":0,
            "혐오시설":0,
            "인프라총점":46.0,
            "초등학군":89.98,
            "중학군":38.86,
            "학군총점":49.084,
            "인구수":23.71,
            "인구증감":-16.95,
            "인구총점":11.512,
            "일자리":15.23,
            "소득수준":77.56,
            "일자리총점":33.929,
            "가치 총점":48.2626,
            "매매실거래년":20210304.0,
            "매매실거래가":51200.0,
            "전세실거래년":null,
            "전세실거래가":null,
            "전세가율":null,
            "장기전세가율평균":66.73,
            "전세가율거품지수":null,
            "검색코드":18989,
            "세대수":54.0,
            "준공년월":"2005-07-01",
            "준공년차":18.0,
            "가까운역이름":"수진",
            "가까운역거리":237.16,
            "역세권여부":"역세권",
            "30분이내주요거점역":0,
            "30분거점역이름":"[]",
            "1시간이내주요거점역":11,
            "1시간거점역이름":"['강남', '역삼', '잠실', '판교', '양재', '정자', '왕십리', '서현', 'GTX성남(2023년)', 'GTX용인(2023년)', 'GTX동탄(2023년)']",
            "3km이내백화점수":0,
            "5km이내아울렛몰수":1,
            "1km이내대형먀트수":1,
            "500m이내은행수":1,
            "500m이내병원수":14,
            "5km이내대형병원수":5,
            "500m이내공원수":0,
            "3km이내혐오시설수":0,
            "초등학교학업성취도":89.98,
            "중학교학업성취도":64.1,
            "용적률":528,
            "건폐율":73,
            "Y":37.435246,
            "X":127.140457,
            "rank":11.0,
            "area_info":"19평(64.11), 19평(64.72), 20평(68.33), 23평(77.64), 24평(82.32), 26평(88.77), 27평(90.88), 28평(94.08), 29평(98.82), 31평(103.11), 31평(104.69), 31평(104.18), 31평(104.32)",
            "last_sales":"2021-03-04,51200.0,31평(104.32)",
            "rank_history":[
                [
                    "202203",
                    11
                ],
                [
                    "202202",
                    9999
                ]
            ],
            "rank_gap":9999
        },
        {
            "index":251,
            "아파트명":"ym프라젠",
            "투자타입":"일반",
            "전용면적(m2)":"106.77",
            "전용면적(평)":"32평",
            "법정동주소":"경기도 성남시 중원구 하대원동 100-3",
            "도로명주소":"경기도 성남시 중원구 성남대로 1108",
            "세대수":0,
            "입주년차":40,
            "용적률점수":"--",
            "건폐율점수":"--",
            "세대당주차수":30,
            "난방방식":30,
            "공급면적":"--",
            "전용률":"--",
            "욕실수":100,
            "현관타입":100,
            "주거총점":35.5,
            "지역구공급총점":0.0,
            "역세권":50,
            "30분내 이동가능 거점":60,
            "1시간내 이동가능 거점":100,
            "교통총점":63.0,
            "백화점":0,
            "아울렛몰":0,
            "대형마트":0,
            "은행":70,
            "병원":100,
            "종합병원":100,
            "공원":100,
            "혐오시설":0,
            "인프라총점":40.0,
            "초등학군":90.01,
            "중학군":36.2,
            "학군총점":46.962,
            "인구수":23.71,
            "인구증감":-16.95,
            "인구총점":11.512,
            "일자리":15.23,
            "소득수준":77.56,
            "일자리총점":33.929,
            "가치 총점":48.1943,
            "매매실거래년":20210531.0,
            "매매실거래가":58000.0,
            "전세실거래년":20200924.0,
            "전세실거래가":40000.0,
            "전세가율":68.97,
            "장기전세가율평균":66.73,
            "전세가율거품지수":-2.24,
            "검색코드":24639,
            "세대수":52.0,
            "준공년월":"2005-04-25",
            "준공년차":18.0,
            "가까운역이름":"모란",
            "가까운역거리":580.83,
            "역세권여부":"준역세권",
            "30분이내주요거점역":3,
            "30분거점역이름":"['정자', '서현', 'GTX성남(2023년)']",
            "1시간이내주요거점역":14,
            "1시간거점역이름":"['강남', '역삼', '잠실', '판교', '여의도', '양재', '정자', '수원시청', '평촌', '왕십리', '서현', 'GTX성남(2023년)', 'GTX용인(2023년)', 'GTX동탄(2023년)']",
            "3km이내백화점수":0,
            "5km이내아울렛몰수":0,
            "1km이내대형먀트수":0,
            "500m이내은행수":3,
            "500m이내병원수":81,
            "5km이내대형병원수":6,
            "500m이내공원수":3,
            "3km이내혐오시설수":0,
            "초등학교학업성취도":90.01,
            "중학교학업성취도":59.8,
            "용적률":399,
            "건폐율":39,
            "Y":37.428816,
            "X":127.12983,
            "rank":12.0,
            "area_info":"32평(106.77), 32평(107.08)",
            "last_sales":"2021-05-31,58000.0,32평(106.77)",
            "rank_history":[
                [
                    "202203",
                    12
                ],
                [
                    "202202",
                    9999
                ]
            ],
            "rank_gap":9999
        },
        {
            "index":245,
            "아파트명":"중앙힐스테이트2차",
            "투자타입":"일반",
            "전용면적(m2)":"77.04",
            "전용면적(평)":"23평",
            "법정동주소":"경기도 성남시 중원구 중앙동 577",
            "도로명주소":"경기도 성남시 중원구 시민로 66",
            "세대수":80,
            "입주년차":80,
            "용적률점수":"--",
            "건폐율점수":"--",
            "세대당주차수":60,
            "난방방식":30,
            "공급면적":"--",
            "전용률":"--",
            "욕실수":100,
            "현관타입":100,
            "주거총점":76.0,
            "지역구공급총점":0.0,
            "역세권":50,
            "30분내 이동가능 거점":0,
            "1시간내 이동가능 거점":100,
            "교통총점":45.0,
            "백화점":0,
            "아울렛몰":0,
            "대형마트":0,
            "은행":0,
            "병원":60,
            "종합병원":100,
            "공원":100,
            "혐오시설":0,
            "인프라총점":29.0,
            "초등학군":89.98,
            "중학군":34.58,
            "학군총점":45.66,
            "인구수":23.71,
            "인구증감":-16.95,
            "인구총점":11.512,
            "일자리":15.23,
            "소득수준":77.56,
            "일자리총점":33.929,
            "가치 총점":46.499,
            "매매실거래년":20211208.0,
            "매매실거래가":117500.0,
            "전세실거래년":20211106.0,
            "전세실거래가":39000.0,
            "전세가율":45.35,
            "장기전세가율평균":66.73,
            "전세가율거품지수":21.38,
            "검색코드":27076,
            "세대수":751.0,
            "준공년월":"2014-07-07",
            "준공년차":9.0,
            "가까운역이름":"수진",
            "가까운역거리":698.7,
            "역세권여부":"준역세권",
            "30분이내주요거점역":0,
            "30분거점역이름":"[]",
            "1시간이내주요거점역":10,
            "1시간거점역이름":"['강남', '역삼', '잠실', '판교', '양재', '정자', '왕십리', '서현', 'GTX성남(2023년)', 'GTX용인(2023년)']",
            "3km이내백화점수":0,
            "5km이내아울렛몰수":0,
            "1km이내대형먀트수":0,
            "500m이내은행수":1,
            "500m이내병원수":15,
            "5km이내대형병원수":5,
            "500m이내공원수":2,
            "3km이내혐오시설수":0,
            "초등학교학업성취도":89.98,
            "중학교학업성취도":57.1,
            "용적률":243,
            "건폐율":21,
            "Y":37.436367,
            "X":127.148345,
            "rank":13.0,
            "area_info":"23평(77.04), 32평(107.99), 32평(108.53), 32평(108.03), 46평(153.51), 46평(153.2)",
            "last_sales":"2021-12-08,117500.0,46평(153.51)",
            "rank_history":[
                [
                    "202203",
                    13
                ],
                [
                    "202202",
                    9
                ],
                [
                    "202201",
                    9
                ]
            ],
            "rank_gap":-4
        },
        {
            "index":121,
            "아파트명":"성남어울림",
            "투자타입":"일반",
            "전용면적(m2)":"81.12",
            "전용면적(평)":"24평",
            "법정동주소":"경기도 성남시 중원구 성남동 3126",
            "도로명주소":"경기도 성남시 중원구 둔촌대로171번길 6",
            "세대수":50,
            "입주년차":40,
            "용적률점수":"--",
            "건폐율점수":"--",
            "세대당주차수":30,
            "난방방식":30,
            "공급면적":"--",
            "전용률":"--",
            "욕실수":100,
            "현관타입":100,
            "주거총점":53.0,
            "지역구공급총점":0.0,
            "역세권":50,
            "30분내 이동가능 거점":40,
            "1시간내 이동가능 거점":100,
            "교통총점":57.0,
            "백화점":0,
            "아울렛몰":0,
            "대형마트":0,
            "은행":20,
            "병원":30,
            "종합병원":100,
            "공원":0,
            "혐오시설":0,
            "인프라총점":25.0,
            "초등학군":89.97,
            "중학군":46.08,
            "학군총점":54.858,
            "인구수":23.71,
            "인구증감":-16.95,
            "인구총점":11.512,
            "일자리":15.23,
            "소득수준":77.56,
            "일자리총점":33.929,
            "가치 총점":46.2787,
            "매매실거래년":20210417.0,
            "매매실거래가":89500.0,
            "전세실거래년":20210716.0,
            "전세실거래가":55000.0,
            "전세가율":71.15,
            "장기전세가율평균":66.73,
            "전세가율거품지수":-4.42,
            "검색코드":18542,
            "세대수":507.0,
            "준공년월":"2006-08-29",
            "준공년차":17.0,
            "가까운역이름":"수진",
            "가까운역거리":769.45,
            "역세권여부":"준역세권",
            "30분이내주요거점역":2,
            "30분거점역이름":"['정자', '서현']",
            "1시간이내주요거점역":11,
            "1시간거점역이름":"['강남', '역삼', '잠실', '판교', '양재', '정자', '왕십리', '서현', 'GTX성남(2023년)', 'GTX용인(2023년)', 'GTX동탄(2023년)']",
            "3km이내백화점수":0,
            "5km이내아울렛몰수":0,
            "1km이내대형먀트수":0,
            "500m이내은행수":2,
            "500m이내병원수":6,
            "5km이내대형병원수":6,
            "500m이내공원수":0,
            "3km이내혐오시설수":0,
            "초등학교학업성취도":89.97,
            "중학교학업성취도":76.8,
            "용적률":239,
            "건폐율":20,
            "Y":37.430637,
            "X":127.138566,
            "rank":14.0,
            "area_info":"24평(81.12), 29평(96.1), 32평(108.37), 43평(142.2)",
            "last_sales":"2021-04-17,89500.0,43평(142.2)",
            "rank_history":[
                [
                    "202203",
                    14
                ],
                [
                    "202202",
                    10
                ],
                [
                    "202201",
                    10
                ]
            ],
            "rank_gap":-4
        },
        {
            "index":0,
            "아파트명":"금광삼익",
            "투자타입":"재건축",
            "전용면적(m2)":"47.39",
            "전용면적(평)":"14평",
            "법정동주소":"경기도 성남시 중원구 금광동 3950",
            "도로명주소":"경기도 성남시 중원구 자혜로16번길 9",
            "세대수":50,
            "입주년차":"--",
            "용적률점수":0,
            "건폐율점수":0,
            "세대당주차수":"--",
            "난방방식":"--",
            "공급면적":50,
            "전용률":60,
            "욕실수":"--",
            "현관타입":"--",
            "주거총점":20.5,
            "지역구공급총점":0.0,
            "역세권":80,
            "30분내 이동가능 거점":20,
            "1시간내 이동가능 거점":100,
            "교통총점":66.0,
            "백화점":0,
            "아울렛몰":80,
            "대형마트":0,
            "은행":0,
            "병원":80,
            "종합병원":100,
            "공원":100,
            "혐오시설":0,
            "인프라총점":39.0,
            "초등학군":89.98,
            "중학군":38.9,
            "학군총점":49.116,
            "인구수":23.71,
            "인구증감":-16.95,
            "인구총점":11.512,
            "일자리":15.23,
            "소득수준":77.56,
            "일자리총점":33.929,
            "가치 총점":46.2674,
            "매매실거래년":20211231.0,
            "매매실거래가":49300.0,
            "전세실거래년":20220223.0,
            "전세실거래가":15200.0,
            "전세가율":30.83,
            "장기전세가율평균":66.73,
            "전세가율거품지수":35.9,
            "검색코드":2657,
            "세대수":498.0,
            "준공년월":"1991-12-24",
            "준공년차":32.0,
            "가까운역이름":"남한산성입구",
            "가까운역거리":275.03,
            "역세권여부":"역세권",
            "30분이내주요거점역":1,
            "30분거점역이름":"['잠실']",
            "1시간이내주요거점역":12,
            "1시간거점역이름":"['강남', '역삼', '잠실', '판교', '여의도', '양재', '정자', '왕십리', '서현', 'GTX성남(2023년)', 'GTX용인(2023년)', 'GTX동탄(2023년)']",
            "3km이내백화점수":0,
            "5km이내아울렛몰수":1,
            "1km이내대형먀트수":0,
            "500m이내은행수":1,
            "500m이내병원수":42,
            "5km이내대형병원수":3,
            "500m이내공원수":2,
            "3km이내혐오시설수":0,
            "초등학교학업성취도":89.98,
            "중학교학업성취도":64.3,
            "용적률":0,
            "건폐율":0,
            "Y":37.449526,
            "X":127.161439,
            "rank":15.0,
            "area_info":"14평(47.39), 18평(60.08)",
            "last_sales":"2021-12-31,49300.0,14평(47.39)",
            "rank_history":[
                [
                    "202203",
                    15
                ],
                [
                    "202202",
                    8
                ],
                [
                    "202201",
                    8
                ]
            ],
            "rank_gap":-7
        },
        {
            "index":283,
            "아파트명":"제일",
            "투자타입":"재건축",
            "전용면적(m2)":"62.51",
            "전용면적(평)":"18평",
            "법정동주소":"경기도 성남시 중원구 하대원동 111-7",
            "도로명주소":"경기도 성남시 중원구 둔촌대로190번길 2",
            "세대수":0,
            "입주년차":"--",
            "용적률점수":80,
            "건폐율점수":80,
            "세대당주차수":"--",
            "난방방식":"--",
            "공급면적":50,
            "전용률":80,
            "욕실수":"--",
            "현관타입":"--",
            "주거총점":54.5,
            "지역구공급총점":0.0,
            "역세권":50,
            "30분내 이동가능 거점":40,
            "1시간내 이동가능 거점":100,
            "교통총점":57.0,
            "백화점":0,
            "아울렛몰":0,
            "대형마트":0,
            "은행":0,
            "병원":30,
            "종합병원":100,
            "공원":0,
            "혐오시설":0,
            "인프라총점":23.0,
            "초등학군":89.97,
            "중학군":46.08,
            "학군총점":54.858,
            "인구수":23.71,
            "인구증감":-16.95,
            "인구총점":11.512,
            "일자리":15.23,
            "소득수준":77.56,
            "일자리총점":33.929,
            "가치 총점":45.9787,
            "매매실거래년":20210908.0,
            "매매실거래가":30000.0,
            "전세실거래년":20211027.0,
            "전세실거래가":20000.0,
            "전세가율":66.67,
            "장기전세가율평균":66.73,
            "전세가율거품지수":0.06,
            "검색코드":10189,
            "세대수":132.0,
            "준공년월":"1984-12-11",
            "준공년차":39.0,
            "가까운역이름":"수진",
            "가까운역거리":945.05,
            "역세권여부":"준역세권",
            "30분이내주요거점역":2,
            "30분거점역이름":"['정자', '서현']",
            "1시간이내주요거점역":11,
            "1시간거점역이름":"['강남', '역삼', '잠실', '판교', '양재', '정자', '왕십리', '서현', 'GTX성남(2023년)', 'GTX용인(2023년)', 'GTX동탄(2023년)']",
            "3km이내백화점수":0,
            "5km이내아울렛몰수":0,
            "1km이내대형먀트수":0,
            "500m이내은행수":1,
            "500m이내병원수":5,
            "5km이내대형병원수":6,
            "500m이내공원수":0,
            "3km이내혐오시설수":0,
            "초등학교학업성취도":89.97,
            "중학교학업성취도":76.8,
            "용적률":171,
            "건폐율":29,
            "Y":37.428973,
            "X":127.138947,
            "rank":16.0,
            "area_info":"18평(62.51), 19평(63.01), 20평(67.63), 21평(69.63), 20평(69.25), 21평(70.19), 22평(72.82), 22평(73.41)",
            "last_sales":"2021-09-08,30000.0,18평(62.51)",
            "rank_history":[
                [
                    "202203",
                    16
                ],
                [
                    "202202",
                    11
                ],
                [
                    "202201",
                    11
                ]
            ],
            "rank_gap":-5
        },
        {
            "index":211,
            "아파트명":"두산위브",
            "투자타입":"일반",
            "전용면적(m2)":"81.62",
            "전용면적(평)":"24평",
            "법정동주소":"경기도 성남시 중원구 은행동 1740",
            "도로명주소":"경기도 성남시 중원구 은행로 13",
            "세대수":50,
            "입주년차":20,
            "용적률점수":"--",
            "건폐율점수":"--",
            "세대당주차수":0,
            "난방방식":30,
            "공급면적":"--",
            "전용률":"--",
            "욕실수":50,
            "현관타입":100,
            "주거총점":39.5,
            "지역구공급총점":0.0,
            "역세권":50,
            "30분내 이동가능 거점":0,
            "1시간내 이동가능 거점":100,
            "교통총점":45.0,
            "백화점":0,
            "아울렛몰":80,
            "대형마트":0,
            "은행":20,
            "병원":80,
            "종합병원":100,
            "공원":100,
            "혐오시설":0,
            "인프라총점":41.0,
            "초등학군":89.97,
            "중학군":50.22,
            "학군총점":58.17,
            "인구수":23.71,
            "인구증감":-16.95,
            "인구총점":11.512,
            "일자리":15.23,
            "소득수준":77.56,
            "일자리총점":33.929,
            "가치 총점":44.6755,
            "매매실거래년":20211120.0,
            "매매실거래가":68300.0,
            "전세실거래년":20220218.0,
            "전세실거래가":35000.0,
            "전세가율":51.24,
            "장기전세가율평균":66.73,
            "전세가율거품지수":15.49,
            "검색코드":26993,
            "세대수":432.0,
            "준공년월":"2003-05-27",
            "준공년차":20.0,
            "가까운역이름":"남한산성입구",
            "가까운역거리":587.11,
            "역세권여부":"준역세권",
            "30분이내주요거점역":0,
            "30분거점역이름":"[]",
            "1시간이내주요거점역":10,
            "1시간거점역이름":"['강남', '역삼', '잠실', '판교', '양재', '정자', '왕십리', '서현', 'GTX성남(2023년)', 'GTX용인(2023년)']",
            "3km이내백화점수":0,
            "5km이내아울렛몰수":1,
            "1km이내대형먀트수":0,
            "500m이내은행수":2,
            "500m이내병원수":50,
            "5km이내대형병원수":3,
            "500m이내공원수":13,
            "3km이내혐오시설수":0,
            "초등학교학업성취도":89.97,
            "중학교학업성취도":83.7,
            "용적률":249,
            "건폐율":29,
            "Y":37.455664,
            "X":127.164231,
            "rank":17.0,
            "area_info":"24평(81.62)",
            "last_sales":"2021-11-20,68300.0,24평(81.62)",
            "rank_history":[
                [
                    "202203",
                    17
                ],
                [
                    "202202",
                    12
                ],
                [
                    "202201",
                    12
                ]
            ],
            "rank_gap":-5
        },
        {
            "index":95,
            "아파트명":"대동다숲",
            "투자타입":"일반",
            "전용면적(m2)":"109.98",
            "전용면적(평)":"33평",
            "법정동주소":"경기도 성남시 중원구 성남동 3757",
            "도로명주소":"경기도 성남시 중원구 제일로 55",
            "세대수":0,
            "입주년차":40,
            "용적률점수":"--",
            "건폐율점수":"--",
            "세대당주차수":30,
            "난방방식":30,
            "공급면적":"--",
            "전용률":"--",
            "욕실수":100,
            "현관타입":100,
            "주거총점":35.5,
            "지역구공급총점":0.0,
            "역세권":50,
            "30분내 이동가능 거점":60,
            "1시간내 이동가능 거점":100,
            "교통총점":63.0,
            "백화점":0,
            "아울렛몰":0,
            "대형마트":0,
            "은행":20,
            "병원":60,
            "종합병원":100,
            "공원":0,
            "혐오시설":0,
            "인프라총점":28.0,
            "초등학군":89.98,
            "중학군":36.2,
            "학군총점":46.956,
            "인구수":23.71,
            "인구증감":-16.95,
            "인구총점":11.512,
            "일자리":15.23,
            "소득수준":77.56,
            "일자리총점":33.929,
            "가치 총점":44.5934,
            "매매실거래년":20200111.0,
            "매매실거래가":37500.0,
            "전세실거래년":null,
            "전세실거래가":null,
            "전세가율":null,
            "장기전세가율평균":66.73,
            "전세가율거품지수":null,
            "검색코드":23916,
            "세대수":62.0,
            "준공년월":"2006-03-03",
            "준공년차":17.0,
            "가까운역이름":"모란",
            "가까운역거리":558.85,
            "역세권여부":"준역세권",
            "30분이내주요거점역":3,
            "30분거점역이름":"['정자', '서현', 'GTX성남(2023년)']",
            "1시간이내주요거점역":13,
            "1시간거점역이름":"['강남', '역삼', '잠실', '판교', '여의도', '양재', '정자', '수원시청', '왕십리', '서현', 'GTX성남(2023년)', 'GTX용인(2023년)', 'GTX동탄(2023년)']",
            "3km이내백화점수":0,
            "5km이내아울렛몰수":0,
            "1km이내대형먀트수":0,
            "500m이내은행수":2,
            "500m이내병원수":10,
            "5km이내대형병원수":5,
            "500m이내공원수":0,
            "3km이내혐오시설수":0,
            "초등학교학업성취도":89.98,
            "중학교학업성취도":59.8,
            "용적률":399,
            "건폐율":56,
            "Y":37.431986,
            "X":127.135748,
            "rank":18.0,
            "area_info":"33평(109.98), 34평(112.44), 34평(112.79)",
            "last_sales":"2020-01-11,37500.0,34평(112.79)",
            "rank_history":[
                [
                    "202203",
                    18
                ],
                [
                    "202202",
                    9999
                ]
            ],
            "rank_gap":9999
        },
        {
            "index":212,
            "아파트명":"은행주공1",
            "투자타입":"재건축",
            "전용면적(m2)":"34.8",
            "전용면적(평)":"10평",
            "법정동주소":"경기도 성남시 중원구 은행동 550",
            "도로명주소":"경기도 성남시 중원구 산성대로552번길 15",
            "세대수":100,
            "입주년차":"--",
            "용적률점수":100,
            "건폐율점수":100,
            "세대당주차수":"--",
            "난방방식":"--",
            "공급면적":50,
            "전용률":80,
            "욕실수":"--",
            "현관타입":"--",
            "주거총점":96.5,
            "지역구공급총점":0.0,
            "역세권":0,
            "30분내 이동가능 거점":0,
            "1시간내 이동가능 거점":90,
            "교통총점":18.0,
            "백화점":0,
            "아울렛몰":80,
            "대형마트":0,
            "은행":0,
            "병원":30,
            "종합병원":100,
            "공원":100,
            "혐오시설":0,
            "인프라총점":34.0,
            "초등학군":89.97,
            "중학군":45.36,
            "학군총점":54.282,
            "인구수":23.71,
            "인구증감":-16.95,
            "인구총점":11.512,
            "일자리":15.23,
            "소득수준":77.56,
            "일자리총점":33.929,
            "가치 총점":43.9423,
            "매매실거래년":20220104.0,
            "매매실거래가":90000.0,
            "전세실거래년":20220122.0,
            "전세실거래가":6000.0,
            "전세가율":13.04,
            "장기전세가율평균":66.73,
            "전세가율거품지수":53.69,
            "검색코드":25052,
            "세대수":1900.0,
            "준공년월":"1987-06-20",
            "준공년차":36.0,
            "가까운역이름":"남한산성입구",
            "가까운역거리":1318.74,
            "역세권여부":"비역세권",
            "30분이내주요거점역":0,
            "30분거점역이름":"[]",
            "1시간이내주요거점역":9,
            "1시간거점역이름":"['강남', '역삼', '잠실', '판교', '정자', '왕십리', '서현', 'GTX성남(2023년)', 'GTX용인(2023년)']",
            "3km이내백화점수":0,
            "5km이내아울렛몰수":1,
            "1km이내대형먀트수":0,
            "500m이내은행수":0,
            "500m이내병원수":7,
            "5km이내대형병원수":3,
            "500m이내공원수":5,
            "3km이내혐오시설수":0,
            "초등학교학업성취도":89.97,
            "중학교학업성취도":75.6,
            "용적률":116,
            "건폐율":9,
            "Y":37.459863,
            "X":127.170683,
            "rank":19.0,
            "area_info":"10평(34.8), 10평(35.1), 14평(46.58), 22평(75.45), 25평(83.73), 26평(88.81), 27평(90.58), 27평(90.34), 27평(91.56), 28평(94.23), 28평(94.57), 31평(102.57), 31평(102.63)",
            "last_sales":"2022-01-04,90000.0,27평(90.34)",
            "rank_history":[
                [
                    "202203",
                    19
                ],
                [
                    "202202",
                    14
                ],
                [
                    "202201",
                    14
                ]
            ],
            "rank_gap":-5
        },
        {
            "index":2,
            "아파트명":"단남",
            "투자타입":"일반",
            "전용면적(m2)":"79.44",
            "전용면적(평)":"24평",
            "법정동주소":"경기도 성남시 중원구 금광동 92",
            "도로명주소":"경기도 성남시 중원구 희망로 412",
            "세대수":0,
            "입주년차":20,
            "용적률점수":"--",
            "건폐율점수":"--",
            "세대당주차수":0,
            "난방방식":30,
            "공급면적":"--",
            "전용률":"--",
            "욕실수":50,
            "현관타입":100,
            "주거총점":22.0,
            "지역구공급총점":0.0,
            "역세권":80,
            "30분내 이동가능 거점":0,
            "1시간내 이동가능 거점":100,
            "교통총점":60.0,
            "백화점":0,
            "아울렛몰":0,
            "대형마트":0,
            "은행":20,
            "병원":100,
            "종합병원":100,
            "공원":0,
            "혐오시설":0,
            "인프라총점":32.0,
            "초등학군":89.98,
            "중학군":38.9,
            "학군총점":49.116,
            "인구수":23.71,
            "인구증감":-16.95,
            "인구총점":11.512,
            "일자리":15.23,
            "소득수준":77.56,
            "일자리총점":33.929,
            "가치 총점":42.3674,
            "매매실거래년":20211205.0,
            "매매실거래가":64800.0,
            "전세실거래년":20220219.0,
            "전세실거래가":25200.0,
            "전세가율":38.89,
            "장기전세가율평균":66.73,
            "전세가율거품지수":27.84,
            "검색코드":24072,
            "세대수":160.0,
            "준공년월":"2000-12-14",
            "준공년차":23.0,
            "가까운역이름":"단대오거리",
            "가까운역거리":441.56,
            "역세권여부":"역세권",
            "30분이내주요거점역":0,
            "30분거점역이름":"[]",
            "1시간이내주요거점역":10,
            "1시간거점역이름":"['강남', '역삼', '잠실', '판교', '양재', '정자', '왕십리', '서현', 'GTX성남(2023년)', 'GTX용인(2023년)']",
            "3km이내백화점수":0,
            "5km이내아울렛몰수":0,
            "1km이내대형먀트수":0,
            "500m이내은행수":2,
            "500m이내병원수":61,
            "5km이내대형병원수":4,
            "500m이내공원수":0,
            "3km이내혐오시설수":0,
            "초등학교학업성취도":89.98,
            "중학교학업성취도":64.3,
            "용적률":189,
            "건폐율":21,
            "Y":37.44214,
            "X":127.16021,
            "rank":20.0,
            "area_info":"24평(79.44)",
            "last_sales":"2021-12-05,64800.0,24평(79.44)",
            "rank_history":[
                [
                    "202203",
                    20
                ],
                [
                    "202202",
                    13
                ],
                [
                    "202201",
                    13
                ]
            ],
            "rank_gap":-7
        },
        {
            "index":239,
            "아파트명":"중앙힐스테이트1차",
            "투자타입":"일반",
            "전용면적(m2)":"76.86",
            "전용면적(평)":"23평",
            "법정동주소":"경기도 성남시 중원구 중앙동 578",
            "도로명주소":"경기도 성남시 중원구 시민로66번길 21",
            "세대수":30,
            "입주년차":60,
            "용적률점수":"--",
            "건폐율점수":"--",
            "세대당주차수":60,
            "난방방식":30,
            "공급면적":"--",
            "전용률":"--",
            "욕실수":100,
            "현관타입":100,
            "주거총점":54.5,
            "지역구공급총점":0.0,
            "역세권":50,
            "30분내 이동가능 거점":0,
            "1시간내 이동가능 거점":100,
            "교통총점":45.0,
            "백화점":0,
            "아울렛몰":0,
            "대형마트":0,
            "은행":0,
            "병원":60,
            "종합병원":100,
            "공원":100,
            "혐오시설":0,
            "인프라총점":29.0,
            "초등학군":89.98,
            "중학군":34.58,
            "학군총점":45.66,
            "인구수":23.71,
            "인구증감":-16.95,
            "인구총점":11.512,
            "일자리":15.23,
            "소득수준":77.56,
            "일자리총점":33.929,
            "가치 총점":42.199,
            "매매실거래년":20211210.0,
            "매매실거래가":117000.0,
            "전세실거래년":20211112.0,
            "전세실거래가":35700.0,
            "전세가율":40.11,
            "장기전세가율평균":66.73,
            "전세가율거품지수":26.62,
            "검색코드":27075,
            "세대수":356.0,
            "준공년월":"2012-05-21",
            "준공년차":11.0,
            "가까운역이름":"수진",
            "가까운역거리":838.26,
            "역세권여부":"준역세권",
            "30분이내주요거점역":0,
            "30분거점역이름":"[]",
            "1시간이내주요거점역":10,
            "1시간거점역이름":"['강남', '역삼', '잠실', '판교', '양재', '정자', '왕십리', '서현', 'GTX성남(2023년)', 'GTX용인(2023년)']",
            "3km이내백화점수":0,
            "5km이내아울렛몰수":0,
            "1km이내대형먀트수":0,
            "500m이내은행수":1,
            "500m이내병원수":12,
            "5km이내대형병원수":5,
            "500m이내공원수":2,
            "3km이내혐오시설수":0,
            "초등학교학업성취도":89.98,
            "중학교학업성취도":57.1,
            "용적률":234,
            "건폐율":22,
            "Y":37.437036,
            "X":127.150019,
            "rank":21.0,
            "area_info":"23평(76.86), 32평(107.75), 32평(107.77), 32평(108.27), 46평(152.81), 46평(153.15)",
            "last_sales":"2021-12-10,117000.0,46평(153.15)",
            "rank_history":[
                [
                    "202203",
                    21
                ],
                [
                    "202202",
                    6
                ],
                [
                    "202201",
                    6
                ]
            ],
            "rank_gap":-15
        },
        {
            "index":125,
            "아파트명":"성남현대",
            "투자타입":"재건축",
            "전용면적(m2)":"56.51",
            "전용면적(평)":"17평",
            "법정동주소":"경기도 성남시 중원구 성남동 3121",
            "도로명주소":"경기도 성남시 중원구 둔촌대로 193",
            "세대수":30,
            "입주년차":"--",
            "용적률점수":0,
            "건폐율점수":80,
            "세대당주차수":"--",
            "난방방식":"--",
            "공급면적":50,
            "전용률":60,
            "욕실수":"--",
            "현관타입":"--",
            "주거총점":30.5,
            "지역구공급총점":0.0,
            "역세권":50,
            "30분내 이동가능 거점":40,
            "1시간내 이동가능 거점":100,
            "교통총점":57.0,
            "백화점":0,
            "아울렛몰":0,
            "대형마트":0,
            "은행":0,
            "병원":30,
            "종합병원":100,
            "공원":80,
            "혐오시설":0,
            "인프라총점":25.4,
            "초등학군":89.97,
            "중학군":46.08,
            "학군총점":54.858,
            "인구수":23.71,
            "인구증감":-16.95,
            "인구총점":11.512,
            "일자리":15.23,
            "소득수준":77.56,
            "일자리총점":33.929,
            "가치 총점":41.8987,
            "매매실거래년":20211004.0,
            "매매실거래가":61500.0,
            "전세실거래년":20220205.0,
            "전세실거래가":25000.0,
            "전세가율":47.57,
            "장기전세가율평균":66.73,
            "전세가율거품지수":19.16,
            "검색코드":1733,
            "세대수":375.0,
            "준공년월":"1992-10-10",
            "준공년차":31.0,
            "가까운역이름":"수진",
            "가까운역거리":901.25,
            "역세권여부":"준역세권",
            "30분이내주요거점역":2,
            "30분거점역이름":"['정자', '서현']",
            "1시간이내주요거점역":12,
            "1시간거점역이름":"['강남', '역삼', '잠실', '판교', '양재', '정자', '수원시청', '왕십리', '서현', 'GTX성남(2023년)', 'GTX용인(2023년)', 'GTX동탄(2023년)']",
            "3km이내백화점수":0,
            "5km이내아울렛몰수":0,
            "1km이내대형먀트수":0,
            "500m이내은행수":1,
            "500m이내병원수":5,
            "5km이내대형병원수":6,
            "500m이내공원수":1,
            "3km이내혐오시설수":0,
            "초등학교학업성취도":89.97,
            "중학교학업성취도":76.8,
            "용적률":298,
            "건폐율":20,
            "Y":37.429273,
            "X":127.140593,
            "rank":22.0,
            "area_info":"17평(56.51), 20평(68.32), 25평(83.13), 30평(101.79)",
            "last_sales":"2021-10-04,61500.0,20평(68.32)",
            "rank_history":[
                [
                    "202203",
                    22
                ],
                [
                    "202202",
                    15
                ],
                [
                    "202201",
                    15
                ]
            ],
            "rank_gap":-7
        },
        {
            "index":291,
            "아파트명":"주원파크빌",
            "투자타입":"일반",
            "전용면적(m2)":"104.47",
            "전용면적(평)":"31평",
            "법정동주소":"경기도 성남시 중원구 하대원동 105-2",
            "도로명주소":"경기도 성남시 중원구 둔촌대로 154",
            "세대수":0,
            "입주년차":40,
            "용적률점수":"--",
            "건폐율점수":"--",
            "세대당주차수":0,
            "난방방식":30,
            "공급면적":"--",
            "전용률":"--",
            "욕실수":100,
            "현관타입":100,
            "주거총점":31.0,
            "지역구공급총점":0.0,
            "역세권":50,
            "30분내 이동가능 거점":40,
            "1시간내 이동가능 거점":100,
            "교통총점":57.0,
            "백화점":0,
            "아울렛몰":0,
            "대형마트":0,
            "은행":0,
            "병원":30,
            "종합병원":100,
            "공원":80,
            "혐오시설":0,
            "인프라총점":25.4,
            "초등학군":89.97,
            "중학군":36.2,
            "학군총점":46.954,
            "인구수":23.71,
            "인구증감":-16.95,
            "인구총점":11.512,
            "일자리":15.23,
            "소득수준":77.56,
            "일자리총점":33.929,
            "가치 총점":40.8131,
            "매매실거래년":20210603.0,
            "매매실거래가":61000.0,
            "전세실거래년":20211224.0,
            "전세실거래가":31500.0,
            "전세가율":63.64,
            "장기전세가율평균":66.73,
            "전세가율거품지수":3.09,
            "검색코드":25007,
            "세대수":70.0,
            "준공년월":"2006-02-15",
            "준공년차":17.0,
            "가까운역이름":"모란",
            "가까운역거리":760.74,
            "역세권여부":"준역세권",
            "30분이내주요거점역":2,
            "30분거점역이름":"['정자', '서현']",
            "1시간이내주요거점역":11,
            "1시간거점역이름":"['강남', '역삼', '잠실', '판교', '정자', '수원시청', '왕십리', '서현', 'GTX성남(2023년)', 'GTX용인(2023년)', 'GTX동탄(2023년)']",
            "3km이내백화점수":0,
            "5km이내아울렛몰수":0,
            "1km이내대형먀트수":0,
            "500m이내은행수":1,
            "500m이내병원수":6,
            "5km이내대형병원수":6,
            "500m이내공원수":1,
            "3km이내혐오시설수":0,
            "초등학교학업성취도":89.97,
            "중학교학업성취도":59.8,
            "용적률":459,
            "건폐율":59,
            "Y":37.42903,
            "X":127.13584,
            "rank":23.0,
            "area_info":"31평(104.47), 31평(104.51), 32평(105.99)",
            "last_sales":"2021-06-03,61000.0,31평(104.51)",
            "rank_history":[
                [
                    "202203",
                    23
                ],
                [
                    "202202",
                    9999
                ]
            ],
            "rank_gap":9999
        },
        {
            "index":298,
            "아파트명":"하대원삼남",
            "투자타입":"재건축",
            "전용면적(m2)":"40.8",
            "전용면적(평)":"12평",
            "법정동주소":"경기도 성남시 중원구 하대원동 119",
            "도로명주소":"경기도 성남시 중원구 둔촌대로217번길 11",
            "세대수":0,
            "입주년차":"--",
            "용적률점수":20,
            "건폐율점수":40,
            "세대당주차수":"--",
            "난방방식":"--",
            "공급면적":50,
            "전용률":100,
            "욕실수":"--",
            "현관타입":"--",
            "주거총점":23.5,
            "지역구공급총점":0.0,
            "역세권":50,
            "30분내 이동가능 거점":40,
            "1시간내 이동가능 거점":100,
            "교통총점":57.0,
            "백화점":0,
            "아울렛몰":0,
            "대형마트":0,
            "은행":0,
            "병원":30,
            "종합병원":100,
            "공원":80,
            "혐오시설":0,
            "인프라총점":25.4,
            "초등학군":89.97,
            "중학군":46.08,
            "학군총점":54.858,
            "인구수":23.71,
            "인구증감":-16.95,
            "인구총점":11.512,
            "일자리":15.23,
            "소득수준":77.56,
            "일자리총점":33.929,
            "가치 총점":40.4987,
            "매매실거래년":20210320.0,
            "매매실거래가":32300.0,
            "전세실거래년":20171007.0,
            "전세실거래가":13000.0,
            "전세가율":49.24,
            "장기전세가율평균":66.73,
            "전세가율거품지수":17.49,
            "검색코드":10193,
            "세대수":105.0,
            "준공년월":"1986-08-11",
            "준공년차":37.0,
            "가까운역이름":"수진",
            "가까운역거리":907.94,
            "역세권여부":"준역세권",
            "30분이내주요거점역":2,
            "30분거점역이름":"['정자', '서현']",
            "1시간이내주요거점역":11,
            "1시간거점역이름":"['강남', '역삼', '잠실', '판교', '양재', '정자', '왕십리', '서현', 'GTX성남(2023년)', 'GTX용인(2023년)', 'GTX동탄(2023년)']",
            "3km이내백화점수":0,
            "5km이내아울렛몰수":0,
            "1km이내대형먀트수":0,
            "500m이내은행수":1,
            "500m이내병원수":5,
            "5km이내대형병원수":6,
            "500m이내공원수":1,
            "3km이내혐오시설수":0,
            "초등학교학업성취도":89.97,
            "중학교학업성취도":76.8,
            "용적률":213,
            "건폐율":37,
            "Y":37.429283,
            "X":127.141881,
            "rank":24.0,
            "area_info":"12평(40.8), 14평(47.88), 14평(47.34), 15평(49.86), 14평(49.5), 15평(49.68), 15평(51.33), 15평(52.74), 16평(52.92), 16평(54.72), 16평(54.54), 16평(55.26), 18평(59.94)",
            "last_sales":"2021-03-20,32300.0,18평(59.94)",
            "rank_history":[
                [
                    "202203",
                    24
                ],
                [
                    "202202",
                    16
                ],
                [
                    "202201",
                    16
                ]
            ],
            "rank_gap":-8
        },
        {
            "index":261,
            "아파트명":"성남자이",
            "투자타입":"일반",
            "전용면적(m2)":"80.97",
            "전용면적(평)":"24평",
            "법정동주소":"경기도 성남시 중원구 하대원동 539",
            "도로명주소":"경기도 성남시 중원구 둔촌대로 363",
            "세대수":90,
            "입주년차":40,
            "용적률점수":"--",
            "건폐율점수":"--",
            "세대당주차수":30,
            "난방방식":30,
            "공급면적":"--",
            "전용률":"--",
            "욕실수":100,
            "현관타입":100,
            "주거총점":67.0,
            "지역구공급총점":0.0,
            "역세권":0,
            "30분내 이동가능 거점":20,
            "1시간내 이동가능 거점":80,
            "교통총점":22.0,
            "백화점":0,
            "아울렛몰":0,
            "대형마트":0,
            "은행":70,
            "병원":80,
            "종합병원":100,
            "공원":0,
            "혐오시설":0,
            "인프라총점":35.0,
            "초등학군":89.94,
            "중학군":34.58,
            "학군총점":45.652,
            "인구수":23.71,
            "인구증감":-16.95,
            "인구총점":11.512,
            "일자리":15.23,
            "소득수준":77.56,
            "일자리총점":33.929,
            "가치 총점":38.4478,
            "매매실거래년":20211204.0,
            "매매실거래가":74800.0,
            "전세실거래년":20211005.0,
            "전세실거래가":50000.0,
            "전세가율":66.84,
            "장기전세가율평균":66.73,
            "전세가율거품지수":-0.11,
            "검색코드":18527,
            "세대수":910.0,
            "준공년월":"2007-07-24",
            "준공년차":16.0,
            "가까운역이름":"단대오거리",
            "가까운역거리":1300.04,
            "역세권여부":"비역세권",
            "30분이내주요거점역":1,
            "30분거점역이름":"['서현']",
            "1시간이내주요거점역":8,
            "1시간거점역이름":"['강남', '역삼', '잠실', '판교', '정자', '서현', 'GTX성남(2023년)', 'GTX용인(2023년)']",
            "3km이내백화점수":0,
            "5km이내아울렛몰수":0,
            "1km이내대형먀트수":0,
            "500m이내은행수":3,
            "500m이내병원수":36,
            "5km이내대형병원수":5,
            "500m이내공원수":0,
            "3km이내혐오시설수":0,
            "초등학교학업성취도":89.94,
            "중학교학업성취도":57.1,
            "용적률":239,
            "건폐율":21,
            "Y":37.433334,
            "X":127.156434,
            "rank":25.0,
            "area_info":"24평(80.97), 32평(108.56), 32평(108.49), 34평(113.68), 43평(144.67), 46평(154.61)",
            "last_sales":"2021-12-04,74800.0,24평(80.97)",
            "rank_history":[
                [
                    "202203",
                    25
                ],
                [
                    "202202",
                    17
                ],
                [
                    "202201",
                    17
                ]
            ],
            "rank_gap":-8
        },
        {
            "index":267,
            "아파트명":"성원초원",
            "투자타입":"일반",
            "전용면적(m2)":"83.5",
            "전용면적(평)":"25평",
            "법정동주소":"경기도 성남시 중원구 하대원동 115-3",
            "도로명주소":"경기도 성남시 중원구 원터로18번길 19",
            "세대수":0,
            "입주년차":0,
            "용적률점수":"--",
            "건폐율점수":"--",
            "세대당주차수":0,
            "난방방식":30,
            "공급면적":"--",
            "전용률":"--",
            "욕실수":50,
            "현관타입":10,
            "주거총점":9.0,
            "지역구공급총점":0.0,
            "역세권":50,
            "30분내 이동가능 거점":40,
            "1시간내 이동가능 거점":100,
            "교통총점":57.0,
            "백화점":0,
            "아울렛몰":0,
            "대형마트":0,
            "은행":0,
            "병원":30,
            "종합병원":100,
            "공원":80,
            "혐오시설":0,
            "인프라총점":25.4,
            "초등학군":89.97,
            "중학군":47.62,
            "학군총점":56.09,
            "인구수":23.71,
            "인구증감":-16.95,
            "인구총점":11.512,
            "일자리":15.23,
            "소득수준":77.56,
            "일자리총점":33.929,
            "가치 총점":37.7835,
            "매매실거래년":20210731.0,
            "매매실거래가":60500.0,
            "전세실거래년":20211211.0,
            "전세실거래가":26250.0,
            "전세가율":43.39,
            "장기전세가율평균":66.73,
            "전세가율거품지수":23.34,
            "검색코드":1747,
            "세대수":281.0,
            "준공년월":"1995-12-30",
            "준공년차":28.0,
            "가까운역이름":"수진",
            "가까운역거리":976.06,
            "역세권여부":"준역세권",
            "30분이내주요거점역":2,
            "30분거점역이름":"['정자', '서현']",
            "1시간이내주요거점역":11,
            "1시간거점역이름":"['강남', '역삼', '잠실', '판교', '양재', '정자', '왕십리', '서현', 'GTX성남(2023년)', 'GTX용인(2023년)', 'GTX동탄(2023년)']",
            "3km이내백화점수":0,
            "5km이내아울렛몰수":0,
            "1km이내대형먀트수":0,
            "500m이내은행수":0,
            "500m이내병원수":8,
            "5km이내대형병원수":5,
            "500m이내공원수":1,
            "3km이내혐오시설수":0,
            "초등학교학업성취도":89.97,
            "중학교학업성취도":78.7,
            "용적률":200,
            "건폐율":0,
            "Y":37.429763,
            "X":127.146033,
            "rank":26.0,
            "area_info":"25평(83.5), 32평(107.08)",
            "last_sales":"2021-07-31,60500.0,25평(83.5)",
            "rank_history":[
                [
                    "202203",
                    26
                ],
                [
                    "202202",
                    19
                ],
                [
                    "202201",
                    18
                ]
            ],
            "rank_gap":-7
        },
        {
            "index":269,
            "아파트명":"아튼빌",
            "투자타입":"일반",
            "전용면적(m2)":"86.64",
            "전용면적(평)":"26평",
            "법정동주소":"경기도 성남시 중원구 하대원동 249",
            "도로명주소":"경기도 성남시 중원구 둔촌대로 300",
            "세대수":100,
            "입주년차":20,
            "용적률점수":"--",
            "건폐율점수":"--",
            "세대당주차수":30,
            "난방방식":30,
            "공급면적":"--",
            "전용률":"--",
            "욕실수":50,
            "현관타입":100,
            "주거총점":61.5,
            "지역구공급총점":0.0,
            "역세권":0,
            "30분내 이동가능 거점":20,
            "1시간내 이동가능 거점":100,
            "교통총점":26.0,
            "백화점":0,
            "아울렛몰":0,
            "대형마트":0,
            "은행":0,
            "병원":30,
            "종합병원":100,
            "공원":80,
            "혐오시설":0,
            "인프라총점":25.4,
            "초등학군":89.98,
            "중학군":47.62,
            "학군총점":56.092,
            "인구수":23.71,
            "인구증감":-16.95,
            "인구총점":11.512,
            "일자리":15.23,
            "소득수준":77.56,
            "일자리총점":33.929,
            "가치 총점":37.4338,
            "매매실거래년":20210721.0,
            "매매실거래가":98500.0,
            "전세실거래년":null,
            "전세실거래가":null,
            "전세가율":null,
            "장기전세가율평균":66.73,
            "전세가율거품지수":null,
            "검색코드":8357,
            "세대수":1541.0,
            "준공년월":"2003-10-16",
            "준공년차":20.0,
            "가까운역이름":"수진",
            "가까운역거리":1329.62,
            "역세권여부":"비역세권",
            "30분이내주요거점역":1,
            "30분거점역이름":"['서현']",
            "1시간이내주요거점역":10,
            "1시간거점역이름":"['강남', '역삼', '잠실', '판교', '양재', '정자', '왕십리', '서현', 'GTX성남(2023년)', 'GTX용인(2023년)']",
            "3km이내백화점수":0,
            "5km이내아울렛몰수":0,
            "1km이내대형먀트수":0,
            "500m이내은행수":0,
            "500m이내병원수":8,
            "5km이내대형병원수":5,
            "500m이내공원수":1,
            "3km이내혐오시설수":0,
            "초등학교학업성취도":89.98,
            "중학교학업성취도":78.7,
            "용적률":283,
            "건폐율":20,
            "Y":37.428853,
            "X":127.151094,
            "rank":27.0,
            "area_info":"26평(86.64), 26평(88.28), 26평(88.28), 26평(88.28), 26평(89.05), 27평(91.99), 33평(110.97), 34평(113.28), 35평(117.92), 35평(118.93), 35평(118.96), 36평(119.35), 44평(147.42), 49평(162.11)",
            "last_sales":"2021-07-21,98500.0,49평(162.11)",
            "rank_history":[
                [
                    "202203",
                    27
                ],
                [
                    "202202",
                    20
                ],
                [
                    "202201",
                    20
                ]
            ],
            "rank_gap":-7
        },
        {
            "index":176,
            "아파트명":"산들마을",
            "투자타입":"일반",
            "전용면적(m2)":"71.88",
            "전용면적(평)":"21평",
            "법정동주소":"경기도 성남시 중원구 여수동 602",
            "도로명주소":"경기도 성남시 중원구 여수울로 51",
            "세대수":90,
            "입주년차":80,
            "용적률점수":"--",
            "건폐율점수":"--",
            "세대당주차수":0,
            "난방방식":100,
            "공급면적":"--",
            "전용률":"--",
            "욕실수":50,
            "현관타입":100,
            "주거총점":72.5,
            "지역구공급총점":0.0,
            "역세권":0,
            "30분내 이동가능 거점":0,
            "1시간내 이동가능 거점":80,
            "교통총점":16.0,
            "백화점":0,
            "아울렛몰":0,
            "대형마트":0,
            "은행":0,
            "병원":30,
            "종합병원":100,
            "공원":100,
            "혐오시설":0,
            "인프라총점":26.0,
            "초등학군":89.98,
            "중학군":52.86,
            "학군총점":60.284,
            "인구수":23.71,
            "인구증감":-16.95,
            "인구총점":11.512,
            "일자리":15.23,
            "소득수준":77.56,
            "일자리총점":33.929,
            "가치 총점":36.9426,
            "매매실거래년":20220126.0,
            "매매실거래가":62300.0,
            "전세실거래년":20220114.0,
            "전세실거래가":39900.0,
            "전세가율":49.26,
            "장기전세가율평균":66.73,
            "전세가율거품지수":17.47,
            "검색코드":107322,
            "세대수":1171.0,
            "준공년월":"2015-10-08",
            "준공년차":8.0,
            "가까운역이름":"야탑",
            "가까운역거리":1114.46,
            "역세권여부":"비역세권",
            "30분이내주요거점역":0,
            "30분거점역이름":"[]",
            "1시간이내주요거점역":8,
            "1시간거점역이름":"['강남', '잠실', '판교', '양재', '정자', '서현', 'GTX성남(2023년)', 'GTX용인(2023년)']",
            "3km이내백화점수":0,
            "5km이내아울렛몰수":0,
            "1km이내대형먀트수":0,
            "500m이내은행수":0,
            "500m이내병원수":5,
            "5km이내대형병원수":6,
            "500m이내공원수":6,
            "3km이내혐오시설수":0,
            "초등학교학업성취도":89.98,
            "중학교학업성취도":88.1,
            "용적률":153,
            "건폐율":16,
            "Y":37.419269,
            "X":127.136516,
            "rank":28.0,
            "area_info":"21평(71.88), 21평(71.63), 21평(71.63), 21평(71.88), 21평(71.88), 21평(71.63), 21평(72.19), 21평(72.19), 21평(72.19), 21평(72.16), 25평(83.33), 25평(83.38), 25평(83.33), 25평(83.38), 25평(83.38), 25평(83.33)",
            "last_sales":"2022-01-26,62300.0,21평(72.19)",
            "rank_history":[
                [
                    "202203",
                    28
                ],
                [
                    "202202",
                    18
                ],
                [
                    "202201",
                    19
                ]
            ],
            "rank_gap":-10
        },
        {
            "index":31,
            "아파트명":"섬마을휴먼시아1단지",
            "투자타입":"일반",
            "전용면적(m2)":"99.35",
            "전용면적(평)":"30평",
            "법정동주소":"경기도 성남시 중원구 도촌동 700",
            "도로명주소":"경기도 성남시 중원구 도촌남로 22",
            "세대수":80,
            "입주년차":60,
            "용적률점수":"--",
            "건폐율점수":"--",
            "세대당주차수":30,
            "난방방식":100,
            "공급면적":"--",
            "전용률":"--",
            "욕실수":100,
            "현관타입":100,
            "주거총점":74.5,
            "지역구공급총점":0.0,
            "역세권":0,
            "30분내 이동가능 거점":0,
            "1시간내 이동가능 거점":80,
            "교통총점":16.0,
            "백화점":0,
            "아울렛몰":0,
            "대형마트":0,
            "은행":0,
            "병원":60,
            "종합병원":100,
            "공원":100,
            "혐오시설":0,
            "인프라총점":29.0,
            "초등학군":89.98,
            "중학군":41.52,
            "학군총점":51.212,
            "인구수":23.71,
            "인구증감":-16.95,
            "인구총점":11.512,
            "일자리":15.23,
            "소득수준":77.56,
            "일자리총점":33.929,
            "가치 총점":36.8818,
            "매매실거래년":20220122.0,
            "매매실거래가":85000.0,
            "전세실거래년":20220111.0,
            "전세실거래가":44000.0,
            "전세가율":49.22,
            "장기전세가율평균":66.73,
            "전세가율거품지수":17.51,
            "검색코드":102038,
            "세대수":842.0,
            "준공년월":"2010-11-16",
            "준공년차":13.0,
            "가까운역이름":"야탑",
            "가까운역거리":1713.72,
            "역세권여부":"비역세권",
            "30분이내주요거점역":0,
            "30분거점역이름":"[]",
            "1시간이내주요거점역":8,
            "1시간거점역이름":"['강남', '역삼', '판교', '양재', '정자', '서현', 'GTX성남(2023년)', 'GTX용인(2023년)']",
            "3km이내백화점수":0,
            "5km이내아울렛몰수":0,
            "1km이내대형먀트수":0,
            "500m이내은행수":0,
            "500m이내병원수":11,
            "5km이내대형병원수":6,
            "500m이내공원수":2,
            "3km이내혐오시설수":0,
            "초등학교학업성취도":89.98,
            "중학교학업성취도":68.8,
            "용적률":165,
            "건폐율":20,
            "Y":37.413837,
            "X":127.147897,
            "rank":29.0,
            "area_info":"30평(99.35), 30평(99.39), 34평(112.6), 34평(112.5), 34평(112.66), 34평(112.45), 34평(112.5), 34평(112.6)",
            "last_sales":"2022-01-22,85000.0,34평(112.5)",
            "rank_history":[
                [
                    "202203",
                    29
                ],
                [
                    "202202",
                    23
                ],
                [
                    "202201",
                    25
                ]
            ],
            "rank_gap":-6
        },
        {
            "index":259,
            "아파트명":"삼두",
            "투자타입":"재건축",
            "전용면적(m2)":"57.32",
            "전용면적(평)":"17평",
            "법정동주소":"경기도 성남시 중원구 하대원동 120-1",
            "도로명주소":"경기도 성남시 중원구 둔촌대로217번길 10",
            "세대수":0,
            "입주년차":"--",
            "용적률점수":0,
            "건폐율점수":0,
            "세대당주차수":"--",
            "난방방식":"--",
            "공급면적":50,
            "전용률":60,
            "욕실수":"--",
            "현관타입":"--",
            "주거총점":5.5,
            "지역구공급총점":0.0,
            "역세권":50,
            "30분내 이동가능 거점":40,
            "1시간내 이동가능 거점":100,
            "교통총점":57.0,
            "백화점":0,
            "아울렛몰":0,
            "대형마트":0,
            "은행":0,
            "병원":0,
            "종합병원":100,
            "공원":80,
            "혐오시설":0,
            "인프라총점":22.4,
            "초등학군":89.97,
            "중학군":46.08,
            "학군총점":54.858,
            "인구수":23.71,
            "인구증감":-16.95,
            "인구총점":11.512,
            "일자리":15.23,
            "소득수준":77.56,
            "일자리총점":33.929,
            "가치 총점":35.9987,
            "매매실거래년":20211231.0,
            "매매실거래가":46000.0,
            "전세실거래년":20210427.0,
            "전세실거래가":16000.0,
            "전세가율":41.56,
            "장기전세가율평균":66.73,
            "전세가율거품지수":25.17,
            "검색코드":10072,
            "세대수":70.0,
            "준공년월":"1986-11-01",
            "준공년차":37.0,
            "가까운역이름":"수진",
            "가까운역거리":940.13,
            "역세권여부":"준역세권",
            "30분이내주요거점역":2,
            "30분거점역이름":"['정자', '서현']",
            "1시간이내주요거점역":11,
            "1시간거점역이름":"['강남', '역삼', '잠실', '판교', '양재', '정자', '왕십리', '서현', 'GTX성남(2023년)', 'GTX용인(2023년)', 'GTX동탄(2023년)']",
            "3km이내백화점수":0,
            "5km이내아울렛몰수":0,
            "1km이내대형먀트수":0,
            "500m이내은행수":1,
            "500m이내병원수":1,
            "5km이내대형병원수":6,
            "500m이내공원수":1,
            "3km이내혐오시설수":0,
            "초등학교학업성취도":89.97,
            "중학교학업성취도":76.8,
            "용적률":0,
            "건폐율":0,
            "Y":37.42907,
            "X":127.14251,
            "rank":30.0,
            "area_info":"17평(57.32), 18평(60.82)",
            "last_sales":"2021-12-31,46000.0,18평(60.82)",
            "rank_history":[
                [
                    "202203",
                    30
                ],
                [
                    "202202",
                    9999
                ]
            ],
            "rank_gap":9999
        },
        {
            "index":11,
            "아파트명":"한양수자인성남마크뷰",
            "투자타입":"일반",
            "전용면적(m2)":"56.66",
            "전용면적(평)":"17평",
            "법정동주소":"경기도 성남시 중원구 금광동 2600",
            "도로명주소":"경기도 성남시 중원구 광명로 411",
            "세대수":80,
            "입주년차":100,
            "용적률점수":"--",
            "건폐율점수":"--",
            "세대당주차수":30,
            "난방방식":30,
            "공급면적":"--",
            "전용률":"--",
            "욕실수":50,
            "현관타입":100,
            "주거총점":70.5,
            "지역구공급총점":0.0,
            "역세권":0,
            "30분내 이동가능 거점":0,
            "1시간내 이동가능 거점":100,
            "교통총점":20.0,
            "백화점":0,
            "아울렛몰":0,
            "대형마트":0,
            "은행":0,
            "병원":10,
            "종합병원":100,
            "공원":100,
            "혐오시설":0,
            "인프라총점":24.0,
            "초등학군":90.02,
            "중학군":36.12,
            "학군총점":46.9,
            "인구수":23.71,
            "인구증감":-16.95,
            "인구총점":11.512,
            "일자리":15.23,
            "소득수준":77.56,
            "일자리총점":33.929,
            "가치 총점":35.335,
            "매매실거래년":20211102.0,
            "매매실거래가":65000.0,
            "전세실거래년":20210914.0,
            "전세실거래가":45000.0,
            "전세가율":69.23,
            "장기전세가율평균":66.73,
            "전세가율거품지수":-2.5,
            "검색코드":122483,
            "세대수":711.0,
            "준공년월":"2021-02-17",
            "준공년차":2.0,
            "가까운역이름":"남한산성입구",
            "가까운역거리":1156.95,
            "역세권여부":"비역세권",
            "30분이내주요거점역":0,
            "30분거점역이름":"[]",
            "1시간이내주요거점역":10,
            "1시간거점역이름":"['강남', '역삼', '잠실', '판교', '양재', '정자', '왕십리', '서현', 'GTX성남(2023년)', 'GTX용인(2023년)']",
            "3km이내백화점수":0,
            "5km이내아울렛몰수":0,
            "1km이내대형먀트수":0,
            "500m이내은행수":0,
            "500m이내병원수":2,
            "5km이내대형병원수":3,
            "500m이내공원수":2,
            "3km이내혐오시설수":0,
            "초등학교학업성취도":90.02,
            "중학교학업성취도":60.2,
            "용적률":265,
            "건폐율":21,
            "Y":37.44847,
            "X":127.172354,
            "rank":31.0,
            "area_info":"17평(56.66), 21평(69.62), 21평(69.62), 24평(82.41), 24평(82.63), 30평(102.2)",
            "last_sales":"2021-11-02,65000.0,17평(56.66)",
            "rank_history":[
                [
                    "202203",
                    31
                ],
                [
                    "202202",
                    21
                ],
                [
                    "202201",
                    21
                ]
            ],
            "rank_gap":-10
        },
        {
            "index":80,
            "아파트명":"성지",
            "투자타입":"재건축",
            "전용면적(m2)":"47.29",
            "전용면적(평)":"14평",
            "법정동주소":"경기도 성남시 중원구 상대원동 195-5",
            "도로명주소":"경기도 성남시 중원구 순환로 178",
            "세대수":50,
            "입주년차":"--",
            "용적률점수":100,
            "건폐율점수":80,
            "세대당주차수":"--",
            "난방방식":"--",
            "공급면적":50,
            "전용률":60,
            "욕실수":"--",
            "현관타입":"--",
            "주거총점":76.5,
            "지역구공급총점":0.0,
            "역세권":0,
            "30분내 이동가능 거점":0,
            "1시간내 이동가능 거점":60,
            "교통총점":12.0,
            "백화점":0,
            "아울렛몰":0,
            "대형마트":0,
            "은행":70,
            "병원":10,
            "종합병원":100,
            "공원":0,
            "혐오시설":-50,
            "인프라총점":27.0,
            "초등학군":90.01,
            "중학군":36.12,
            "학군총점":46.898,
            "인구수":23.71,
            "인구증감":-16.95,
            "인구총점":11.512,
            "일자리":15.23,
            "소득수준":77.56,
            "일자리총점":33.929,
            "가치 총점":34.6347,
            "매매실거래년":20211126.0,
            "매매실거래가":45000.0,
            "전세실거래년":20211225.0,
            "전세실거래가":4500.0,
            "전세가율":10.0,
            "장기전세가율평균":66.73,
            "전세가율거품지수":56.73,
            "검색코드":1730,
            "세대수":441.0,
            "준공년월":"1987-10-31",
            "준공년차":36.0,
            "가까운역이름":"단대오거리",
            "가까운역거리":2114.71,
            "역세권여부":"비역세권",
            "30분이내주요거점역":0,
            "30분거점역이름":"[]",
            "1시간이내주요거점역":6,
            "1시간거점역이름":"['강남', '역삼', '잠실', '정자', '서현', 'GTX성남(2023년)']",
            "3km이내백화점수":0,
            "5km이내아울렛몰수":0,
            "1km이내대형먀트수":0,
            "500m이내은행수":3,
            "500m이내병원수":4,
            "5km이내대형병원수":3,
            "500m이내공원수":0,
            "3km이내혐오시설수":1,
            "초등학교학업성취도":90.01,
            "중학교학업성취도":60.2,
            "용적률":136,
            "건폐율":24,
            "Y":37.439553,
            "X":127.179711,
            "rank":32.0,
            "area_info":"14평(47.29), 15평(50.34), 15평(52.68), 16평(53.41), 17평(57.95), 26평(88.61), 31평(105.03)",
            "last_sales":"2021-11-26,45000.0,14평(47.29)",
            "rank_history":[
                [
                    "202203",
                    32
                ],
                [
                    "202202",
                    24
                ],
                [
                    "202201",
                    24
                ]
            ],
            "rank_gap":-8
        },
        {
            "index":3,
            "아파트명":"래미안금광",
            "투자타입":"일반",
            "전용면적(m2)":"82.03",
            "전용면적(평)":"24평",
            "법정동주소":"경기도 성남시 중원구 금광동 2500",
            "도로명주소":"경기도 성남시 중원구 황송로 77",
            "세대수":90,
            "입주년차":40,
            "용적률점수":"--",
            "건폐율점수":"--",
            "세대당주차수":30,
            "난방방식":30,
            "공급면적":"--",
            "전용률":"--",
            "욕실수":100,
            "현관타입":100,
            "주거총점":67.0,
            "지역구공급총점":0.0,
            "역세권":0,
            "30분내 이동가능 거점":0,
            "1시간내 이동가능 거점":90,
            "교통총점":18.0,
            "백화점":0,
            "아울렛몰":0,
            "대형마트":0,
            "은행":0,
            "병원":0,
            "종합병원":100,
            "공원":100,
            "혐오시설":0,
            "인프라총점":23.0,
            "초등학군":90.02,
            "중학군":36.12,
            "학군총점":46.9,
            "인구수":23.71,
            "인구증감":-16.95,
            "인구총점":11.512,
            "일자리":15.23,
            "소득수준":77.56,
            "일자리총점":33.929,
            "가치 총점":33.635,
            "매매실거래년":20220108.0,
            "매매실거래가":76000.0,
            "전세실거래년":20211203.0,
            "전세실거래가":37000.0,
            "전세가율":48.05,
            "장기전세가율평균":66.73,
            "전세가율거품지수":18.68,
            "검색코드":17848,
            "세대수":1098.0,
            "준공년월":"2006-11-13",
            "준공년차":17.0,
            "가까운역이름":"남한산성입구",
            "가까운역거리":1193.85,
            "역세권여부":"비역세권",
            "30분이내주요거점역":0,
            "30분거점역이름":"[]",
            "1시간이내주요거점역":9,
            "1시간거점역이름":"['강남', '역삼', '잠실', '판교', '정자', '왕십리', '서현', 'GTX성남(2023년)', 'GTX용인(2023년)']",
            "3km이내백화점수":0,
            "5km이내아울렛몰수":0,
            "1km이내대형먀트수":0,
            "500m이내은행수":0,
            "500m이내병원수":1,
            "5km이내대형병원수":3,
            "500m이내공원수":2,
            "3km이내혐오시설수":0,
            "초등학교학업성취도":90.02,
            "중학교학업성취도":60.2,
            "용적률":278,
            "건폐율":16,
            "Y":37.450447,
            "X":127.173319,
            "rank":33.0,
            "area_info":"24평(82.03), 31평(102.82), 31평(105.09), 37평(122.42), 41평(135.72), 41평(135.72), 44평(148.46), 44평(148.46)",
            "last_sales":"2022-01-08,76000.0,31평(105.09)",
            "rank_history":[
                [
                    "202203",
                    33
                ],
                [
                    "202202",
                    25
                ],
                [
                    "202201",
                    22
                ]
            ],
            "rank_gap":-8
        },
        {
            "index":57,
            "아파트명":"섬마을휴먼시아7단지",
            "투자타입":"일반",
            "전용면적(m2)":"124.6",
            "전용면적(평)":"37평",
            "법정동주소":"경기도 성남시 중원구 도촌동 706",
            "도로명주소":"경기도 성남시 중원구 도촌남로 101",
            "세대수":50,
            "입주년차":60,
            "용적률점수":"--",
            "건폐율점수":"--",
            "세대당주차수":60,
            "난방방식":100,
            "공급면적":"--",
            "전용률":"--",
            "욕실수":100,
            "현관타입":100,
            "주거총점":68.5,
            "지역구공급총점":0.0,
            "역세권":0,
            "30분내 이동가능 거점":0,
            "1시간내 이동가능 거점":60,
            "교통총점":12.0,
            "백화점":0,
            "아울렛몰":0,
            "대형마트":0,
            "은행":0,
            "병원":0,
            "종합병원":100,
            "공원":100,
            "혐오시설":0,
            "인프라총점":23.0,
            "초등학군":89.98,
            "중학군":41.52,
            "학군총점":51.212,
            "인구수":23.71,
            "인구증감":-16.95,
            "인구총점":11.512,
            "일자리":15.23,
            "소득수준":77.56,
            "일자리총점":33.929,
            "가치 총점":32.4818,
            "매매실거래년":20210910.0,
            "매매실거래가":104000.0,
            "전세실거래년":20210827.0,
            "전세실거래가":40000.0,
            "전세가율":46.24,
            "장기전세가율평균":66.73,
            "전세가율거품지수":20.49,
            "검색코드":103417,
            "세대수":528.0,
            "준공년월":"2013-02-20",
            "준공년차":10.0,
            "가까운역이름":"야탑",
            "가까운역거리":2794.94,
            "역세권여부":"비역세권",
            "30분이내주요거점역":0,
            "30분거점역이름":"[]",
            "1시간이내주요거점역":6,
            "1시간거점역이름":"['판교', '양재', '정자', '서현', 'GTX성남(2023년)', 'GTX용인(2023년)']",
            "3km이내백화점수":0,
            "5km이내아울렛몰수":0,
            "1km이내대형먀트수":0,
            "500m이내은행수":0,
            "500m이내병원수":0,
            "5km이내대형병원수":6,
            "500m이내공원수":2,
            "3km이내혐오시설수":0,
            "초등학교학업성취도":89.98,
            "중학교학업성취도":68.8,
            "용적률":178,
            "건폐율":21,
            "Y":37.413547,
            "X":127.16027,
            "rank":34.0,
            "area_info":"37평(124.6), 37평(124.97), 37평(124.97), 44평(147.84), 44평(147.51), 44평(147.9), 44평(147.84), 49평(164.26), 49평(164.5), 49평(164.5)",
            "last_sales":"2021-09-10,104000.0,44평(147.84)",
            "rank_history":[
                [
                    "202203",
                    34
                ],
                [
                    "202202",
                    27
                ],
                [
                    "202201",
                    27
                ]
            ],
            "rank_gap":-7
        },
        {
            "index":67,
            "아파트명":"궁전",
            "투자타입":"재건축",
            "전용면적(m2)":"57.37",
            "전용면적(평)":"17평",
            "법정동주소":"경기도 성남시 중원구 상대원동 179",
            "도로명주소":"경기도 성남시 중원구 순환로 188",
            "세대수":0,
            "입주년차":"--",
            "용적률점수":100,
            "건폐율점수":80,
            "세대당주차수":"--",
            "난방방식":"--",
            "공급면적":50,
            "전용률":60,
            "욕실수":"--",
            "현관타입":"--",
            "주거총점":61.5,
            "지역구공급총점":0.0,
            "역세권":0,
            "30분내 이동가능 거점":0,
            "1시간내 이동가능 거점":60,
            "교통총점":12.0,
            "백화점":0,
            "아울렛몰":0,
            "대형마트":0,
            "은행":70,
            "병원":10,
            "종합병원":100,
            "공원":0,
            "혐오시설":-50,
            "인프라총점":27.0,
            "초등학군":90.01,
            "중학군":36.12,
            "학군총점":46.898,
            "인구수":23.71,
            "인구증감":-16.95,
            "인구총점":11.512,
            "일자리":15.23,
            "소득수준":77.56,
            "일자리총점":33.929,
            "가치 총점":31.6347,
            "매매실거래년":20210807.0,
            "매매실거래가":57000.0,
            "전세실거래년":20191014.0,
            "전세실거래가":10000.0,
            "전세가율":26.32,
            "장기전세가율평균":66.73,
            "전세가율거품지수":40.41,
            "검색코드":1727,
            "세대수":268.0,
            "준공년월":"1987-06-16",
            "준공년차":36.0,
            "가까운역이름":"단대오거리",
            "가까운역거리":2089.4,
            "역세권여부":"비역세권",
            "30분이내주요거점역":0,
            "30분거점역이름":"[]",
            "1시간이내주요거점역":6,
            "1시간거점역이름":"['강남', '역삼', '잠실', '정자', '서현', 'GTX성남(2023년)']",
            "3km이내백화점수":0,
            "5km이내아울렛몰수":0,
            "1km이내대형먀트수":0,
            "500m이내은행수":3,
            "500m이내병원수":4,
            "5km이내대형병원수":3,
            "500m이내공원수":0,
            "3km이내혐오시설수":1,
            "초등학교학업성취도":90.01,
            "중학교학업성취도":60.2,
            "용적률":124,
            "건폐율":27,
            "Y":37.44031,
            "X":127.17968,
            "rank":35.0,
            "area_info":"17평(57.37), 18평(60.04), 19평(65.88), 21평(70.3), 22평(73.22)",
            "last_sales":"2021-08-07,57000.0,22평(73.22)",
            "rank_history":[
                [
                    "202203",
                    35
                ],
                [
                    "202202",
                    30
                ],
                [
                    "202201",
                    30
                ]
            ],
            "rank_gap":-5
        },
        {
            "index":297,
            "아파트명":"태연스카이빌",
            "투자타입":"일반",
            "전용면적(m2)":"94.15",
            "전용면적(평)":"28평",
            "법정동주소":"경기도 성남시 중원구 하대원동 143-1",
            "도로명주소":"경기도 성남시 중원구 둔촌대로 274",
            "세대수":0,
            "입주년차":20,
            "용적률점수":"--",
            "건폐율점수":"--",
            "세대당주차수":30,
            "난방방식":30,
            "공급면적":"--",
            "전용률":"--",
            "욕실수":100,
            "현관타입":100,
            "주거총점":31.5,
            "지역구공급총점":0.0,
            "역세권":0,
            "30분내 이동가능 거점":20,
            "1시간내 이동가능 거점":100,
            "교통총점":26.0,
            "백화점":0,
            "아울렛몰":0,
            "대형마트":0,
            "은행":0,
            "병원":30,
            "종합병원":100,
            "공원":100,
            "혐오시설":0,
            "인프라총점":26.0,
            "초등학군":89.98,
            "중학군":47.62,
            "학군총점":56.092,
            "인구수":23.71,
            "인구증감":-16.95,
            "인구총점":11.512,
            "일자리":15.23,
            "소득수준":77.56,
            "일자리총점":33.929,
            "가치 총점":31.6138,
            "매매실거래년":20211007.0,
            "매매실거래가":64800.0,
            "전세실거래년":20220113.0,
            "전세실거래가":42000.0,
            "전세가율":64.81,
            "장기전세가율평균":66.73,
            "전세가율거품지수":1.92,
            "검색코드":22366,
            "세대수":120.0,
            "준공년월":"2002-05-24",
            "준공년차":21.0,
            "가까운역이름":"수진",
            "가까운역거리":1190.38,
            "역세권여부":"비역세권",
            "30분이내주요거점역":1,
            "30분거점역이름":"['서현']",
            "1시간이내주요거점역":10,
            "1시간거점역이름":"['강남', '역삼', '잠실', '판교', '양재', '정자', '왕십리', '서현', 'GTX성남(2023년)', 'GTX용인(2023년)']",
            "3km이내백화점수":0,
            "5km이내아울렛몰수":0,
            "1km이내대형먀트수":0,
            "500m이내은행수":0,
            "500m이내병원수":8,
            "5km이내대형병원수":5,
            "500m이내공원수":2,
            "3km이내혐오시설수":0,
            "초등학교학업성취도":89.98,
            "중학교학업성취도":78.7,
            "용적률":397,
            "건폐율":59,
            "Y":37.42889,
            "X":127.14875,
            "rank":36.0,
            "area_info":"28평(94.15)",
            "last_sales":"2021-10-07,64800.0,28평(94.15)",
            "rank_history":[
                [
                    "202203",
                    36
                ],
                [
                    "202202",
                    26
                ],
                [
                    "202201",
                    26
                ]
            ],
            "rank_gap":-10
        },
        {
            "index":294,
            "아파트명":"초이스탑(민간임대)",
            "투자타입":"일반",
            "전용면적(m2)":"81.44",
            "전용면적(평)":"24평",
            "법정동주소":"경기도 성남시 중원구 하대원동 332",
            "도로명주소":"경기도 성남시 중원구 마지로134번길 24",
            "세대수":0,
            "입주년차":100,
            "용적률점수":"--",
            "건폐율점수":"--",
            "세대당주차수":0,
            "난방방식":30,
            "공급면적":"--",
            "전용률":"--",
            "욕실수":100,
            "현관타입":50,
            "주거총점":38.0,
            "지역구공급총점":0.0,
            "역세권":0,
            "30분내 이동가능 거점":20,
            "1시간내 이동가능 거점":80,
            "교통총점":22.0,
            "백화점":0,
            "아울렛몰":0,
            "대형마트":0,
            "은행":0,
            "병원":30,
            "종합병원":100,
            "공원":80,
            "혐오시설":0,
            "인프라총점":25.4,
            "초등학군":89.97,
            "중학군":47.62,
            "학군총점":56.09,
            "인구수":23.71,
            "인구증감":-16.95,
            "인구총점":11.512,
            "일자리":15.23,
            "소득수준":77.56,
            "일자리총점":33.929,
            "가치 총점":31.3335,
            "매매실거래년":"18000101",
            "매매실거래가":null,
            "전세실거래년":null,
            "전세실거래가":null,
            "전세가율":null,
            "장기전세가율평균":66.73,
            "전세가율거품지수":null,
            "검색코드":146105,
            "세대수":60.0,
            "준공년월":"2021-10-29",
            "준공년차":2.0,
            "가까운역이름":"수진",
            "가까운역거리":1354.69,
            "역세권여부":"비역세권",
            "30분이내주요거점역":1,
            "30분거점역이름":"['서현']",
            "1시간이내주요거점역":8,
            "1시간거점역이름":"['강남', '역삼', '잠실', '판교', '정자', '서현', 'GTX성남(2023년)', 'GTX용인(2023년)']",
            "3km이내백화점수":0,
            "5km이내아울렛몰수":0,
            "1km이내대형먀트수":0,
            "500m이내은행수":0,
            "500m이내병원수":8,
            "5km이내대형병원수":6,
            "500m이내공원수":1,
            "3km이내혐오시설수":0,
            "초등학교학업성취도":89.97,
            "중학교학업성취도":78.7,
            "용적률":209,
            "건폐율":28,
            "Y":37.426356,
            "X":127.147071,
            "rank":37.0,
            "area_info":"24평(81.44), 24평(81.71), 26평(88.01)",
            "last_sales":"1800-01-01,nan,24평(81.44)",
            "rank_history":[
                [
                    "202203",
                    37
                ],
                [
                    "202202",
                    9999
                ]
            ],
            "rank_gap":9999
        },
        {
            "index":45,
            "아파트명":"섬마을휴먼시아5단지",
            "투자타입":"일반",
            "전용면적(m2)":"96.31",
            "전용면적(평)":"29평",
            "법정동주소":"경기도 성남시 중원구 도촌동 704",
            "도로명주소":"경기도 성남시 중원구 도촌북로 78",
            "세대수":50,
            "입주년차":60,
            "용적률점수":"--",
            "건폐율점수":"--",
            "세대당주차수":30,
            "난방방식":100,
            "공급면적":"--",
            "전용률":"--",
            "욕실수":100,
            "현관타입":100,
            "주거총점":64.0,
            "지역구공급총점":0.0,
            "역세권":0,
            "30분내 이동가능 거점":0,
            "1시간내 이동가능 거점":50,
            "교통총점":10.0,
            "백화점":0,
            "아울렛몰":0,
            "대형마트":0,
            "은행":0,
            "병원":10,
            "종합병원":100,
            "공원":100,
            "혐오시설":0,
            "인프라총점":24.0,
            "초등학군":89.98,
            "중학군":41.52,
            "학군총점":51.212,
            "인구수":23.71,
            "인구증감":-16.95,
            "인구총점":11.512,
            "일자리":15.23,
            "소득수준":77.56,
            "일자리총점":33.929,
            "가치 총점":31.1818,
            "매매실거래년":20211225.0,
            "매매실거래가":80000.0,
            "전세실거래년":20210722.0,
            "전세실거래가":38850.0,
            "전세가율":60.05,
            "장기전세가율평균":66.73,
            "전세가율거품지수":6.68,
            "검색코드":101406,
            "세대수":633.0,
            "준공년월":"2010-03-02",
            "준공년차":13.0,
            "가까운역이름":"야탑",
            "가까운역거리":2547.84,
            "역세권여부":"비역세권",
            "30분이내주요거점역":0,
            "30분거점역이름":"[]",
            "1시간이내주요거점역":5,
            "1시간거점역이름":"['판교', '정자', '서현', 'GTX성남(2023년)', 'GTX용인(2023년)']",
            "3km이내백화점수":0,
            "5km이내아울렛몰수":0,
            "1km이내대형먀트수":0,
            "500m이내은행수":0,
            "500m이내병원수":3,
            "5km이내대형병원수":6,
            "500m이내공원수":4,
            "3km이내혐오시설수":0,
            "초등학교학업성취도":89.98,
            "중학교학업성취도":68.8,
            "용적률":168,
            "건폐율":19,
            "Y":37.416118,
            "X":127.156966,
            "rank":38.0,
            "area_info":"29평(96.31), 29평(96.64), 29평(97.18), 29평(97.18), 32평(108.77), 32평(108.81), 32평(108.77), 32평(108.81), 32평(108.77), 32평(108.77), 32평(108.81), 32평(108.77)",
            "last_sales":"2021-12-25,80000.0,32평(108.77)",
            "rank_history":[
                [
                    "202203",
                    38
                ],
                [
                    "202202",
                    31
                ],
                [
                    "202201",
                    31
                ]
            ],
            "rank_gap":-7
        },
        {
            "index":39,
            "아파트명":"섬마을휴먼시아3단지",
            "투자타입":"일반",
            "전용면적(m2)":"96.21",
            "전용면적(평)":"29평",
            "법정동주소":"경기도 성남시 중원구 도촌동 702",
            "도로명주소":"경기도 성남시 중원구 도촌남로 67",
            "세대수":50,
            "입주년차":40,
            "용적률점수":"--",
            "건폐율점수":"--",
            "세대당주차수":30,
            "난방방식":100,
            "공급면적":"--",
            "전용률":"--",
            "욕실수":100,
            "현관타입":100,
            "주거총점":60.0,
            "지역구공급총점":0.0,
            "역세권":0,
            "30분내 이동가능 거점":0,
            "1시간내 이동가능 거점":50,
            "교통총점":10.0,
            "백화점":0,
            "아울렛몰":0,
            "대형마트":0,
            "은행":0,
            "병원":30,
            "종합병원":100,
            "공원":100,
            "혐오시설":0,
            "인프라총점":26.0,
            "초등학군":89.98,
            "중학군":41.52,
            "학군총점":51.212,
            "인구수":23.71,
            "인구증감":-16.95,
            "인구총점":11.512,
            "일자리":15.23,
            "소득수준":77.56,
            "일자리총점":33.929,
            "가치 총점":30.9818,
            "매매실거래년":20211117.0,
            "매매실거래가":88000.0,
            "전세실거래년":20210712.0,
            "전세실거래가":55000.0,
            "전세가율":103.77,
            "장기전세가율평균":66.73,
            "전세가율거품지수":-37.04,
            "검색코드":26187,
            "세대수":408.0,
            "준공년월":"2007-12-10",
            "준공년차":16.0,
            "가까운역이름":"야탑",
            "가까운역거리":2260.05,
            "역세권여부":"비역세권",
            "30분이내주요거점역":0,
            "30분거점역이름":"[]",
            "1시간이내주요거점역":5,
            "1시간거점역이름":"['판교', '정자', '서현', 'GTX성남(2023년)', 'GTX용인(2023년)']",
            "3km이내백화점수":0,
            "5km이내아울렛몰수":0,
            "1km이내대형먀트수":0,
            "500m이내은행수":0,
            "500m이내병원수":9,
            "5km이내대형병원수":6,
            "500m이내공원수":6,
            "3km이내혐오시설수":0,
            "초등학교학업성취도":89.98,
            "중학교학업성취도":68.8,
            "용적률":169,
            "건폐율":20,
            "Y":37.415366,
            "X":127.153834,
            "rank":39.0,
            "area_info":"29평(96.21), 29평(96.37), 32평(108.28), 32평(108.32), 32평(108.28), 32평(108.28)",
            "last_sales":"2021-11-17,88000.0,32평(108.28)",
            "rank_history":[
                [
                    "202203",
                    39
                ],
                [
                    "202202",
                    28
                ],
                [
                    "202201",
                    28
                ]
            ],
            "rank_gap":-11
        },
        {
            "index":28,
            "아파트명":"동분당KCC스위첸파티오2단지",
            "투자타입":"일반",
            "전용면적(m2)":"123.63",
            "전용면적(평)":"37평",
            "법정동주소":"경기도 성남시 중원구 도촌동 705",
            "도로명주소":"경기도 성남시 중원구 도촌남로 88",
            "세대수":0,
            "입주년차":100,
            "용적률점수":"--",
            "건폐율점수":"--",
            "세대당주차수":80,
            "난방방식":30,
            "공급면적":"--",
            "전용률":"--",
            "욕실수":100,
            "현관타입":100,
            "주거총점":55.0,
            "지역구공급총점":0.0,
            "역세권":0,
            "30분내 이동가능 거점":0,
            "1시간내 이동가능 거점":70,
            "교통총점":14.0,
            "백화점":0,
            "아울렛몰":0,
            "대형마트":0,
            "은행":0,
            "병원":0,
            "종합병원":100,
            "공원":100,
            "혐오시설":0,
            "인프라총점":23.0,
            "초등학군":89.98,
            "중학군":41.52,
            "학군총점":51.212,
            "인구수":23.71,
            "인구증감":-16.95,
            "인구총점":11.512,
            "일자리":15.23,
            "소득수준":77.56,
            "일자리총점":33.929,
            "가치 총점":30.4818,
            "매매실거래년":"18000101",
            "매매실거래가":null,
            "전세실거래년":null,
            "전세실거래가":null,
            "전세가율":null,
            "장기전세가율평균":66.73,
            "전세가율거품지수":null,
            "검색코드":121633,
            "세대수":50.0,
            "준공년월":"2019-12-06",
            "준공년차":4.0,
            "가까운역이름":"야탑",
            "가까운역거리":2557.03,
            "역세권여부":"비역세권",
            "30분이내주요거점역":0,
            "30분거점역이름":"[]",
            "1시간이내주요거점역":7,
            "1시간거점역이름":"['강남', '판교', '양재', '정자', '서현', 'GTX성남(2023년)', 'GTX용인(2023년)']",
            "3km이내백화점수":0,
            "5km이내아울렛몰수":0,
            "1km이내대형먀트수":0,
            "500m이내은행수":0,
            "500m이내병원수":0,
            "5km이내대형병원수":6,
            "500m이내공원수":3,
            "3km이내혐오시설수":0,
            "초등학교학업성취도":89.98,
            "중학교학업성취도":68.8,
            "용적률":0,
            "건폐율":0,
            "Y":37.413365,
            "X":127.157586,
            "rank":40.0,
            "area_info":"37평(123.63), 37평(124.94), 37평(125.59)",
            "last_sales":"1800-01-01,nan,37평(123.63)",
            "rank_history":[
                [
                    "202203",
                    40
                ],
                [
                    "202202",
                    9999
                ]
            ],
            "rank_gap":9999
        },
        {
            "index":21,
            "아파트명":"황송마을",
            "투자타입":"일반",
            "전용면적(m2)":"69.36",
            "전용면적(평)":"20평",
            "법정동주소":"경기도 성남시 중원구 금광동 2450-1",
            "도로명주소":"경기도 성남시 중원구 황송로 6",
            "세대수":90,
            "입주년차":0,
            "용적률점수":"--",
            "건폐율점수":"--",
            "세대당주차수":0,
            "난방방식":30,
            "공급면적":"--",
            "전용률":"--",
            "욕실수":50,
            "현관타입":10,
            "주거총점":40.5,
            "지역구공급총점":0.0,
            "역세권":0,
            "30분내 이동가능 거점":0,
            "1시간내 이동가능 거점":90,
            "교통총점":18.0,
            "백화점":0,
            "아울렛몰":0,
            "대형마트":0,
            "은행":20,
            "병원":30,
            "종합병원":100,
            "공원":80,
            "혐오시설":0,
            "인프라총점":27.4,
            "초등학군":90.02,
            "중학군":38.7,
            "학군총점":48.964,
            "인구수":23.71,
            "인구증감":-16.95,
            "인구총점":11.512,
            "일자리":15.23,
            "소득수준":77.56,
            "일자리총점":33.929,
            "가치 총점":29.9646,
            "매매실거래년":20211007.0,
            "매매실거래가":62500.0,
            "전세실거래년":20220220.0,
            "전세실거래가":25000.0,
            "전세가율":40.0,
            "장기전세가율평균":66.73,
            "전세가율거품지수":26.73,
            "검색코드":8414,
            "세대수":990.0,
            "준공년월":"1993-10-19",
            "준공년차":30.0,
            "가까운역이름":"단대오거리",
            "가까운역거리":1163.19,
            "역세권여부":"비역세권",
            "30분이내주요거점역":0,
            "30분거점역이름":"[]",
            "1시간이내주요거점역":9,
            "1시간거점역이름":"['강남', '역삼', '잠실', '판교', '정자', '왕십리', '서현', 'GTX성남(2023년)', 'GTX용인(2023년)']",
            "3km이내백화점수":0,
            "5km이내아울렛몰수":0,
            "1km이내대형먀트수":0,
            "500m이내은행수":2,
            "500m이내병원수":9,
            "5km이내대형병원수":3,
            "500m이내공원수":1,
            "3km이내혐오시설수":0,
            "초등학교학업성취도":90.02,
            "중학교학업성취도":64.5,
            "용적률":188,
            "건폐율":15,
            "Y":37.444125,
            "X":127.169897,
            "rank":41.0,
            "area_info":"20평(69.36)",
            "last_sales":"2021-10-07,62500.0,20평(69.36)",
            "rank_history":[
                [
                    "202203",
                    41
                ],
                [
                    "202202",
                    29
                ],
                [
                    "202201",
                    29
                ]
            ],
            "rank_gap":-12
        },
        {
            "index":22,
            "아파트명":"동분당KCC스위첸파티오1단지",
            "투자타입":"일반",
            "전용면적(m2)":"122.14",
            "전용면적(평)":"36평",
            "법정동주소":"경기도 성남시 중원구 도촌동 639",
            "도로명주소":"경기도 성남시 중원구 도촌남로 70-16",
            "세대수":0,
            "입주년차":100,
            "용적률점수":"--",
            "건폐율점수":"--",
            "세대당주차수":30,
            "난방방식":30,
            "공급면적":"--",
            "전용률":"--",
            "욕실수":100,
            "현관타입":100,
            "주거총점":47.5,
            "지역구공급총점":0.0,
            "역세권":0,
            "30분내 이동가능 거점":0,
            "1시간내 이동가능 거점":70,
            "교통총점":14.0,
            "백화점":0,
            "아울렛몰":0,
            "대형마트":0,
            "은행":0,
            "병원":30,
            "종합병원":100,
            "공원":100,
            "혐오시설":0,
            "인프라총점":26.0,
            "초등학군":89.98,
            "중학군":41.52,
            "학군총점":51.212,
            "인구수":23.71,
            "인구증감":-16.95,
            "인구총점":11.512,
            "일자리":15.23,
            "소득수준":77.56,
            "일자리총점":33.929,
            "가치 총점":29.8818,
            "매매실거래년":"18000101",
            "매매실거래가":null,
            "전세실거래년":null,
            "전세실거래가":null,
            "전세가율":null,
            "장기전세가율평균":66.73,
            "전세가율거품지수":null,
            "검색코드":121632,
            "세대수":153.0,
            "준공년월":"2019-12-06",
            "준공년차":4.0,
            "가까운역이름":"야탑",
            "가까운역거리":2231.62,
            "역세권여부":"비역세권",
            "30분이내주요거점역":0,
            "30분거점역이름":"[]",
            "1시간이내주요거점역":7,
            "1시간거점역이름":"['강남', '판교', '양재', '정자', '서현', 'GTX성남(2023년)', 'GTX용인(2023년)']",
            "3km이내백화점수":0,
            "5km이내아울렛몰수":0,
            "1km이내대형먀트수":0,
            "500m이내은행수":0,
            "500m이내병원수":9,
            "5km이내대형병원수":6,
            "500m이내공원수":5,
            "3km이내혐오시설수":0,
            "초등학교학업성취도":89.98,
            "중학교학업성취도":68.8,
            "용적률":76,
            "건폐율":46,
            "Y":37.413638,
            "X":127.153849,
            "rank":42.0,
            "area_info":"36평(122.14), 37평(123.2), 37평(124.51), 37평(125.15), 37평(125.23), 38평(126.94)",
            "last_sales":"1800-01-01,nan,36평(122.14)",
            "rank_history":[
                [
                    "202203",
                    42
                ],
                [
                    "202202",
                    33
                ],
                [
                    "202201",
                    32
                ]
            ],
            "rank_gap":-9
        },
        {
            "index":79,
            "아파트명":"선경상대원2차",
            "투자타입":"일반",
            "전용면적(m2)":"64.49",
            "전용면적(평)":"19평",
            "법정동주소":"경기도 성남시 중원구 상대원동 279-1",
            "도로명주소":"경기도 성남시 중원구 금상로 134",
            "세대수":100,
            "입주년차":0,
            "용적률점수":"--",
            "건폐율점수":"--",
            "세대당주차수":0,
            "난방방식":30,
            "공급면적":"--",
            "전용률":"--",
            "욕실수":50,
            "현관타입":10,
            "주거총점":44.0,
            "지역구공급총점":0.0,
            "역세권":0,
            "30분내 이동가능 거점":0,
            "1시간내 이동가능 거점":80,
            "교통총점":16.0,
            "백화점":0,
            "아울렛몰":0,
            "대형마트":0,
            "은행":20,
            "병원":30,
            "종합병원":100,
            "공원":0,
            "혐오시설":0,
            "인프라총점":25.0,
            "초등학군":89.99,
            "중학군":38.7,
            "학군총점":48.958,
            "인구수":23.71,
            "인구증감":-16.95,
            "인구총점":11.512,
            "일자리":15.23,
            "소득수준":77.56,
            "일자리총점":33.929,
            "가치 총점":29.2437,
            "매매실거래년":20220104.0,
            "매매실거래가":56800.0,
            "전세실거래년":20220225.0,
            "전세실거래가":23000.0,
            "전세가율":40.49,
            "장기전세가율평균":66.73,
            "전세가율거품지수":26.24,
            "검색코드":8413,
            "세대수":2510.0,
            "준공년월":"1994-04-25",
            "준공년차":29.0,
            "가까운역이름":"단대오거리",
            "가까운역거리":1184.73,
            "역세권여부":"비역세권",
            "30분이내주요거점역":0,
            "30분거점역이름":"[]",
            "1시간이내주요거점역":8,
            "1시간거점역이름":"['강남', '역삼', '잠실', '판교', '양재', '정자', '서현', 'GTX용인(2023년)']",
            "3km이내백화점수":0,
            "5km이내아울렛몰수":0,
            "1km이내대형먀트수":0,
            "500m이내은행수":2,
            "500m이내병원수":8,
            "5km이내대형병원수":3,
            "500m이내공원수":0,
            "3km이내혐오시설수":0,
            "초등학교학업성취도":89.99,
            "중학교학업성취도":64.5,
            "용적률":200,
            "건폐율":16,
            "Y":37.440812,
            "X":127.169097,
            "rank":43.0,
            "area_info":"19평(64.49)",
            "last_sales":"2022-01-04,56800.0,19평(64.49)",
            "rank_history":[
                [
                    "202203",
                    43
                ],
                [
                    "202202",
                    32
                ],
                [
                    "202201",
                    33
                ]
            ],
            "rank_gap":-11
        },
        {
            "index":253,
            "아파트명":"대원",
            "투자타입":"재건축",
            "전용면적(m2)":"46.57",
            "전용면적(평)":"14평",
            "법정동주소":"경기도 성남시 중원구 하대원동 155-2",
            "도로명주소":"경기도 성남시 중원구 둔촌대로280번길 12",
            "세대수":0,
            "입주년차":"--",
            "용적률점수":0,
            "건폐율점수":0,
            "세대당주차수":"--",
            "난방방식":"--",
            "공급면적":50,
            "전용률":80,
            "욕실수":"--",
            "현관타입":"--",
            "주거총점":6.5,
            "지역구공급총점":0.0,
            "역세권":0,
            "30분내 이동가능 거점":20,
            "1시간내 이동가능 거점":100,
            "교통총점":26.0,
            "백화점":0,
            "아울렛몰":0,
            "대형마트":0,
            "은행":0,
            "병원":30,
            "종합병원":100,
            "공원":100,
            "혐오시설":0,
            "인프라총점":26.0,
            "초등학군":89.98,
            "중학군":47.62,
            "학군총점":56.092,
            "인구수":23.71,
            "인구증감":-16.95,
            "인구총점":11.512,
            "일자리":15.23,
            "소득수준":77.56,
            "일자리총점":33.929,
            "가치 총점":26.6138,
            "매매실거래년":20211012.0,
            "매매실거래가":28000.0,
            "전세실거래년":20180219.0,
            "전세실거래가":7500.0,
            "전세가율":42.98,
            "장기전세가율평균":66.73,
            "전세가율거품지수":23.75,
            "검색코드":100561,
            "세대수":96.0,
            "준공년월":"1986-12-16",
            "준공년차":37.0,
            "가까운역이름":"수진",
            "가까운역거리":1290.45,
            "역세권여부":"비역세권",
            "30분이내주요거점역":1,
            "30분거점역이름":"['서현']",
            "1시간이내주요거점역":10,
            "1시간거점역이름":"['강남', '역삼', '잠실', '판교', '양재', '정자', '왕십리', '서현', 'GTX성남(2023년)', 'GTX용인(2023년)']",
            "3km이내백화점수":0,
            "5km이내아울렛몰수":0,
            "1km이내대형먀트수":0,
            "500m이내은행수":0,
            "500m이내병원수":8,
            "5km이내대형병원수":5,
            "500m이내공원수":2,
            "3km이내혐오시설수":0,
            "초등학교학업성취도":89.98,
            "중학교학업성취도":78.7,
            "용적률":0,
            "건폐율":0,
            "Y":37.428211,
            "X":127.149497,
            "rank":44.0,
            "area_info":"14평(46.57), 15평(50.67), 15평(52.06), 16평(54.82), 18평(61.62), 19평(64.21)",
            "last_sales":"2021-10-12,28000.0,19평(64.21)",
            "rank_history":[
                [
                    "202203",
                    44
                ],
                [
                    "202202",
                    9999
                ]
            ],
            "rank_gap":9999
        },
        {
            "index":78,
            "아파트명":"상대원삼익",
            "투자타입":"재건축",
            "전용면적(m2)":"46.02",
            "전용면적(평)":"13평",
            "법정동주소":"경기도 성남시 중원구 상대원동 152-3",
            "도로명주소":"경기도 성남시 중원구 사기막골로31번길 34",
            "세대수":0,
            "입주년차":"--",
            "용적률점수":60,
            "건폐율점수":20,
            "세대당주차수":"--",
            "난방방식":"--",
            "공급면적":50,
            "전용률":60,
            "욕실수":"--",
            "현관타입":"--",
            "주거총점":33.5,
            "지역구공급총점":0.0,
            "역세권":0,
            "30분내 이동가능 거점":0,
            "1시간내 이동가능 거점":80,
            "교통총점":16.0,
            "백화점":0,
            "아울렛몰":0,
            "대형마트":0,
            "은행":20,
            "병원":10,
            "종합병원":100,
            "공원":0,
            "혐오시설":0,
            "인프라총점":23.0,
            "초등학군":89.99,
            "중학군":38.7,
            "학군총점":48.958,
            "인구수":23.71,
            "인구증감":-16.95,
            "인구총점":11.512,
            "일자리":15.23,
            "소득수준":77.56,
            "일자리총점":33.929,
            "가치 총점":26.5437,
            "매매실거래년":20211120.0,
            "매매실거래가":35000.0,
            "전세실거래년":20211210.0,
            "전세실거래가":12600.0,
            "전세가율":36.0,
            "장기전세가율평균":66.73,
            "전세가율거품지수":30.73,
            "검색코드":8416,
            "세대수":264.0,
            "준공년월":"1991-12-24",
            "준공년차":32.0,
            "가까운역이름":"단대오거리",
            "가까운역거리":1313.84,
            "역세권여부":"비역세권",
            "30분이내주요거점역":0,
            "30분거점역이름":"[]",
            "1시간이내주요거점역":8,
            "1시간거점역이름":"['강남', '역삼', '잠실', '판교', '정자', '서현', 'GTX성남(2023년)', 'GTX용인(2023년)']",
            "3km이내백화점수":0,
            "5km이내아울렛몰수":0,
            "1km이내대형먀트수":0,
            "500m이내은행수":2,
            "500m이내병원수":2,
            "5km이내대형병원수":4,
            "500m이내공원수":0,
            "3km이내혐오시설수":0,
            "초등학교학업성취도":89.99,
            "중학교학업성취도":64.5,
            "용적률":196,
            "건폐율":43,
            "Y":37.437463,
            "X":127.168207,
            "rank":45.0,
            "area_info":"13평(46.02)",
            "last_sales":"2021-11-20,35000.0,13평(46.02)",
            "rank_history":[
                [
                    "202203",
                    45
                ],
                [
                    "202202",
                    34
                ],
                [
                    "202201",
                    34
                ]
            ],
            "rank_gap":-11
        },
        {
            "index":311,
            "아파트명":"하대원현대",
            "투자타입":"일반",
            "전용면적(m2)":"79.31",
            "전용면적(평)":"23평",
            "법정동주소":"경기도 성남시 중원구 하대원동 190",
            "도로명주소":"경기도 성남시 중원구 시민로28번길 6",
            "세대수":30,
            "입주년차":0,
            "용적률점수":"--",
            "건폐율점수":"--",
            "세대당주차수":0,
            "난방방식":30,
            "공급면적":"--",
            "전용률":"--",
            "욕실수":50,
            "현관타입":10,
            "주거총점":19.5,
            "지역구공급총점":0.0,
            "역세권":0,
            "30분내 이동가능 거점":20,
            "1시간내 이동가능 거점":80,
            "교통총점":22.0,
            "백화점":0,
            "아울렛몰":0,
            "대형마트":0,
            "은행":0,
            "병원":30,
            "종합병원":100,
            "공원":0,
            "혐오시설":0,
            "인프라총점":23.0,
            "초등학군":89.98,
            "중학군":34.58,
            "학군총점":45.66,
            "인구수":23.71,
            "인구증감":-16.95,
            "인구총점":11.512,
            "일자리":15.23,
            "소득수준":77.56,
            "일자리총점":33.929,
            "가치 총점":25.349,
            "매매실거래년":20211117.0,
            "매매실거래가":75000.0,
            "전세실거래년":20211110.0,
            "전세실거래가":25200.0,
            "전세가율":40.65,
            "장기전세가율평균":66.73,
            "전세가율거품지수":26.08,
            "검색코드":1749,
            "세대수":314.0,
            "준공년월":"1995-03-17",
            "준공년차":28.0,
            "가까운역이름":"수진",
            "가까운역거리":1079.29,
            "역세권여부":"비역세권",
            "30분이내주요거점역":1,
            "30분거점역이름":"['서현']",
            "1시간이내주요거점역":8,
            "1시간거점역이름":"['강남', '역삼', '잠실', '판교', '정자', '서현', 'GTX성남(2023년)', 'GTX용인(2023년)']",
            "3km이내백화점수":0,
            "5km이내아울렛몰수":0,
            "1km이내대형먀트수":0,
            "500m이내은행수":0,
            "500m이내병원수":7,
            "5km이내대형병원수":5,
            "500m이내공원수":0,
            "3km이내혐오시설수":0,
            "초등학교학업성취도":89.98,
            "중학교학업성취도":57.1,
            "용적률":265,
            "건폐율":29,
            "Y":37.432729,
            "X":127.151265,
            "rank":46.0,
            "area_info":"23평(79.31), 32평(106.02), 45평(149.34)",
            "last_sales":"2021-11-17,75000.0,32평(106.02)",
            "rank_history":[
                [
                    "202203",
                    46
                ],
                [
                    "202202",
                    22
                ],
                [
                    "202201",
                    23
                ]
            ],
            "rank_gap":-24
        },
        {
            "index":225,
            "아파트명":"은행주공2",
            "투자타입":"재건축",
            "전용면적(m2)":"45.12",
            "전용면적(평)":"13평",
            "법정동주소":"경기도 성남시 중원구 은행동 550",
            "도로명주소":"경기도 성남시 중원구 산성대로552번길 15",
            "세대수":0,
            "입주년차":"--",
            "용적률점수":0,
            "건폐율점수":0,
            "세대당주차수":"--",
            "난방방식":"--",
            "공급면적":50,
            "전용률":80,
            "욕실수":"--",
            "현관타입":"--",
            "주거총점":6.5,
            "지역구공급총점":0.0,
            "역세권":0,
            "30분내 이동가능 거점":0,
            "1시간내 이동가능 거점":90,
            "교통총점":18.0,
            "백화점":0,
            "아울렛몰":80,
            "대형마트":0,
            "은행":0,
            "병원":30,
            "종합병원":100,
            "공원":0,
            "혐오시설":0,
            "인프라총점":31.0,
            "초등학군":89.97,
            "중학군":45.36,
            "학군총점":54.282,
            "인구수":23.71,
            "인구증감":-16.95,
            "인구총점":11.512,
            "일자리":15.23,
            "소득수준":77.56,
            "일자리총점":33.929,
            "가치 총점":25.0423,
            "매매실거래년":20210122.0,
            "매매실거래가":59500.0,
            "전세실거래년":20211118.0,
            "전세실거래가":9000.0,
            "전세가율":15.13,
            "장기전세가율평균":66.73,
            "전세가율거품지수":51.6,
            "검색코드":100336,
            "세대수":110.0,
            "준공년월":"1987-06-20",
            "준공년차":36.0,
            "가까운역이름":"남한산성입구",
            "가까운역거리":1497.88,
            "역세권여부":"비역세권",
            "30분이내주요거점역":0,
            "30분거점역이름":"[]",
            "1시간이내주요거점역":9,
            "1시간거점역이름":"['강남', '역삼', '잠실', '판교', '정자', '왕십리', '서현', 'GTX성남(2023년)', 'GTX용인(2023년)']",
            "3km이내백화점수":0,
            "5km이내아울렛몰수":1,
            "1km이내대형먀트수":0,
            "500m이내은행수":0,
            "500m이내병원수":7,
            "5km이내대형병원수":3,
            "500m이내공원수":0,
            "3km이내혐오시설수":0,
            "초등학교학업성취도":89.97,
            "중학교학업성취도":75.6,
            "용적률":0,
            "건폐율":0,
            "Y":37.461142,
            "X":127.171947,
            "rank":47.0,
            "area_info":"13평(45.12)",
            "last_sales":"2021-01-22,59500.0,13평(45.12)",
            "rank_history":[
                [
                    "202203",
                    47
                ],
                [
                    "202202",
                    39
                ],
                [
                    "202201",
                    37
                ]
            ],
            "rank_gap":-8
        },
        {
            "index":75,
            "아파트명":"산호",
            "투자타입":"재건축",
            "전용면적(m2)":"92.43",
            "전용면적(평)":"27평",
            "법정동주소":"경기도 성남시 중원구 상대원동 산19-4",
            "도로명주소":"경기도 성남시 중원구 순환로198번길 14",
            "세대수":0,
            "입주년차":"--",
            "용적률점수":0,
            "건폐율점수":100,
            "세대당주차수":"--",
            "난방방식":"--",
            "공급면적":70,
            "전용률":60,
            "욕실수":"--",
            "현관타입":"--",
            "주거총점":26.5,
            "지역구공급총점":0.0,
            "역세권":0,
            "30분내 이동가능 거점":0,
            "1시간내 이동가능 거점":50,
            "교통총점":10.0,
            "백화점":0,
            "아울렛몰":0,
            "대형마트":0,
            "은행":70,
            "병원":10,
            "종합병원":100,
            "공원":0,
            "혐오시설":0,
            "인프라총점":28.0,
            "초등학군":90.01,
            "중학군":36.12,
            "학군총점":46.898,
            "인구수":23.71,
            "인구증감":-16.95,
            "인구총점":11.512,
            "일자리":15.23,
            "소득수준":77.56,
            "일자리총점":33.929,
            "가치 총점":24.2347,
            "매매실거래년":20211011.0,
            "매매실거래가":41500.0,
            "전세실거래년":20160504.0,
            "전세실거래가":14000.0,
            "전세가율":48.61,
            "장기전세가율평균":66.73,
            "전세가율거품지수":18.12,
            "검색코드":1728,
            "세대수":158.0,
            "준공년월":"1992-01-27",
            "준공년차":31.0,
            "가까운역이름":"단대오거리",
            "가까운역거리":2192.92,
            "역세권여부":"비역세권",
            "30분이내주요거점역":0,
            "30분거점역이름":"[]",
            "1시간이내주요거점역":5,
            "1시간거점역이름":"['역삼', '잠실', '정자', '서현', 'GTX성남(2023년)']",
            "3km이내백화점수":0,
            "5km이내아울렛몰수":0,
            "1km이내대형먀트수":0,
            "500m이내은행수":3,
            "500m이내병원수":4,
            "5km이내대형병원수":3,
            "500m이내공원수":0,
            "3km이내혐오시설수":0,
            "초등학교학업성취도":90.01,
            "중학교학업성취도":60.2,
            "용적률":222,
            "건폐율":19,
            "Y":37.440869,
            "X":127.181052,
            "rank":48.0,
            "area_info":"27평(92.43), 29평(96.07), 30평(99.75)",
            "last_sales":"2021-10-11,41500.0,30평(99.75)",
            "rank_history":[
                [
                    "202203",
                    48
                ],
                [
                    "202202",
                    35
                ],
                [
                    "202201",
                    35
                ]
            ],
            "rank_gap":-13
        },
        {
            "index":72,
            "아파트명":"산성",
            "투자타입":"일반",
            "전용면적(m2)":"76.05",
            "전용면적(평)":"23평",
            "법정동주소":"경기도 성남시 중원구 상대원동 174",
            "도로명주소":"경기도 성남시 중원구 사기막골로150번길 10",
            "세대수":30,
            "입주년차":0,
            "용적률점수":"--",
            "건폐율점수":"--",
            "세대당주차수":0,
            "난방방식":30,
            "공급면적":"--",
            "전용률":"--",
            "욕실수":50,
            "현관타입":100,
            "주거총점":28.5,
            "지역구공급총점":0.0,
            "역세권":0,
            "30분내 이동가능 거점":0,
            "1시간내 이동가능 거점":40,
            "교통총점":8.0,
            "백화점":0,
            "아울렛몰":0,
            "대형마트":0,
            "은행":70,
            "병원":10,
            "종합병원":100,
            "공원":0,
            "혐오시설":0,
            "인프라총점":28.0,
            "초등학군":90.01,
            "중학군":36.12,
            "학군총점":46.898,
            "인구수":23.71,
            "인구증감":-16.95,
            "인구총점":11.512,
            "일자리":15.23,
            "소득수준":77.56,
            "일자리총점":33.929,
            "가치 총점":23.9347,
            "매매실거래년":20220114.0,
            "매매실거래가":53900.0,
            "전세실거래년":20211009.0,
            "전세실거래가":33000.0,
            "전세가율":61.22,
            "장기전세가율평균":66.73,
            "전세가율거품지수":5.51,
            "검색코드":2660,
            "세대수":360.0,
            "준공년월":"1997-09-20",
            "준공년차":26.0,
            "가까운역이름":"단대오거리",
            "가까운역거리":1955.58,
            "역세권여부":"비역세권",
            "30분이내주요거점역":0,
            "30분거점역이름":"[]",
            "1시간이내주요거점역":4,
            "1시간거점역이름":"['잠실', '정자', '서현', 'GTX성남(2023년)']",
            "3km이내백화점수":0,
            "5km이내아울렛몰수":0,
            "1km이내대형먀트수":0,
            "500m이내은행수":3,
            "500m이내병원수":4,
            "5km이내대형병원수":3,
            "500m이내공원수":0,
            "3km이내혐오시설수":0,
            "초등학교학업성취도":90.01,
            "중학교학업성취도":60.2,
            "용적률":228,
            "건폐율":0,
            "Y":37.44228,
            "X":127.17865,
            "rank":49.0,
            "area_info":"23평(76.05), 26평(88.07), 30평(102.28)",
            "last_sales":"2022-01-14,53900.0,23평(76.05)",
            "rank_history":[
                [
                    "202203",
                    49
                ],
                [
                    "202202",
                    36
                ],
                [
                    "202201",
                    36
                ]
            ],
            "rank_gap":-13
        },
        {
            "index":17,
            "아파트명":"현대",
            "투자타입":"일반",
            "전용면적(m2)":"78.04",
            "전용면적(평)":"23평",
            "법정동주소":"경기도 성남시 중원구 금광동 2627",
            "도로명주소":"경기도 성남시 중원구 광명로395번길 7",
            "세대수":0,
            "입주년차":0,
            "용적률점수":"--",
            "건폐율점수":"--",
            "세대당주차수":0,
            "난방방식":30,
            "공급면적":"--",
            "전용률":"--",
            "욕실수":50,
            "현관타입":10,
            "주거총점":9.0,
            "지역구공급총점":0.0,
            "역세권":0,
            "30분내 이동가능 거점":0,
            "1시간내 이동가능 거점":90,
            "교통총점":18.0,
            "백화점":0,
            "아울렛몰":0,
            "대형마트":0,
            "은행":0,
            "병원":30,
            "종합병원":100,
            "공원":100,
            "혐오시설":0,
            "인프라총점":26.0,
            "초등학군":90.02,
            "중학군":38.7,
            "학군총점":48.964,
            "인구수":23.71,
            "인구증감":-16.95,
            "인구총점":11.512,
            "일자리":15.23,
            "소득수준":77.56,
            "일자리총점":33.929,
            "가치 총점":23.2446,
            "매매실거래년":20211124.0,
            "매매실거래가":54500.0,
            "전세실거래년":20220126.0,
            "전세실거래가":35000.0,
            "전세가율":64.22,
            "장기전세가율평균":66.73,
            "전세가율거품지수":2.51,
            "검색코드":1725,
            "세대수":124.0,
            "준공년월":"1994-10-04",
            "준공년차":29.0,
            "가까운역이름":"남한산성입구",
            "가까운역거리":1023.68,
            "역세권여부":"비역세권",
            "30분이내주요거점역":0,
            "30분거점역이름":"[]",
            "1시간이내주요거점역":9,
            "1시간거점역이름":"['강남', '역삼', '잠실', '판교', '양재', '정자', '서현', 'GTX성남(2023년)', 'GTX용인(2023년)']",
            "3km이내백화점수":0,
            "5km이내아울렛몰수":0,
            "1km이내대형먀트수":0,
            "500m이내은행수":0,
            "500m이내병원수":7,
            "5km이내대형병원수":3,
            "500m이내공원수":2,
            "3km이내혐오시설수":0,
            "초등학교학업성취도":90.02,
            "중학교학업성취도":64.5,
            "용적률":250,
            "건폐율":0,
            "Y":37.448393,
            "X":127.17072,
            "rank":50.0,
            "area_info":"23평(78.04), 26평(88.44), 30평(99.26), 31평(103.28)",
            "last_sales":"2021-11-24,54500.0,23평(78.04)",
            "rank_history":[
                [
                    "202203",
                    50
                ],
                [
                    "202202",
                    37
                ],
                [
                    "202201",
                    38
                ]
            ],
            "rank_gap":-13
        },
        {
            "index":87,
            "아파트명":"일성",
            "투자타입":"일반",
            "전용면적(m2)":"74.96",
            "전용면적(평)":"22평",
            "법정동주소":"경기도 성남시 중원구 상대원동 178-6",
            "도로명주소":"경기도 성남시 중원구 순환로198번길 12",
            "세대수":0,
            "입주년차":0,
            "용적률점수":"--",
            "건폐율점수":"--",
            "세대당주차수":0,
            "난방방식":30,
            "공급면적":"--",
            "전용률":"--",
            "욕실수":50,
            "현관타입":10,
            "주거총점":9.0,
            "지역구공급총점":0.0,
            "역세권":0,
            "30분내 이동가능 거점":0,
            "1시간내 이동가능 거점":50,
            "교통총점":10.0,
            "백화점":0,
            "아울렛몰":0,
            "대형마트":0,
            "은행":70,
            "병원":10,
            "종합병원":100,
            "공원":0,
            "혐오시설":0,
            "인프라총점":28.0,
            "초등학군":90.01,
            "중학군":36.12,
            "학군총점":46.898,
            "인구수":23.71,
            "인구증감":-16.95,
            "인구총점":11.512,
            "일자리":15.23,
            "소득수준":77.56,
            "일자리총점":33.929,
            "가치 총점":20.7347,
            "매매실거래년":20210929.0,
            "매매실거래가":39000.0,
            "전세실거래년":20211209.0,
            "전세실거래가":27000.0,
            "전세가율":67.5,
            "장기전세가율평균":66.73,
            "전세가율거품지수":-0.77,
            "검색코드":1731,
            "세대수":270.0,
            "준공년월":"1993-10-12",
            "준공년차":30.0,
            "가까운역이름":"단대오거리",
            "가까운역거리":2144.05,
            "역세권여부":"비역세권",
            "30분이내주요거점역":0,
            "30분거점역이름":"[]",
            "1시간이내주요거점역":5,
            "1시간거점역이름":"['역삼', '잠실', '정자', '서현', 'GTX성남(2023년)']",
            "3km이내백화점수":0,
            "5km이내아울렛몰수":0,
            "1km이내대형먀트수":0,
            "500m이내은행수":3,
            "500m이내병원수":4,
            "5km이내대형병원수":3,
            "500m이내공원수":0,
            "3km이내혐오시설수":0,
            "초등학교학업성취도":90.01,
            "중학교학업성취도":60.2,
            "용적률":316,
            "건폐율":26,
            "Y":37.440955,
            "X":127.180509,
            "rank":51.0,
            "area_info":"22평(74.96), 26평(86.28)",
            "last_sales":"2021-09-29,39000.0,26평(86.28)",
            "rank_history":[
                [
                    "202203",
                    51
                ],
                [
                    "202202",
                    38
                ],
                [
                    "202201",
                    39
                ]
            ],
            "rank_gap":-13
        }
    ]
}