{
    "schema":{
        "fields":[
            {
                "name":"index",
                "type":"integer"
            },
            {
                "name":"아파트명",
                "type":"string"
            },
            {
                "name":"투자타입",
                "type":"string"
            },
            {
                "name":"전용면적(m2)",
                "type":"string"
            },
            {
                "name":"전용면적(평)",
                "type":"string"
            },
            {
                "name":"법정동주소",
                "type":"string"
            },
            {
                "name":"도로명주소",
                "type":"string"
            },
            {
                "name":"세대수",
                "type":"integer"
            },
            {
                "name":"입주년차",
                "type":"string"
            },
            {
                "name":"용적률점수",
                "type":"string"
            },
            {
                "name":"건폐율점수",
                "type":"string"
            },
            {
                "name":"세대당주차수",
                "type":"string"
            },
            {
                "name":"난방방식",
                "type":"string"
            },
            {
                "name":"공급면적",
                "type":"string"
            },
            {
                "name":"전용률",
                "type":"string"
            },
            {
                "name":"욕실수",
                "type":"string"
            },
            {
                "name":"현관타입",
                "type":"string"
            },
            {
                "name":"주거총점",
                "type":"number"
            },
            {
                "name":"지역구공급총점",
                "type":"number"
            },
            {
                "name":"역세권",
                "type":"integer"
            },
            {
                "name":"30분내 이동가능 거점",
                "type":"integer"
            },
            {
                "name":"1시간내 이동가능 거점",
                "type":"integer"
            },
            {
                "name":"교통총점",
                "type":"number"
            },
            {
                "name":"백화점",
                "type":"integer"
            },
            {
                "name":"아울렛몰",
                "type":"integer"
            },
            {
                "name":"대형마트",
                "type":"integer"
            },
            {
                "name":"은행",
                "type":"integer"
            },
            {
                "name":"병원",
                "type":"integer"
            },
            {
                "name":"종합병원",
                "type":"integer"
            },
            {
                "name":"공원",
                "type":"integer"
            },
            {
                "name":"혐오시설",
                "type":"integer"
            },
            {
                "name":"인프라총점",
                "type":"number"
            },
            {
                "name":"초등학군",
                "type":"number"
            },
            {
                "name":"중학군",
                "type":"number"
            },
            {
                "name":"학군총점",
                "type":"number"
            },
            {
                "name":"인구수",
                "type":"number"
            },
            {
                "name":"인구증감",
                "type":"number"
            },
            {
                "name":"인구총점",
                "type":"number"
            },
            {
                "name":"일자리",
                "type":"number"
            },
            {
                "name":"소득수준",
                "type":"number"
            },
            {
                "name":"일자리총점",
                "type":"number"
            },
            {
                "name":"가치 총점",
                "type":"number"
            },
            {
                "name":"매매실거래년",
                "type":"string"
            },
            {
                "name":"매매실거래가",
                "type":"number"
            },
            {
                "name":"전세실거래년",
                "type":"number"
            },
            {
                "name":"전세실거래가",
                "type":"number"
            },
            {
                "name":"전세가율",
                "type":"number"
            },
            {
                "name":"장기전세가율평균",
                "type":"number"
            },
            {
                "name":"전세가율거품지수",
                "type":"number"
            },
            {
                "name":"검색코드",
                "type":"integer"
            },
            {
                "name":"세대수",
                "type":"number"
            },
            {
                "name":"준공년월",
                "type":"string"
            },
            {
                "name":"준공년차",
                "type":"number"
            },
            {
                "name":"가까운역이름",
                "type":"string"
            },
            {
                "name":"가까운역거리",
                "type":"number"
            },
            {
                "name":"역세권여부",
                "type":"string"
            },
            {
                "name":"30분이내주요거점역",
                "type":"integer"
            },
            {
                "name":"30분거점역이름",
                "type":"string"
            },
            {
                "name":"1시간이내주요거점역",
                "type":"integer"
            },
            {
                "name":"1시간거점역이름",
                "type":"string"
            },
            {
                "name":"3km이내백화점수",
                "type":"integer"
            },
            {
                "name":"5km이내아울렛몰수",
                "type":"integer"
            },
            {
                "name":"1km이내대형먀트수",
                "type":"integer"
            },
            {
                "name":"500m이내은행수",
                "type":"integer"
            },
            {
                "name":"500m이내병원수",
                "type":"integer"
            },
            {
                "name":"5km이내대형병원수",
                "type":"integer"
            },
            {
                "name":"500m이내공원수",
                "type":"integer"
            },
            {
                "name":"3km이내혐오시설수",
                "type":"integer"
            },
            {
                "name":"초등학교학업성취도",
                "type":"number"
            },
            {
                "name":"중학교학업성취도",
                "type":"number"
            },
            {
                "name":"용적률",
                "type":"integer"
            },
            {
                "name":"건폐율",
                "type":"integer"
            },
            {
                "name":"Y",
                "type":"number"
            },
            {
                "name":"X",
                "type":"number"
            },
            {
                "name":"rank",
                "type":"number"
            },
            {
                "name":"area_info",
                "type":"string"
            },
            {
                "name":"last_sales",
                "type":"string"
            },
            {
                "name":"rank_history",
                "type":"string"
            },
            {
                "name":"rank_gap",
                "type":"integer"
            }
        ],
        "primaryKey":[
            "index"
        ],
        "pandas_version":"1.4.0"
    },
    "data":[
        {
            "index":26,
            "아파트명":"푸르지오",
            "투자타입":"일반",
            "전용면적(m2)":"85.57",
            "전용면적(평)":"25평",
            "법정동주소":"경기도 성남시 수정구 단대동 100",
            "도로명주소":"경기도 성남시 수정구 산성대로437번길 7",
            "세대수":90,
            "입주년차":60,
            "용적률점수":"--",
            "건폐율점수":"--",
            "세대당주차수":30,
            "난방방식":30,
            "공급면적":"--",
            "전용률":"--",
            "욕실수":100,
            "현관타입":100,
            "주거총점":71.0,
            "지역구공급총점":0.0,
            "역세권":80,
            "30분내 이동가능 거점":60,
            "1시간내 이동가능 거점":100,
            "교통총점":78.0,
            "백화점":0,
            "아울렛몰":80,
            "대형마트":0,
            "은행":0,
            "병원":60,
            "종합병원":100,
            "공원":100,
            "혐오시설":0,
            "인프라총점":37.0,
            "초등학군":89.98,
            "중학군":42.64,
            "학군총점":52.108,
            "인구수":26.43,
            "인구증감":-16.21,
            "인구총점":13.638,
            "일자리":17.04,
            "소득수준":77.56,
            "일자리총점":35.196,
            "가치 총점":60.4162,
            "매매실거래년":20211217.0,
            "매매실거래가":106500.0,
            "전세실거래년":20211011.0,
            "전세실거래가":64000.0,
            "전세가율":63.37,
            "장기전세가율평균":61.28,
            "전세가율거품지수":-2.09,
            "검색코드":27291,
            "세대수":1015.0,
            "준공년월":"2012-09-07",
            "준공년차":11.0,
            "가까운역이름":"남한산성입구",
            "가까운역거리":306.51,
            "역세권여부":"역세권",
            "30분이내주요거점역":3,
            "30분거점역이름":"['잠실', '정자', '서현']",
            "1시간이내주요거점역":11,
            "1시간거점역이름":"['강남', '역삼', '잠실', '판교', '여의도', '양재', '정자', '왕십리', '서현', 'GTX성남(2023년)', 'GTX용인(2023년)']",
            "3km이내백화점수":0,
            "5km이내아울렛몰수":1,
            "1km이내대형먀트수":0,
            "500m이내은행수":1,
            "500m이내병원수":22,
            "5km이내대형병원수":3,
            "500m이내공원수":2,
            "3km이내혐오시설수":0,
            "초등학교학업성취도":89.98,
            "중학교학업성취도":70.2,
            "용적률":232,
            "건폐율":20,
            "Y":37.449963,
            "X":127.157155,
            "rank":1.0,
            "area_info":"25평(85.57), 25평(85.74), 25평(85.5), 25평(85.38), 25평(85.5), 33평(110.07), 33평(110.12), 33평(110.29), 33평(110.12), 45평(149.29), 45평(149.3), 49평(164.96)",
            "last_sales":"2021-12-17,106500.0,33평(110.12)",
            "rank_history":[
                [
                    "202203",
                    1
                ],
                [
                    "202202",
                    4
                ],
                [
                    "202201",
                    3
                ]
            ],
            "rank_gap":3
        },
        {
            "index":81,
            "아파트명":"산성역포레스티아",
            "투자타입":"일반",
            "전용면적(m2)":"77.18",
            "전용면적(평)":"23평",
            "법정동주소":"경기도 성남시 수정구 신흥동 6951",
            "도로명주소":"경기도 성남시 수정구 수정로 319",
            "세대수":100,
            "입주년차":100,
            "용적률점수":"--",
            "건폐율점수":"--",
            "세대당주차수":30,
            "난방방식":100,
            "공급면적":"--",
            "전용률":"--",
            "욕실수":100,
            "현관타입":100,
            "주거총점":89.5,
            "지역구공급총점":0.0,
            "역세권":80,
            "30분내 이동가능 거점":20,
            "1시간내 이동가능 거점":100,
            "교통총점":66.0,
            "백화점":0,
            "아울렛몰":80,
            "대형마트":0,
            "은행":0,
            "병원":60,
            "종합병원":100,
            "공원":80,
            "혐오시설":0,
            "인프라총점":36.4,
            "초등학군":89.92,
            "중학군":44.76,
            "학군총점":53.792,
            "인구수":26.43,
            "인구증감":-16.21,
            "인구총점":13.638,
            "일자리":17.04,
            "소득수준":77.56,
            "일자리총점":35.196,
            "가치 총점":59.9888,
            "매매실거래년":20220204.0,
            "매매실거래가":182500.0,
            "전세실거래년":20220125.0,
            "전세실거래가":68000.0,
            "전세가율":61.12,
            "장기전세가율평균":61.28,
            "전세가율거품지수":0.16,
            "검색코드":118771,
            "세대수":4089.0,
            "준공년월":"2020-07-01",
            "준공년차":3.0,
            "가까운역이름":"산성",
            "가까운역거리":453.6,
            "역세권여부":"역세권",
            "30분이내주요거점역":1,
            "30분거점역이름":"['잠실']",
            "1시간이내주요거점역":12,
            "1시간거점역이름":"['강남', '역삼', '잠실', '판교', '여의도', '양재', '정자', '왕십리', '서현', 'GTX성남(2023년)', 'GTX용인(2023년)', 'GTX동탄(2023년)']",
            "3km이내백화점수":0,
            "5km이내아울렛몰수":1,
            "1km이내대형먀트수":0,
            "500m이내은행수":1,
            "500m이내병원수":21,
            "5km이내대형병원수":3,
            "500m이내공원수":1,
            "3km이내혐오시설수":0,
            "초등학교학업성취도":89.92,
            "중학교학업성취도":73.8,
            "용적률":249,
            "건폐율":20,
            "Y":37.453259,
            "X":127.147579,
            "rank":2.0,
            "area_info":"23평(77.18), 26평(86.99), 29평(95.99), 29평(96.59), 32평(107.37), 32평(108.52), 32평(108.99), 33평(112.35), 34평(113.06), 34평(113.27), 34평(114.01), 37평(125.26)",
            "last_sales":"2022-02-04,182500.0,34평(114.01)",
            "rank_history":[
                [
                    "202203",
                    2
                ],
                [
                    "202202",
                    1
                ],
                [
                    "202201",
                    1
                ]
            ],
            "rank_gap":-1
        },
        {
            "index":69,
            "아파트명":"우리빌",
            "투자타입":"일반",
            "전용면적(m2)":"106.32",
            "전용면적(평)":"32평",
            "법정동주소":"경기도 성남시 수정구 수진동 2965",
            "도로명주소":"경기도 성남시 수정구 수정로 80",
            "세대수":0,
            "입주년차":40,
            "용적률점수":"--",
            "건폐율점수":"--",
            "세대당주차수":30,
            "난방방식":30,
            "공급면적":"--",
            "전용률":"--",
            "욕실수":100,
            "현관타입":100,
            "주거총점":35.5,
            "지역구공급총점":0.0,
            "역세권":80,
            "30분내 이동가능 거점":100,
            "1시간내 이동가능 거점":100,
            "교통총점":90.0,
            "백화점":0,
            "아울렛몰":80,
            "대형마트":0,
            "은행":70,
            "병원":100,
            "종합병원":100,
            "공원":0,
            "혐오시설":0,
            "인프라총점":45.0,
            "초등학군":89.98,
            "중학군":41.28,
            "학군총점":51.02,
            "인구수":26.43,
            "인구증감":-16.21,
            "인구총점":13.638,
            "일자리":17.04,
            "소득수준":77.56,
            "일자리총점":35.196,
            "가치 총점":59.753,
            "매매실거래년":20210915.0,
            "매매실거래가":64800.0,
            "전세실거래년":20211015.0,
            "전세실거래가":50000.0,
            "전세가율":77.16,
            "장기전세가율평균":61.28,
            "전세가율거품지수":-15.88,
            "검색코드":13840,
            "세대수":84.0,
            "준공년월":"2005-08-26",
            "준공년차":18.0,
            "가까운역이름":"태평",
            "가까운역거리":165.65,
            "역세권여부":"역세권",
            "30분이내주요거점역":5,
            "30분거점역이름":"['잠실', '판교', '정자', '서현', 'GTX성남(2023년)']",
            "1시간이내주요거점역":17,
            "1시간거점역이름":"['강남', '역삼', '잠실', '판교', '여의도', '을지로3가', '양재', '정자', '수원시청', '왕십리', '수원', '구로디지털단지', '명동', '서현', 'GTX성남(2023년)', 'GTX용인(2023년)', 'GTX동탄(2023년)']",
            "3km이내백화점수":0,
            "5km이내아울렛몰수":1,
            "1km이내대형먀트수":0,
            "500m이내은행수":4,
            "500m이내병원수":86,
            "5km이내대형병원수":4,
            "500m이내공원수":0,
            "3km이내혐오시설수":0,
            "초등학교학업성취도":89.98,
            "중학교학업성취도":68.0,
            "용적률":798,
            "건폐율":78,
            "Y":37.44008,
            "X":127.12959,
            "rank":3.0,
            "area_info":"32평(106.32), 33평(109.25), 32평(109.04)",
            "last_sales":"2021-09-15,64800.0,32평(106.32)",
            "rank_history":[
                [
                    "202203",
                    3
                ],
                [
                    "202202",
                    9999
                ]
            ],
            "rank_gap":9999
        },
        {
            "index":57,
            "아파트명":"삼부",
            "투자타입":"일반",
            "전용면적(m2)":"82.82",
            "전용면적(평)":"25평",
            "법정동주소":"경기도 성남시 수정구 수진동 4663",
            "도로명주소":"경기도 성남시 수정구 모란로 65",
            "세대수":80,
            "입주년차":0,
            "용적률점수":"--",
            "건폐율점수":"--",
            "세대당주차수":0,
            "난방방식":100,
            "공급면적":"--",
            "전용률":"--",
            "욕실수":50,
            "현관타입":10,
            "주거총점":44.0,
            "지역구공급총점":0.0,
            "역세권":80,
            "30분내 이동가능 거점":100,
            "1시간내 이동가능 거점":100,
            "교통총점":90.0,
            "백화점":0,
            "아울렛몰":80,
            "대형마트":0,
            "은행":0,
            "병원":60,
            "종합병원":100,
            "공원":80,
            "혐오시설":0,
            "인프라총점":36.4,
            "초등학군":90.01,
            "중학군":41.28,
            "학군총점":51.026,
            "인구수":26.43,
            "인구증감":-16.21,
            "인구총점":13.638,
            "일자리":17.04,
            "소득수준":77.56,
            "일자리총점":35.196,
            "가치 총점":58.8739,
            "매매실거래년":20220129.0,
            "매매실거래가":80000.0,
            "전세실거래년":20220210.0,
            "전세실거래가":46000.0,
            "전세가율":57.5,
            "장기전세가율평균":61.28,
            "전세가율거품지수":3.78,
            "검색코드":1735,
            "세대수":834.0,
            "준공년월":"1996-10-31",
            "준공년차":27.0,
            "가까운역이름":"태평",
            "가까운역거리":310.32,
            "역세권여부":"역세권",
            "30분이내주요거점역":5,
            "30분거점역이름":"['잠실', '판교', '정자', '서현', 'GTX성남(2023년)']",
            "1시간이내주요거점역":17,
            "1시간거점역이름":"['강남', '역삼', '잠실', '판교', '여의도', '을지로3가', '양재', '정자', '수원시청', '왕십리', '수원', '구로디지털단지', '명동', '서현', 'GTX성남(2023년)', 'GTX용인(2023년)', 'GTX동탄(2023년)']",
            "3km이내백화점수":0,
            "5km이내아울렛몰수":1,
            "1km이내대형먀트수":0,
            "500m이내은행수":1,
            "500m이내병원수":22,
            "5km이내대형병원수":4,
            "500m이내공원수":1,
            "3km이내혐오시설수":0,
            "초등학교학업성취도":90.01,
            "중학교학업성취도":68.0,
            "용적률":236,
            "건폐율":23,
            "Y":37.43885,
            "X":127.12444,
            "rank":4.0,
            "area_info":"25평(82.82), 32평(107.57), 47평(158.53)",
            "last_sales":"2022-01-29,80000.0,25평(82.82)",
            "rank_history":[
                [
                    "202203",
                    4
                ],
                [
                    "202202",
                    12
                ],
                [
                    "202201",
                    12
                ]
            ],
            "rank_gap":8
        },
        {
            "index":301,
            "아파트명":"동인트루빌Ⅱ",
            "투자타입":"일반",
            "전용면적(m2)":"103.12",
            "전용면적(평)":"31평",
            "법정동주소":"경기도 성남시 수정구 태평동 6455",
            "도로명주소":"경기도 성남시 수정구 수정로 81",
            "세대수":0,
            "입주년차":40,
            "용적률점수":"--",
            "건폐율점수":"--",
            "세대당주차수":0,
            "난방방식":30,
            "공급면적":"--",
            "전용률":"--",
            "욕실수":100,
            "현관타입":100,
            "주거총점":31.0,
            "지역구공급총점":0.0,
            "역세권":80,
            "30분내 이동가능 거점":100,
            "1시간내 이동가능 거점":100,
            "교통총점":90.0,
            "백화점":0,
            "아울렛몰":80,
            "대형마트":0,
            "은행":70,
            "병원":100,
            "종합병원":100,
            "공원":0,
            "혐오시설":0,
            "인프라총점":45.0,
            "초등학군":89.98,
            "중학군":41.28,
            "학군총점":51.02,
            "인구수":26.43,
            "인구증감":-16.21,
            "인구총점":13.638,
            "일자리":17.04,
            "소득수준":77.56,
            "일자리총점":35.196,
            "가치 총점":58.853,
            "매매실거래년":20211128.0,
            "매매실거래가":58700.0,
            "전세실거래년":20211119.0,
            "전세실거래가":31500.0,
            "전세가율":53.03,
            "장기전세가율평균":61.28,
            "전세가율거품지수":8.25,
            "검색코드":18986,
            "세대수":72.0,
            "준공년월":"2005-06-30",
            "준공년차":18.0,
            "가까운역이름":"태평",
            "가까운역거리":164.88,
            "역세권여부":"역세권",
            "30분이내주요거점역":5,
            "30분거점역이름":"['잠실', '판교', '정자', '서현', 'GTX성남(2023년)']",
            "1시간이내주요거점역":17,
            "1시간거점역이름":"['강남', '역삼', '잠실', '판교', '여의도', '을지로3가', '양재', '정자', '수원시청', '왕십리', '수원', '구로디지털단지', '명동', '서현', 'GTX성남(2023년)', 'GTX용인(2023년)', 'GTX동탄(2023년)']",
            "3km이내백화점수":0,
            "5km이내아울렛몰수":1,
            "1km이내대형먀트수":0,
            "500m이내은행수":4,
            "500m이내병원수":87,
            "5km이내대형병원수":4,
            "500m이내공원수":0,
            "3km이내혐오시설수":0,
            "초등학교학업성취도":89.98,
            "중학교학업성취도":68.0,
            "용적률":799,
            "건폐율":68,
            "Y":37.440482,
            "X":127.129401,
            "rank":5.0,
            "area_info":"31평(103.12), 31평(104.42), 31평(104.45)",
            "last_sales":"2021-11-28,58700.0,31평(104.45)",
            "rank_history":[
                [
                    "202203",
                    5
                ],
                [
                    "202202",
                    9999
                ]
            ],
            "rank_gap":9999
        },
        {
            "index":304,
            "아파트명":"삼능스페이스향",
            "투자타입":"일반",
            "전용면적(m2)":"106.9",
            "전용면적(평)":"32평",
            "법정동주소":"경기도 성남시 수정구 태평동 6513",
            "도로명주소":"경기도 성남시 수정구 성남대로 1238",
            "세대수":0,
            "입주년차":40,
            "용적률점수":"--",
            "건폐율점수":"--",
            "세대당주차수":0,
            "난방방식":30,
            "공급면적":"--",
            "전용률":"--",
            "욕실수":100,
            "현관타입":100,
            "주거총점":31.0,
            "지역구공급총점":0.0,
            "역세권":100,
            "30분내 이동가능 거점":80,
            "1시간내 이동가능 거점":100,
            "교통총점":94.0,
            "백화점":0,
            "아울렛몰":80,
            "대형마트":0,
            "은행":20,
            "병원":100,
            "종합병원":100,
            "공원":0,
            "혐오시설":0,
            "인프라총점":40.0,
            "초등학군":89.98,
            "중학군":41.28,
            "학군총점":51.02,
            "인구수":26.43,
            "인구증감":-16.21,
            "인구총점":13.638,
            "일자리":17.04,
            "소득수준":77.56,
            "일자리총점":35.196,
            "가치 총점":58.753,
            "매매실거래년":20200828.0,
            "매매실거래가":50000.0,
            "전세실거래년":null,
            "전세실거래가":null,
            "전세가율":null,
            "장기전세가율평균":61.28,
            "전세가율거품지수":null,
            "검색코드":18988,
            "세대수":64.0,
            "준공년월":"2005-12-14",
            "준공년차":18.0,
            "가까운역이름":"태평",
            "가까운역거리":69.13,
            "역세권여부":"초역세권",
            "30분이내주요거점역":4,
            "30분거점역이름":"['판교', '정자', '서현', 'GTX성남(2023년)']",
            "1시간이내주요거점역":17,
            "1시간거점역이름":"['강남', '역삼', '잠실', '판교', '여의도', '을지로3가', '양재', '정자', '수원시청', '왕십리', '수원', '구로디지털단지', '명동', '서현', 'GTX성남(2023년)', 'GTX용인(2023년)', 'GTX동탄(2023년)']",
            "3km이내백화점수":0,
            "5km이내아울렛몰수":1,
            "1km이내대형먀트수":0,
            "500m이내은행수":2,
            "500m이내병원수":75,
            "5km이내대형병원수":4,
            "500m이내공원수":0,
            "3km이내혐오시설수":0,
            "초등학교학업성취도":89.98,
            "중학교학업성취도":68.0,
            "용적률":685,
            "건폐율":67,
            "Y":37.44036,
            "X":127.12806,
            "rank":6.0,
            "area_info":"32평(106.9), 32평(106.9), 32평(106.66), 32평(107.25), 32평(108.09)",
            "last_sales":"2020-08-28,50000.0,32평(108.09)",
            "rank_history":[
                [
                    "202203",
                    6
                ],
                [
                    "202202",
                    9999
                ]
            ],
            "rank_gap":9999
        },
        {
            "index":275,
            "아파트명":"가천대역두산위브",
            "투자타입":"일반",
            "전용면적(m2)":"81.21",
            "전용면적(평)":"24평",
            "법정동주소":"경기도 성남시 수정구 태평동 7346",
            "도로명주소":"경기도 성남시 수정구 태평로 65",
            "세대수":50,
            "입주년차":80,
            "용적률점수":"--",
            "건폐율점수":"--",
            "세대당주차수":30,
            "난방방식":30,
            "공급면적":"--",
            "전용률":"--",
            "욕실수":100,
            "현관타입":100,
            "주거총점":61.0,
            "지역구공급총점":0.0,
            "역세권":50,
            "30분내 이동가능 거점":40,
            "1시간내 이동가능 거점":100,
            "교통총점":57.0,
            "백화점":0,
            "아울렛몰":80,
            "대형마트":80,
            "은행":70,
            "병원":60,
            "종합병원":100,
            "공원":80,
            "혐오시설":0,
            "인프라총점":55.4,
            "초등학군":89.97,
            "중학군":39.9,
            "학군총점":49.914,
            "인구수":26.43,
            "인구증감":-16.21,
            "인구총점":13.638,
            "일자리":17.04,
            "소득수준":77.56,
            "일자리총점":35.196,
            "가치 총점":56.2571,
            "매매실거래년":20211217.0,
            "매매실거래가":84500.0,
            "전세실거래년":20220211.0,
            "전세실거래가":31973.0,
            "전세가율":38.99,
            "장기전세가율평균":61.28,
            "전세가율거품지수":22.29,
            "검색코드":113013,
            "세대수":503.0,
            "준공년월":"2018-10-12",
            "준공년차":5.0,
            "가까운역이름":"가천대",
            "가까운역거리":643.75,
            "역세권여부":"준역세권",
            "30분이내주요거점역":2,
            "30분거점역이름":"['정자', '서현']",
            "1시간이내주요거점역":14,
            "1시간거점역이름":"['강남', '역삼', '잠실', '판교', '여의도', '을지로3가', '양재', '정자', '평촌', '왕십리', '서현', 'GTX성남(2023년)', 'GTX용인(2023년)', 'GTX동탄(2023년)']",
            "3km이내백화점수":0,
            "5km이내아울렛몰수":1,
            "1km이내대형먀트수":1,
            "500m이내은행수":3,
            "500m이내병원수":11,
            "5km이내대형병원수":4,
            "500m이내공원수":1,
            "3km이내혐오시설수":0,
            "초등학교학업성취도":89.97,
            "중학교학업성취도":66.5,
            "용적률":249,
            "건폐율":27,
            "Y":37.45008,
            "X":127.133734,
            "rank":7.0,
            "area_info":"24평(81.21), 24평(81.68), 24평(82.14), 24평(82.0), 27평(92.31), 34평(114.35)",
            "last_sales":"2021-12-17,84500.0,24평(81.68)",
            "rank_history":[
                [
                    "202203",
                    7
                ],
                [
                    "202202",
                    3
                ],
                [
                    "202201",
                    5
                ]
            ],
            "rank_gap":-4
        },
        {
            "index":295,
            "아파트명":"낙원스카이뷰2",
            "투자타입":"일반",
            "전용면적(m2)":"101.89",
            "전용면적(평)":"30평",
            "법정동주소":"경기도 성남시 수정구 태평동 6146",
            "도로명주소":"경기도 성남시 수정구 성남대로 1254",
            "세대수":0,
            "입주년차":40,
            "용적률점수":"--",
            "건폐율점수":"--",
            "세대당주차수":0,
            "난방방식":30,
            "공급면적":"--",
            "전용률":"--",
            "욕실수":100,
            "현관타입":10,
            "주거총점":22.0,
            "지역구공급총점":0.0,
            "역세권":80,
            "30분내 이동가능 거점":100,
            "1시간내 이동가능 거점":100,
            "교통총점":90.0,
            "백화점":0,
            "아울렛몰":80,
            "대형마트":0,
            "은행":20,
            "병원":100,
            "종합병원":100,
            "공원":0,
            "혐오시설":0,
            "인프라총점":40.0,
            "초등학군":90.0,
            "중학군":39.9,
            "학군총점":49.92,
            "인구수":26.43,
            "인구증감":-16.21,
            "인구총점":13.638,
            "일자리":17.04,
            "소득수준":77.56,
            "일자리총점":35.196,
            "가치 총점":55.388,
            "매매실거래년":20210903.0,
            "매매실거래가":56000.0,
            "전세실거래년":20170609.0,
            "전세실거래가":29500.0,
            "전세가율":73.75,
            "장기전세가율평균":61.28,
            "전세가율거품지수":-12.47,
            "검색코드":17637,
            "세대수":52.0,
            "준공년월":"2005-05-31",
            "준공년차":18.0,
            "가까운역이름":"태평",
            "가까운역거리":206.92,
            "역세권여부":"역세권",
            "30분이내주요거점역":5,
            "30분거점역이름":"['잠실', '판교', '정자', '서현', 'GTX성남(2023년)']",
            "1시간이내주요거점역":17,
            "1시간거점역이름":"['강남', '역삼', '잠실', '판교', '여의도', '을지로3가', '양재', '정자', '수원시청', '왕십리', '수원', '구로디지털단지', '명동', '서현', 'GTX성남(2023년)', 'GTX용인(2023년)', 'GTX동탄(2023년)']",
            "3km이내백화점수":0,
            "5km이내아울렛몰수":1,
            "1km이내대형먀트수":0,
            "500m이내은행수":2,
            "500m이내병원수":72,
            "5km이내대형병원수":4,
            "500m이내공원수":0,
            "3km이내혐오시설수":0,
            "초등학교학업성취도":90.0,
            "중학교학업성취도":66.5,
            "용적률":793,
            "건폐율":78,
            "Y":37.44165,
            "X":127.12777,
            "rank":8.0,
            "area_info":"30평(101.89), 31평(102.64), 31평(104.48), 32평(105.87), 31평(105.08), 32평(108.14)",
            "last_sales":"2021-09-03,56000.0,32평(108.14)",
            "rank_history":[
                [
                    "202203",
                    8
                ],
                [
                    "202202",
                    9999
                ]
            ],
            "rank_gap":9999
        },
        {
            "index":43,
            "아파트명":"YM프라젠",
            "투자타입":"일반",
            "전용면적(m2)":"105.78",
            "전용면적(평)":"31평",
            "법정동주소":"경기도 성남시 수정구 수진동 3016",
            "도로명주소":"경기도 성남시 수정구 성남대로 1210",
            "세대수":0,
            "입주년차":40,
            "용적률점수":"--",
            "건폐율점수":"--",
            "세대당주차수":0,
            "난방방식":30,
            "공급면적":"--",
            "전용률":"--",
            "욕실수":100,
            "현관타입":100,
            "주거총점":31.0,
            "지역구공급총점":0.0,
            "역세권":80,
            "30분내 이동가능 거점":80,
            "1시간내 이동가능 거점":100,
            "교통총점":84.0,
            "백화점":0,
            "아울렛몰":80,
            "대형마트":0,
            "은행":20,
            "병원":80,
            "종합병원":100,
            "공원":80,
            "혐오시설":0,
            "인프라총점":40.4,
            "초등학군":89.98,
            "중학군":41.28,
            "학군총점":51.02,
            "인구수":26.43,
            "인구증감":-16.21,
            "인구총점":13.638,
            "일자리":17.04,
            "소득수준":77.56,
            "일자리총점":35.196,
            "가치 총점":55.373,
            "매매실거래년":20211007.0,
            "매매실거래가":62000.0,
            "전세실거래년":20210717.0,
            "전세실거래가":34650.0,
            "전세가율":61.33,
            "장기전세가율평균":61.28,
            "전세가율거품지수":-0.05,
            "검색코드":12864,
            "세대수":72.0,
            "준공년월":"2005-06-20",
            "준공년차":18.0,
            "가까운역이름":"태평",
            "가까운역거리":212.85,
            "역세권여부":"역세권",
            "30분이내주요거점역":4,
            "30분거점역이름":"['잠실', '정자', '서현', 'GTX성남(2023년)']",
            "1시간이내주요거점역":17,
            "1시간거점역이름":"['강남', '역삼', '잠실', '판교', '여의도', '을지로3가', '양재', '정자', '수원시청', '왕십리', '수원', '구로디지털단지', '명동', '서현', 'GTX성남(2023년)', 'GTX용인(2023년)', 'GTX동탄(2023년)']",
            "3km이내백화점수":0,
            "5km이내아울렛몰수":1,
            "1km이내대형먀트수":0,
            "500m이내은행수":2,
            "500m이내병원수":53,
            "5km이내대형병원수":4,
            "500m이내공원수":1,
            "3km이내혐오시설수":0,
            "초등학교학업성취도":89.98,
            "중학교학업성취도":68.0,
            "용적률":842,
            "건폐율":77,
            "Y":37.43797,
            "X":127.1285,
            "rank":9.0,
            "area_info":"31평(105.78), 32평(105.85), 32평(105.92)",
            "last_sales":"2021-10-07,62000.0,32평(105.85)",
            "rank_history":[
                [
                    "202203",
                    9
                ],
                [
                    "202202",
                    9999
                ]
            ],
            "rank_gap":9999
        },
        {
            "index":322,
            "아파트명":"인티움(도시형)",
            "투자타입":"일반",
            "전용면적(m2)":"46.44",
            "전용면적(평)":"14평",
            "법정동주소":"경기도 성남시 수정구 태평동 6523",
            "도로명주소":"경기도 성남시 수정구 성남대로 1244",
            "세대수":0,
            "입주년차":60,
            "용적률점수":"--",
            "건폐율점수":"--",
            "세대당주차수":0,
            "난방방식":30,
            "공급면적":"--",
            "전용률":"--",
            "욕실수":50,
            "현관타입":10,
            "주거총점":21.0,
            "지역구공급총점":0.0,
            "역세권":80,
            "30분내 이동가능 거점":100,
            "1시간내 이동가능 거점":100,
            "교통총점":90.0,
            "백화점":0,
            "아울렛몰":80,
            "대형마트":0,
            "은행":20,
            "병원":100,
            "종합병원":100,
            "공원":0,
            "혐오시설":0,
            "인프라총점":40.0,
            "초등학군":90.0,
            "중학군":41.28,
            "학군총점":51.024,
            "인구수":26.43,
            "인구증감":-16.21,
            "인구총점":13.638,
            "일자리":17.04,
            "소득수준":77.56,
            "일자리총점":35.196,
            "가치 총점":55.3536,
            "매매실거래년":"18000101",
            "매매실거래가":null,
            "전세실거래년":null,
            "전세실거래가":null,
            "전세가율":null,
            "장기전세가율평균":61.28,
            "전세가율거품지수":null,
            "검색코드":109700,
            "세대수":81.0,
            "준공년월":"2010-10-19",
            "준공년차":13.0,
            "가까운역이름":"태평",
            "가까운역거리":113.16,
            "역세권여부":"역세권",
            "30분이내주요거점역":5,
            "30분거점역이름":"['잠실', '판교', '정자', '서현', 'GTX성남(2023년)']",
            "1시간이내주요거점역":17,
            "1시간거점역이름":"['강남', '역삼', '잠실', '판교', '여의도', '을지로3가', '양재', '정자', '수원시청', '왕십리', '수원', '구로디지털단지', '명동', '서현', 'GTX성남(2023년)', 'GTX용인(2023년)', 'GTX동탄(2023년)']",
            "3km이내백화점수":0,
            "5km이내아울렛몰수":1,
            "1km이내대형먀트수":0,
            "500m이내은행수":2,
            "500m이내병원수":77,
            "5km이내대형병원수":4,
            "500m이내공원수":0,
            "3km이내혐오시설수":0,
            "초등학교학업성취도":90.0,
            "중학교학업성취도":68.0,
            "용적률":879,
            "건폐율":79,
            "Y":37.440778,
            "X":127.128053,
            "rank":10.0,
            "area_info":"14평(46.44), 14평(48.78), 14평(48.96), 15평(50.12), 15평(50.37), 15평(51.01), 15평(51.42), 15평(52.53), 16평(54.05), 16평(55.89), 16평(56.1), 17평(57.03), 17평(57.06), 17평(58.16), 17평(58.06), 17평(58.26)",
            "last_sales":"1800-01-01,nan,14평(46.44)",
            "rank_history":[
                [
                    "202203",
                    10
                ],
                [
                    "202202",
                    9999
                ]
            ],
            "rank_gap":9999
        },
        {
            "index":65,
            "아파트명":"수진현대",
            "투자타입":"일반",
            "전용면적(m2)":"81.83",
            "전용면적(평)":"24평",
            "법정동주소":"경기도 성남시 수정구 수진동 3379",
            "도로명주소":"경기도 성남시 수정구 제일로147번길 4",
            "세대수":0,
            "입주년차":0,
            "용적률점수":"--",
            "건폐율점수":"--",
            "세대당주차수":0,
            "난방방식":30,
            "공급면적":"--",
            "전용률":"--",
            "욕실수":50,
            "현관타입":10,
            "주거총점":9.0,
            "지역구공급총점":0.0,
            "역세권":80,
            "30분내 이동가능 거점":80,
            "1시간내 이동가능 거점":100,
            "교통총점":84.0,
            "백화점":0,
            "아울렛몰":80,
            "대형마트":80,
            "은행":70,
            "병원":100,
            "종합병원":100,
            "공원":0,
            "혐오시설":0,
            "인프라총점":57.0,
            "초등학군":89.98,
            "중학군":36.2,
            "학군총점":46.956,
            "인구수":26.43,
            "인구증감":-16.21,
            "인구총점":13.638,
            "일자리":17.04,
            "소득수준":77.56,
            "일자리총점":35.196,
            "가치 총점":55.3434,
            "매매실거래년":20210723.0,
            "매매실거래가":49000.0,
            "전세실거래년":20210807.0,
            "전세실거래가":30000.0,
            "전세가율":61.22,
            "장기전세가율평균":61.28,
            "전세가율거품지수":0.06,
            "검색코드":2661,
            "세대수":107.0,
            "준공년월":"1994-09-22",
            "준공년차":29.0,
            "가까운역이름":"태평",
            "가까운역거리":340.11,
            "역세권여부":"역세권",
            "30분이내주요거점역":4,
            "30분거점역이름":"['판교', '정자', '서현', 'GTX성남(2023년)']",
            "1시간이내주요거점역":17,
            "1시간거점역이름":"['강남', '역삼', '잠실', '판교', '여의도', '을지로3가', '양재', '정자', '수원시청', '왕십리', '수원', '구로디지털단지', '명동', '서현', 'GTX성남(2023년)', 'GTX용인(2023년)', 'GTX동탄(2023년)']",
            "3km이내백화점수":0,
            "5km이내아울렛몰수":1,
            "1km이내대형먀트수":1,
            "500m이내은행수":4,
            "500m이내병원수":100,
            "5km이내대형병원수":4,
            "500m이내공원수":0,
            "3km이내혐오시설수":0,
            "초등학교학업성취도":89.98,
            "중학교학업성취도":59.8,
            "용적률":399,
            "건폐율":41,
            "Y":37.439768,
            "X":127.131602,
            "rank":11.0,
            "area_info":"24평(81.83), 35평(115.98), 46평(152.83), 51평(168.88)",
            "last_sales":"2021-07-23,49000.0,24평(81.83)",
            "rank_history":[
                [
                    "202203",
                    11
                ],
                [
                    "202202",
                    16
                ],
                [
                    "202201",
                    21
                ]
            ],
            "rank_gap":5
        },
        {
            "index":338,
            "아파트명":"일성오퍼스원(도시형)",
            "투자타입":"일반",
            "전용면적(m2)":"26.75",
            "전용면적(평)":"8평",
            "법정동주소":"경기도 성남시 수정구 태평동 5113-7",
            "도로명주소":"경기도 성남시 수정구 성남대로 1330",
            "세대수":0,
            "입주년차":60,
            "용적률점수":"--",
            "건폐율점수":"--",
            "세대당주차수":0,
            "난방방식":30,
            "공급면적":"--",
            "전용률":"--",
            "욕실수":50,
            "현관타입":10,
            "주거총점":21.0,
            "지역구공급총점":0.0,
            "역세권":100,
            "30분내 이동가능 거점":100,
            "1시간내 이동가능 거점":100,
            "교통총점":100.0,
            "백화점":0,
            "아울렛몰":80,
            "대형마트":0,
            "은행":0,
            "병원":10,
            "종합병원":100,
            "공원":0,
            "혐오시설":-50,
            "인프라총점":28.0,
            "초등학군":89.97,
            "중학군":39.9,
            "학군총점":49.914,
            "인구수":26.43,
            "인구증감":-16.21,
            "인구총점":13.638,
            "일자리":17.04,
            "소득수준":77.56,
            "일자리총점":35.196,
            "가치 총점":55.0871,
            "매매실거래년":20211125.0,
            "매매실거래가":19500.0,
            "전세실거래년":20211204.0,
            "전세실거래가":11550.0,
            "전세가율":85.56,
            "장기전세가율평균":61.28,
            "전세가율거품지수":-24.28,
            "검색코드":103512,
            "세대수":161.0,
            "준공년월":"2013-03-22",
            "준공년차":10.0,
            "가까운역이름":"가천대",
            "가까운역거리":39.88,
            "역세권여부":"초역세권",
            "30분이내주요거점역":6,
            "30분거점역이름":"['역삼', '잠실', '판교', '정자', '서현', 'GTX성남(2023년)']",
            "1시간이내주요거점역":17,
            "1시간거점역이름":"['강남', '역삼', '잠실', '판교', '여의도', '을지로3가', '양재', '정자', '수원시청', '왕십리', '수원', '구로디지털단지', '명동', '서현', 'GTX성남(2023년)', 'GTX용인(2023년)', 'GTX동탄(2023년)']",
            "3km이내백화점수":0,
            "5km이내아울렛몰수":1,
            "1km이내대형먀트수":0,
            "500m이내은행수":0,
            "500m이내병원수":2,
            "5km이내대형병원수":4,
            "500m이내공원수":0,
            "3km이내혐오시설수":1,
            "초등학교학업성취도":89.97,
            "중학교학업성취도":66.5,
            "용적률":398,
            "건폐율":46,
            "Y":37.44843,
            "X":127.127117,
            "rank":12.0,
            "area_info":"8평(26.75), 16평(54.15)",
            "last_sales":"2021-11-25,19500.0,16평(54.15)",
            "rank_history":[
                [
                    "202203",
                    12
                ],
                [
                    "202202",
                    10
                ],
                [
                    "202201",
                    13
                ]
            ],
            "rank_gap":-2
        },
        {
            "index":127,
            "아파트명":"한신",
            "투자타입":"재건축",
            "전용면적(m2)":"83.04",
            "전용면적(평)":"25평",
            "법정동주소":"경기도 성남시 수정구 신흥동 2463-1",
            "도로명주소":"경기도 성남시 수정구 산성대로 341",
            "세대수":50,
            "입주년차":"--",
            "용적률점수":0,
            "건폐율점수":100,
            "세대당주차수":"--",
            "난방방식":"--",
            "공급면적":70,
            "전용률":60,
            "욕실수":"--",
            "현관타입":"--",
            "주거총점":41.5,
            "지역구공급총점":0.0,
            "역세권":80,
            "30분내 이동가능 거점":20,
            "1시간내 이동가능 거점":100,
            "교통총점":66.0,
            "백화점":0,
            "아울렛몰":80,
            "대형마트":80,
            "은행":20,
            "병원":80,
            "종합병원":100,
            "공원":80,
            "혐오시설":0,
            "인프라총점":52.4,
            "초등학군":89.99,
            "중학군":42.64,
            "학군총점":52.11,
            "인구수":26.43,
            "인구증감":-16.21,
            "인구총점":13.638,
            "일자리":17.04,
            "소득수준":77.56,
            "일자리총점":35.196,
            "가치 총점":54.9365,
            "매매실거래년":20211016.0,
            "매매실거래가":82700.0,
            "전세실거래년":20220214.0,
            "전세실거래가":27000.0,
            "전세가율":32.65,
            "장기전세가율평균":61.28,
            "전세가율거품지수":28.63,
            "검색코드":1739,
            "세대수":585.0,
            "준공년월":"1990-09-03",
            "준공년차":33.0,
            "가까운역이름":"단대오거리",
            "가까운역거리":443.34,
            "역세권여부":"역세권",
            "30분이내주요거점역":1,
            "30분거점역이름":"['서현']",
            "1시간이내주요거점역":11,
            "1시간거점역이름":"['강남', '역삼', '잠실', '판교', '여의도', '양재', '정자', '왕십리', '서현', 'GTX성남(2023년)', 'GTX용인(2023년)']",
            "3km이내백화점수":0,
            "5km이내아울렛몰수":1,
            "1km이내대형먀트수":1,
            "500m이내은행수":2,
            "500m이내병원수":50,
            "5km이내대형병원수":4,
            "500m이내공원수":1,
            "3km이내혐오시설수":0,
            "초등학교학업성취도":89.99,
            "중학교학업성취도":70.2,
            "용적률":228,
            "건폐율":16,
            "Y":37.44505,
            "X":127.151748,
            "rank":13.0,
            "area_info":"25평(83.04), 30평(101.29), 31평(103.78)",
            "last_sales":"2021-10-16,82700.0,25평(83.04)",
            "rank_history":[
                [
                    "202203",
                    13
                ],
                [
                    "202202",
                    14
                ],
                [
                    "202201",
                    15
                ]
            ],
            "rank_gap":1
        },
        {
            "index":18,
            "아파트명":"코오롱하늘채",
            "투자타입":"일반",
            "전용면적(m2)":"77.29",
            "전용면적(평)":"23평",
            "법정동주소":"경기도 성남시 수정구 단대동 6986",
            "도로명주소":"경기도 성남시 수정구 단대로15번길 2",
            "세대수":0,
            "입주년차":60,
            "용적률점수":"--",
            "건폐율점수":"--",
            "세대당주차수":30,
            "난방방식":30,
            "공급면적":"--",
            "전용률":"--",
            "욕실수":100,
            "현관타입":100,
            "주거총점":39.5,
            "지역구공급총점":0.0,
            "역세권":80,
            "30분내 이동가능 거점":60,
            "1시간내 이동가능 거점":100,
            "교통총점":78.0,
            "백화점":0,
            "아울렛몰":80,
            "대형마트":0,
            "은행":20,
            "병원":60,
            "종합병원":100,
            "공원":100,
            "혐오시설":0,
            "인프라총점":39.0,
            "초등학군":89.98,
            "중학군":42.64,
            "학군총점":52.108,
            "인구수":26.43,
            "인구증감":-16.21,
            "인구총점":13.638,
            "일자리":17.04,
            "소득수준":77.56,
            "일자리총점":35.196,
            "가치 총점":54.7162,
            "매매실거래년":20200919.0,
            "매매실거래가":89000.0,
            "전세실거래년":20211231.0,
            "전세실거래가":50000.0,
            "전세가율":75.19,
            "장기전세가율평균":61.28,
            "전세가율거품지수":-13.91,
            "검색코드":105511,
            "세대수":186.0,
            "준공년월":"2013-02-21",
            "준공년차":10.0,
            "가까운역이름":"남한산성입구",
            "가까운역거리":224.75,
            "역세권여부":"역세권",
            "30분이내주요거점역":3,
            "30분거점역이름":"['잠실', '정자', '서현']",
            "1시간이내주요거점역":12,
            "1시간거점역이름":"['강남', '역삼', '잠실', '판교', '여의도', '양재', '정자', '왕십리', '서현', 'GTX성남(2023년)', 'GTX용인(2023년)', 'GTX동탄(2023년)']",
            "3km이내백화점수":0,
            "5km이내아울렛몰수":1,
            "1km이내대형먀트수":0,
            "500m이내은행수":2,
            "500m이내병원수":24,
            "5km이내대형병원수":3,
            "500m이내공원수":5,
            "3km이내혐오시설수":0,
            "초등학교학업성취도":89.98,
            "중학교학업성취도":70.2,
            "용적률":242,
            "건폐율":26,
            "Y":37.452273,
            "X":127.157453,
            "rank":14.0,
            "area_info":"23평(77.29), 23평(77.94), 23평(78.41), 33평(109.11), 33평(109.2), 33평(109.15), 42평(140.11), 58평(194.61)",
            "last_sales":"2020-09-19,89000.0,42평(140.11)",
            "rank_history":[
                [
                    "202203",
                    14
                ],
                [
                    "202202",
                    6
                ],
                [
                    "202201",
                    7
                ]
            ],
            "rank_gap":-8
        },
        {
            "index":116,
            "아파트명":"신동아파라디움",
            "투자타입":"일반",
            "전용면적(m2)":"106.73",
            "전용면적(평)":"32평",
            "법정동주소":"경기도 성남시 수정구 신흥동 2465-7",
            "도로명주소":"경기도 성남시 수정구 공원로 322",
            "세대수":0,
            "입주년차":40,
            "용적률점수":"--",
            "건폐율점수":"--",
            "세대당주차수":30,
            "난방방식":30,
            "공급면적":"--",
            "전용률":"--",
            "욕실수":100,
            "현관타입":100,
            "주거총점":35.5,
            "지역구공급총점":0.0,
            "역세권":80,
            "30분내 이동가능 거점":20,
            "1시간내 이동가능 거점":100,
            "교통총점":66.0,
            "백화점":0,
            "아울렛몰":80,
            "대형마트":80,
            "은행":70,
            "병원":80,
            "종합병원":100,
            "공원":0,
            "혐오시설":0,
            "인프라총점":55.0,
            "초등학군":89.99,
            "중학군":42.64,
            "학군총점":52.11,
            "인구수":26.43,
            "인구증감":-16.21,
            "인구총점":13.638,
            "일자리":17.04,
            "소득수준":77.56,
            "일자리총점":35.196,
            "가치 총점":54.5165,
            "매매실거래년":20210707.0,
            "매매실거래가":94500.0,
            "전세실거래년":20191207.0,
            "전세실거래가":40000.0,
            "전세가율":57.55,
            "장기전세가율평균":61.28,
            "전세가율거품지수":3.73,
            "검색코드":15024,
            "세대수":272.0,
            "준공년월":"2006-02-17",
            "준공년차":17.0,
            "가까운역이름":"단대오거리",
            "가까운역거리":455.76,
            "역세권여부":"역세권",
            "30분이내주요거점역":1,
            "30분거점역이름":"['정자']",
            "1시간이내주요거점역":12,
            "1시간거점역이름":"['강남', '역삼', '잠실', '판교', '여의도', '양재', '정자', '왕십리', '서현', 'GTX성남(2023년)', 'GTX용인(2023년)', 'GTX동탄(2023년)']",
            "3km이내백화점수":0,
            "5km이내아울렛몰수":1,
            "1km이내대형먀트수":1,
            "500m이내은행수":3,
            "500m이내병원수":52,
            "5km이내대형병원수":4,
            "500m이내공원수":0,
            "3km이내혐오시설수":0,
            "초등학교학업성취도":89.99,
            "중학교학업성취도":70.2,
            "용적률":595,
            "건폐율":69,
            "Y":37.443323,
            "X":127.152072,
            "rank":15.0,
            "area_info":"32평(106.73), 32평(107.38), 44평(146.77), 46평(154.9), 46평(155.03), 49평(163.72), 51평(170.05)",
            "last_sales":"2021-07-07,94500.0,51평(170.05)",
            "rank_history":[
                [
                    "202203",
                    15
                ],
                [
                    "202202",
                    2
                ],
                [
                    "202201",
                    2
                ]
            ],
            "rank_gap":-13
        },
        {
            "index":123,
            "아파트명":"청구",
            "투자타입":"일반",
            "전용면적(m2)":"72.2",
            "전용면적(평)":"21평",
            "법정동주소":"경기도 성남시 수정구 신흥동 2464-1",
            "도로명주소":"경기도 성남시 수정구 공원로 340",
            "세대수":50,
            "입주년차":0,
            "용적률점수":"--",
            "건폐율점수":"--",
            "세대당주차수":0,
            "난방방식":30,
            "공급면적":"--",
            "전용률":"--",
            "욕실수":50,
            "현관타입":100,
            "주거총점":35.5,
            "지역구공급총점":0.0,
            "역세권":80,
            "30분내 이동가능 거점":20,
            "1시간내 이동가능 거점":100,
            "교통총점":66.0,
            "백화점":0,
            "아울렛몰":80,
            "대형마트":80,
            "은행":70,
            "병원":80,
            "종합병원":100,
            "공원":0,
            "혐오시설":0,
            "인프라총점":55.0,
            "초등학군":89.99,
            "중학군":42.64,
            "학군총점":52.11,
            "인구수":26.43,
            "인구증감":-16.21,
            "인구총점":13.638,
            "일자리":17.04,
            "소득수준":77.56,
            "일자리총점":35.196,
            "가치 총점":54.5165,
            "매매실거래년":20210811.0,
            "매매실거래가":96000.0,
            "전세실거래년":20210826.0,
            "전세실거래가":48000.0,
            "전세가율":60.76,
            "장기전세가율평균":61.28,
            "전세가율거품지수":0.52,
            "검색코드":11288,
            "세대수":493.0,
            "준공년월":"1994-12-15",
            "준공년차":29.0,
            "가까운역이름":"단대오거리",
            "가까운역거리":483.26,
            "역세권여부":"역세권",
            "30분이내주요거점역":1,
            "30분거점역이름":"['정자']",
            "1시간이내주요거점역":12,
            "1시간거점역이름":"['강남', '역삼', '잠실', '판교', '여의도', '양재', '정자', '왕십리', '서현', 'GTX성남(2023년)', 'GTX용인(2023년)', 'GTX동탄(2023년)']",
            "3km이내백화점수":0,
            "5km이내아울렛몰수":1,
            "1km이내대형먀트수":1,
            "500m이내은행수":3,
            "500m이내병원수":49,
            "5km이내대형병원수":4,
            "500m이내공원수":0,
            "3km이내혐오시설수":0,
            "초등학교학업성취도":89.99,
            "중학교학업성취도":70.2,
            "용적률":256,
            "건폐율":21,
            "Y":37.444147,
            "X":127.151408,
            "rank":15.0,
            "area_info":"21평(72.2), 28평(94.63), 28평(94.57), 28평(94.43)",
            "last_sales":"2021-08-11,96000.0,28평(94.63)",
            "rank_history":[
                [
                    "202203",
                    15
                ],
                [
                    "202202",
                    7
                ],
                [
                    "202201",
                    6
                ]
            ],
            "rank_gap":-8
        },
        {
            "index":281,
            "아파트명":"가천대역쌍용스윗닷홈",
            "투자타입":"일반",
            "전용면적(m2)":"81.79",
            "전용면적(평)":"24평",
            "법정동주소":"경기도 성남시 수정구 태평동 7342",
            "도로명주소":"경기도 성남시 수정구 태평로 9",
            "세대수":0,
            "입주년차":40,
            "용적률점수":"--",
            "건폐율점수":"--",
            "세대당주차수":30,
            "난방방식":30,
            "공급면적":"--",
            "전용률":"--",
            "욕실수":100,
            "현관타입":100,
            "주거총점":35.5,
            "지역구공급총점":0.0,
            "역세권":80,
            "30분내 이동가능 거점":100,
            "1시간내 이동가능 거점":100,
            "교통총점":90.0,
            "백화점":0,
            "아울렛몰":80,
            "대형마트":0,
            "은행":0,
            "병원":10,
            "종합병원":100,
            "공원":0,
            "혐오시설":-50,
            "인프라총점":28.0,
            "초등학군":89.97,
            "중학군":39.9,
            "학군총점":49.914,
            "인구수":26.43,
            "인구증감":-16.21,
            "인구총점":13.638,
            "일자리":17.04,
            "소득수준":77.56,
            "일자리총점":35.196,
            "가치 총점":54.4871,
            "매매실거래년":20211209.0,
            "매매실거래가":78000.0,
            "전세실거래년":20211115.0,
            "전세실거래가":50000.0,
            "전세가율":64.1,
            "장기전세가율평균":61.28,
            "전세가율거품지수":-2.82,
            "검색코드":18912,
            "세대수":191.0,
            "준공년월":"2005-12-07",
            "준공년차":18.0,
            "가까운역이름":"가천대",
            "가까운역거리":116.79,
            "역세권여부":"역세권",
            "30분이내주요거점역":6,
            "30분거점역이름":"['역삼', '잠실', '판교', '정자', '서현', 'GTX성남(2023년)']",
            "1시간이내주요거점역":17,
            "1시간거점역이름":"['강남', '역삼', '잠실', '판교', '여의도', '을지로3가', '양재', '정자', '수원시청', '왕십리', '수원', '구로디지털단지', '명동', '서현', 'GTX성남(2023년)', 'GTX용인(2023년)', 'GTX동탄(2023년)']",
            "3km이내백화점수":0,
            "5km이내아울렛몰수":1,
            "1km이내대형먀트수":0,
            "500m이내은행수":0,
            "500m이내병원수":4,
            "5km이내대형병원수":4,
            "500m이내공원수":0,
            "3km이내혐오시설수":1,
            "초등학교학업성취도":89.97,
            "중학교학업성취도":66.5,
            "용적률":253,
            "건폐율":21,
            "Y":37.448599,
            "X":127.128019,
            "rank":16.0,
            "area_info":"24평(81.79), 34평(113.77), 34평(113.74), 34평(114.16), 34평(114.67)",
            "last_sales":"2021-12-09,78000.0,24평(81.79)",
            "rank_history":[
                [
                    "202203",
                    16
                ],
                [
                    "202202",
                    13
                ],
                [
                    "202201",
                    14
                ]
            ],
            "rank_gap":-3
        },
        {
            "index":269,
            "아파트명":"가천대역동부센트레빌1단지",
            "투자타입":"일반",
            "전용면적(m2)":"86.68",
            "전용면적(평)":"26평",
            "법정동주소":"경기도 성남시 수정구 태평동 7343",
            "도로명주소":"경기도 성남시 수정구 태평로 28",
            "세대수":0,
            "입주년차":40,
            "용적률점수":"--",
            "건폐율점수":"--",
            "세대당주차수":30,
            "난방방식":30,
            "공급면적":"--",
            "전용률":"--",
            "욕실수":100,
            "현관타입":100,
            "주거총점":35.5,
            "지역구공급총점":0.0,
            "역세권":80,
            "30분내 이동가능 거점":80,
            "1시간내 이동가능 거점":100,
            "교통총점":84.0,
            "백화점":0,
            "아울렛몰":80,
            "대형마트":0,
            "은행":0,
            "병원":60,
            "종합병원":100,
            "공원":0,
            "혐오시설":0,
            "인프라총점":34.0,
            "초등학군":89.97,
            "중학군":39.9,
            "학군총점":49.914,
            "인구수":26.43,
            "인구증감":-16.21,
            "인구총점":13.638,
            "일자리":17.04,
            "소득수준":77.56,
            "일자리총점":35.196,
            "가치 총점":54.1871,
            "매매실거래년":20211203.0,
            "매매실거래가":80000.0,
            "전세실거래년":20210901.0,
            "전세실거래가":32000.0,
            "전세가율":40.0,
            "장기전세가율평균":61.28,
            "전세가율거품지수":21.28,
            "검색코드":19433,
            "세대수":248.0,
            "준공년월":"2006-10-27",
            "준공년차":17.0,
            "가까운역이름":"가천대",
            "가까운역거리":347.09,
            "역세권여부":"역세권",
            "30분이내주요거점역":4,
            "30분거점역이름":"['잠실', '정자', '서현', 'GTX성남(2023년)']",
            "1시간이내주요거점역":16,
            "1시간거점역이름":"['강남', '역삼', '잠실', '판교', '여의도', '을지로3가', '양재', '정자', '수원시청', '왕십리', '구로디지털단지', '명동', '서현', 'GTX성남(2023년)', 'GTX용인(2023년)', 'GTX동탄(2023년)']",
            "3km이내백화점수":0,
            "5km이내아울렛몰수":1,
            "1km이내대형먀트수":0,
            "500m이내은행수":0,
            "500m이내병원수":11,
            "5km이내대형병원수":4,
            "500m이내공원수":0,
            "3km이내혐오시설수":0,
            "초등학교학업성취도":89.97,
            "중학교학업성취도":66.5,
            "용적률":252,
            "건폐율":30,
            "Y":37.448267,
            "X":127.130611,
            "rank":17.0,
            "area_info":"26평(86.68), 32평(105.86), 32평(106.61), 32평(106.61), 32평(107.33), 35평(116.6)",
            "last_sales":"2021-12-03,80000.0,26평(86.68)",
            "rank_history":[
                [
                    "202203",
                    17
                ],
                [
                    "202202",
                    15
                ],
                [
                    "202201",
                    11
                ]
            ],
            "rank_gap":-2
        },
        {
            "index":46,
            "아파트명":"모란아이하우스(도시형)",
            "투자타입":"일반",
            "전용면적(m2)":"30.76",
            "전용면적(평)":"9평",
            "법정동주소":"경기도 성남시 수정구 수진동 4809",
            "도로명주소":"경기도 성남시 수정구 모란로 12",
            "세대수":0,
            "입주년차":60,
            "용적률점수":"--",
            "건폐율점수":"--",
            "세대당주차수":0,
            "난방방식":30,
            "공급면적":"--",
            "전용률":"--",
            "욕실수":50,
            "현관타입":50,
            "주거총점":25.0,
            "지역구공급총점":0.0,
            "역세권":80,
            "30분내 이동가능 거점":80,
            "1시간내 이동가능 거점":100,
            "교통총점":84.0,
            "백화점":0,
            "아울렛몰":80,
            "대형마트":0,
            "은행":20,
            "병원":100,
            "종합병원":100,
            "공원":80,
            "혐오시설":0,
            "인프라총점":42.4,
            "초등학군":90.01,
            "중학군":36.2,
            "학군총점":46.962,
            "인구수":26.43,
            "인구증감":-16.21,
            "인구총점":13.638,
            "일자리":17.04,
            "소득수준":77.56,
            "일자리총점":35.196,
            "가치 총점":54.1643,
            "매매실거래년":20211125.0,
            "매매실거래가":13200.0,
            "전세실거래년":20211025.0,
            "전세실거래가":12500.0,
            "전세가율":94.7,
            "장기전세가율평균":61.28,
            "전세가율거품지수":-33.42,
            "검색코드":106010,
            "세대수":149.0,
            "준공년월":"2012-11-20",
            "준공년차":11.0,
            "가까운역이름":"모란",
            "가까운역거리":182.16,
            "역세권여부":"역세권",
            "30분이내주요거점역":4,
            "30분거점역이름":"['판교', '정자', '서현', 'GTX성남(2023년)']",
            "1시간이내주요거점역":18,
            "1시간거점역이름":"['강남', '역삼', '잠실', '판교', '여의도', '을지로3가', '양재', '정자', '수원시청', '평촌', '왕십리', '수원', '구로디지털단지', '명동', '서현', 'GTX성남(2023년)', 'GTX용인(2023년)', 'GTX동탄(2023년)']",
            "3km이내백화점수":0,
            "5km이내아울렛몰수":1,
            "1km이내대형먀트수":0,
            "500m이내은행수":2,
            "500m이내병원수":66,
            "5km이내대형병원수":4,
            "500m이내공원수":1,
            "3km이내혐오시설수":0,
            "초등학교학업성취도":90.01,
            "중학교학업성취도":59.8,
            "용적률":399,
            "건폐율":42,
            "Y":37.434579,
            "X":127.128023,
            "rank":18.0,
            "area_info":"9평(30.76)",
            "last_sales":"2021-11-25,13200.0,9평(30.76)",
            "rank_history":[
                [
                    "202203",
                    18
                ],
                [
                    "202202",
                    23
                ],
                [
                    "202201",
                    22
                ]
            ],
            "rank_gap":5
        },
        {
            "index":10,
            "아파트명":"미도",
            "투자타입":"재건축",
            "전용면적(m2)":"82.58",
            "전용면적(평)":"24평",
            "법정동주소":"경기도 성남시 수정구 단대동 182",
            "도로명주소":"경기도 성남시 수정구 희망로 472",
            "세대수":0,
            "입주년차":"--",
            "용적률점수":20,
            "건폐율점수":100,
            "세대당주차수":"--",
            "난방방식":"--",
            "공급면적":70,
            "전용률":100,
            "욕실수":"--",
            "현관타입":"--",
            "주거총점":36.5,
            "지역구공급총점":0.0,
            "역세권":80,
            "30분내 이동가능 거점":60,
            "1시간내 이동가능 거점":100,
            "교통총점":78.0,
            "백화점":0,
            "아울렛몰":80,
            "대형마트":0,
            "은행":0,
            "병원":80,
            "종합병원":100,
            "공원":80,
            "혐오시설":0,
            "인프라총점":38.4,
            "초등학군":89.98,
            "중학군":42.64,
            "학군총점":52.108,
            "인구수":26.43,
            "인구증감":-16.21,
            "인구총점":13.638,
            "일자리":17.04,
            "소득수준":77.56,
            "일자리총점":35.196,
            "가치 총점":53.9362,
            "매매실거래년":20211023.0,
            "매매실거래가":80000.0,
            "전세실거래년":20220122.0,
            "전세실거래가":28350.0,
            "전세가율":35.44,
            "장기전세가율평균":61.28,
            "전세가율거품지수":25.84,
            "검색코드":1726,
            "세대수":280.0,
            "준공년월":"1982-11-16",
            "준공년차":41.0,
            "가까운역이름":"단대오거리",
            "가까운역거리":248.92,
            "역세권여부":"역세권",
            "30분이내주요거점역":3,
            "30분거점역이름":"['잠실', '정자', '서현']",
            "1시간이내주요거점역":12,
            "1시간거점역이름":"['강남', '역삼', '잠실', '판교', '여의도', '양재', '정자', '수원시청', '왕십리', '서현', 'GTX성남(2023년)', 'GTX용인(2023년)']",
            "3km이내백화점수":0,
            "5km이내아울렛몰수":1,
            "1km이내대형먀트수":0,
            "500m이내은행수":1,
            "500m이내병원수":57,
            "5km이내대형병원수":4,
            "500m이내공원수":1,
            "3km이내혐오시설수":0,
            "초등학교학업성취도":89.98,
            "중학교학업성취도":70.2,
            "용적률":203,
            "건폐율":16,
            "Y":37.447209,
            "X":127.156165,
            "rank":19.0,
            "area_info":"24평(82.58)",
            "last_sales":"2021-10-23,80000.0,24평(82.58)",
            "rank_history":[
                [
                    "202203",
                    19
                ],
                [
                    "202202",
                    8
                ],
                [
                    "202201",
                    8
                ]
            ],
            "rank_gap":-11
        },
        {
            "index":62,
            "아파트명":"성남밀란체3",
            "투자타입":"일반",
            "전용면적(m2)":"100.49",
            "전용면적(평)":"30평",
            "법정동주소":"경기도 성남시 수정구 수진동 3991",
            "도로명주소":"경기도 성남시 수정구 성남대로1194번길 3",
            "세대수":0,
            "입주년차":40,
            "용적률점수":"--",
            "건폐율점수":"--",
            "세대당주차수":30,
            "난방방식":30,
            "공급면적":"--",
            "전용률":"--",
            "욕실수":100,
            "현관타입":100,
            "주거총점":35.5,
            "지역구공급총점":0.0,
            "역세권":80,
            "30분내 이동가능 거점":60,
            "1시간내 이동가능 거점":100,
            "교통총점":78.0,
            "백화점":0,
            "아울렛몰":80,
            "대형마트":0,
            "은행":20,
            "병원":80,
            "종합병원":100,
            "공원":80,
            "혐오시설":0,
            "인프라총점":40.4,
            "초등학군":90.01,
            "중학군":36.2,
            "학군총점":46.962,
            "인구수":26.43,
            "인구증감":-16.21,
            "인구총점":13.638,
            "일자리":17.04,
            "소득수준":77.56,
            "일자리총점":35.196,
            "가치 총점":53.5643,
            "매매실거래년":20201208.0,
            "매매실거래가":46500.0,
            "전세실거래년":20191005.0,
            "전세실거래가":27000.0,
            "전세가율":72.97,
            "장기전세가율평균":61.28,
            "전세가율거품지수":-11.69,
            "검색코드":102780,
            "세대수":52.0,
            "준공년월":"2006-06-08",
            "준공년차":17.0,
            "가까운역이름":"모란",
            "가까운역거리":327.33,
            "역세권여부":"역세권",
            "30분이내주요거점역":3,
            "30분거점역이름":"['정자', '서현', 'GTX성남(2023년)']",
            "1시간이내주요거점역":17,
            "1시간거점역이름":"['강남', '역삼', '잠실', '판교', '여의도', '을지로3가', '양재', '정자', '수원시청', '왕십리', '수원', '구로디지털단지', '명동', '서현', 'GTX성남(2023년)', 'GTX용인(2023년)', 'GTX동탄(2023년)']",
            "3km이내백화점수":0,
            "5km이내아울렛몰수":1,
            "1km이내대형먀트수":0,
            "500m이내은행수":2,
            "500m이내병원수":55,
            "5km이내대형병원수":4,
            "500m이내공원수":1,
            "3km이내혐오시설수":0,
            "초등학교학업성취도":90.01,
            "중학교학업성취도":59.8,
            "용적률":718,
            "건폐율":76,
            "Y":37.4368,
            "X":127.128687,
            "rank":20.0,
            "area_info":"30평(100.49), 32평(108.16), 35평(116.33)",
            "last_sales":"2020-12-08,46500.0,32평(108.16)",
            "rank_history":[
                [
                    "202203",
                    20
                ],
                [
                    "202202",
                    9999
                ]
            ],
            "rank_gap":9999
        },
        {
            "index":286,
            "아파트명":"경원대역동부센트레빌2단지",
            "투자타입":"일반",
            "전용면적(m2)":"88.74",
            "전용면적(평)":"26평",
            "법정동주소":"경기도 성남시 수정구 태평동 7344",
            "도로명주소":"경기도 성남시 수정구 제일로 244",
            "세대수":0,
            "입주년차":40,
            "용적률점수":"--",
            "건폐율점수":"--",
            "세대당주차수":30,
            "난방방식":30,
            "공급면적":"--",
            "전용률":"--",
            "욕실수":100,
            "현관타입":100,
            "주거총점":35.5,
            "지역구공급총점":0.0,
            "역세권":80,
            "30분내 이동가능 거점":80,
            "1시간내 이동가능 거점":100,
            "교통총점":84.0,
            "백화점":0,
            "아울렛몰":80,
            "대형마트":0,
            "은행":0,
            "병원":30,
            "종합병원":100,
            "공원":0,
            "혐오시설":-50,
            "인프라총점":30.0,
            "초등학군":89.97,
            "중학군":39.9,
            "학군총점":49.914,
            "인구수":26.43,
            "인구증감":-16.21,
            "인구총점":13.638,
            "일자리":17.04,
            "소득수준":77.56,
            "일자리총점":35.196,
            "가치 총점":52.9871,
            "매매실거래년":20210902.0,
            "매매실거래가":88500.0,
            "전세실거래년":20211204.0,
            "전세실거래가":57000.0,
            "전세가율":94.21,
            "장기전세가율평균":61.28,
            "전세가율거품지수":-32.93,
            "검색코드":22833,
            "세대수":115.0,
            "준공년월":"2007-02-09",
            "준공년차":16.0,
            "가까운역이름":"가천대",
            "가까운역거리":230.74,
            "역세권여부":"역세권",
            "30분이내주요거점역":4,
            "30분거점역이름":"['잠실', '정자', '서현', 'GTX성남(2023년)']",
            "1시간이내주요거점역":17,
            "1시간거점역이름":"['강남', '역삼', '잠실', '판교', '여의도', '을지로3가', '양재', '정자', '수원시청', '왕십리', '수원', '구로디지털단지', '명동', '서현', 'GTX성남(2023년)', 'GTX용인(2023년)', 'GTX동탄(2023년)']",
            "3km이내백화점수":0,
            "5km이내아울렛몰수":1,
            "1km이내대형먀트수":0,
            "500m이내은행수":0,
            "500m이내병원수":7,
            "5km이내대형병원수":4,
            "500m이내공원수":0,
            "3km이내혐오시설수":1,
            "초등학교학업성취도":89.97,
            "중학교학업성취도":66.5,
            "용적률":265,
            "건폐율":32,
            "Y":37.447914,
            "X":127.12918,
            "rank":21.0,
            "area_info":"26평(88.74), 26평(88.87), 32평(106.28), 32평(106.28), 32평(106.52), 32평(109.01), 35평(118.76)",
            "last_sales":"2021-09-02,88500.0,35평(118.76)",
            "rank_history":[
                [
                    "202203",
                    21
                ],
                [
                    "202202",
                    11
                ],
                [
                    "202201",
                    9
                ]
            ],
            "rank_gap":-10
        },
        {
            "index":38,
            "아파트명":"희망",
            "투자타입":"재건축",
            "전용면적(m2)":"52.21",
            "전용면적(평)":"15평",
            "법정동주소":"경기도 성남시 수정구 단대동 127",
            "도로명주소":"경기도 성남시 수정구 희망로506번길 13",
            "세대수":0,
            "입주년차":"--",
            "용적률점수":60,
            "건폐율점수":60,
            "세대당주차수":"--",
            "난방방식":"--",
            "공급면적":50,
            "전용률":100,
            "욕실수":"--",
            "현관타입":"--",
            "주거총점":43.5,
            "지역구공급총점":0.0,
            "역세권":80,
            "30분내 이동가능 거점":40,
            "1시간내 이동가능 거점":100,
            "교통총점":72.0,
            "백화점":0,
            "아울렛몰":80,
            "대형마트":0,
            "은행":0,
            "병원":60,
            "종합병원":100,
            "공원":100,
            "혐오시설":0,
            "인프라총점":37.0,
            "초등학군":89.92,
            "중학군":42.64,
            "학군총점":52.096,
            "인구수":26.43,
            "인구증감":-16.21,
            "인구총점":13.638,
            "일자리":17.04,
            "소득수준":77.56,
            "일자리총점":35.196,
            "가치 총점":52.8144,
            "매매실거래년":20211208.0,
            "매매실거래가":47000.0,
            "전세실거래년":20201229.0,
            "전세실거래가":18000.0,
            "전세가율":57.14,
            "장기전세가율평균":61.28,
            "전세가율거품지수":4.14,
            "검색코드":9655,
            "세대수":72.0,
            "준공년월":"1984-12-01",
            "준공년차":39.0,
            "가까운역이름":"남한산성입구",
            "가까운역거리":469.06,
            "역세권여부":"역세권",
            "30분이내주요거점역":2,
            "30분거점역이름":"['잠실', '서현']",
            "1시간이내주요거점역":10,
            "1시간거점역이름":"['강남', '역삼', '잠실', '여의도', '양재', '정자', '왕십리', '서현', 'GTX성남(2023년)', 'GTX용인(2023년)']",
            "3km이내백화점수":0,
            "5km이내아울렛몰수":1,
            "1km이내대형먀트수":0,
            "500m이내은행수":1,
            "500m이내병원수":16,
            "5km이내대형병원수":3,
            "500m이내공원수":3,
            "3km이내혐오시설수":0,
            "초등학교학업성취도":89.92,
            "중학교학업성취도":70.2,
            "용적률":180,
            "건폐율":30,
            "Y":37.4501,
            "X":127.15495,
            "rank":22.0,
            "area_info":"15평(52.21), 16평(52.97), 19평(66.07), 25평(84.43)",
            "last_sales":"2021-12-08,47000.0,25평(84.43)",
            "rank_history":[
                [
                    "202203",
                    22
                ],
                [
                    "202202",
                    9999
                ]
            ],
            "rank_gap":9999
        },
        {
            "index":47,
            "아파트명":"밀란체2",
            "투자타입":"일반",
            "전용면적(m2)":"108.24",
            "전용면적(평)":"32평",
            "법정동주소":"경기도 성남시 수정구 수진동 4002",
            "도로명주소":"경기도 성남시 수정구 산성대로93번길 25",
            "세대수":0,
            "입주년차":40,
            "용적률점수":"--",
            "건폐율점수":"--",
            "세대당주차수":0,
            "난방방식":30,
            "공급면적":"--",
            "전용률":"--",
            "욕실수":100,
            "현관타입":100,
            "주거총점":31.0,
            "지역구공급총점":0.0,
            "역세권":80,
            "30분내 이동가능 거점":60,
            "1시간내 이동가능 거점":100,
            "교통총점":78.0,
            "백화점":0,
            "아울렛몰":80,
            "대형마트":0,
            "은행":20,
            "병원":80,
            "종합병원":100,
            "공원":80,
            "혐오시설":0,
            "인프라총점":40.4,
            "초등학군":90.01,
            "중학군":36.2,
            "학군총점":46.962,
            "인구수":26.43,
            "인구증감":-16.21,
            "인구총점":13.638,
            "일자리":17.04,
            "소득수준":77.56,
            "일자리총점":35.196,
            "가치 총점":52.6643,
            "매매실거래년":20201107.0,
            "매매실거래가":50000.0,
            "전세실거래년":20210623.0,
            "전세실거래가":35100.0,
            "전세가율":72.37,
            "장기전세가율평균":61.28,
            "전세가율거품지수":-11.09,
            "검색코드":14131,
            "세대수":96.0,
            "준공년월":"2006-02-03",
            "준공년차":17.0,
            "가까운역이름":"모란",
            "가까운역거리":321.72,
            "역세권여부":"역세권",
            "30분이내주요거점역":3,
            "30분거점역이름":"['정자', '서현', 'GTX성남(2023년)']",
            "1시간이내주요거점역":17,
            "1시간거점역이름":"['강남', '역삼', '잠실', '판교', '여의도', '을지로3가', '양재', '정자', '수원시청', '왕십리', '수원', '구로디지털단지', '명동', '서현', 'GTX성남(2023년)', 'GTX용인(2023년)', 'GTX동탄(2023년)']",
            "3km이내백화점수":0,
            "5km이내아울렛몰수":1,
            "1km이내대형먀트수":0,
            "500m이내은행수":2,
            "500m이내병원수":54,
            "5km이내대형병원수":4,
            "500m이내공원수":1,
            "3km이내혐오시설수":0,
            "초등학교학업성취도":90.01,
            "중학교학업성취도":59.8,
            "용적률":794,
            "건폐율":79,
            "Y":37.43675,
            "X":127.1287,
            "rank":23.0,
            "area_info":"32평(108.24), 33평(111.14), 33평(111.93), 33평(111.28), 33평(112.18), 34평(112.55), 34평(113.19), 34평(115.61)",
            "last_sales":"2020-11-07,50000.0,34평(115.61)",
            "rank_history":[
                [
                    "202203",
                    23
                ],
                [
                    "202202",
                    9999
                ]
            ],
            "rank_gap":9999
        },
        {
            "index":309,
            "아파트명":"성남태평신세계쉐덴",
            "투자타입":"일반",
            "전용면적(m2)":"107.23",
            "전용면적(평)":"32평",
            "법정동주소":"경기도 성남시 수정구 태평동 7336",
            "도로명주소":"경기도 성남시 수정구 수정로 201",
            "세대수":0,
            "입주년차":60,
            "용적률점수":"--",
            "건폐율점수":"--",
            "세대당주차수":100,
            "난방방식":30,
            "공급면적":"--",
            "전용률":"--",
            "욕실수":100,
            "현관타입":100,
            "주거총점":50.0,
            "지역구공급총점":0.0,
            "역세권":50,
            "30분내 이동가능 거점":40,
            "1시간내 이동가능 거점":100,
            "교통총점":57.0,
            "백화점":0,
            "아울렛몰":80,
            "대형마트":80,
            "은행":0,
            "병원":80,
            "종합병원":100,
            "공원":0,
            "혐오시설":0,
            "인프라총점":48.0,
            "초등학군":89.99,
            "중학군":44.76,
            "학군총점":53.806,
            "인구수":26.43,
            "인구증감":-16.21,
            "인구총점":13.638,
            "일자리":17.04,
            "소득수준":77.56,
            "일자리총점":35.196,
            "가치 총점":52.4209,
            "매매실거래년":20211001.0,
            "매매실거래가":115000.0,
            "전세실거래년":20200819.0,
            "전세실거래가":50000.0,
            "전세가율":72.46,
            "장기전세가율평균":61.28,
            "전세가율거품지수":-11.18,
            "검색코드":27759,
            "세대수":182.0,
            "준공년월":"2010-06-28",
            "준공년차":13.0,
            "가까운역이름":"수진",
            "가까운역거리":791.93,
            "역세권여부":"준역세권",
            "30분이내주요거점역":2,
            "30분거점역이름":"['정자', '서현']",
            "1시간이내주요거점역":12,
            "1시간거점역이름":"['강남', '역삼', '잠실', '판교', '을지로3가', '양재', '정자', '왕십리', '서현', 'GTX성남(2023년)', 'GTX용인(2023년)', 'GTX동탄(2023년)']",
            "3km이내백화점수":0,
            "5km이내아울렛몰수":1,
            "1km이내대형먀트수":1,
            "500m이내은행수":1,
            "500m이내병원수":57,
            "5km이내대형병원수":4,
            "500m이내공원수":0,
            "3km이내혐오시설수":0,
            "초등학교학업성취도":89.99,
            "중학교학업성취도":73.8,
            "용적률":300,
            "건폐율":79,
            "Y":37.444462,
            "X":127.141459,
            "rank":24.0,
            "area_info":"32평(107.23), 38평(128.33), 45평(150.18), 45평(150.34), 45평(150.09), 45평(150.24), 71평(234.89)",
            "last_sales":"2021-10-01,115000.0,71평(234.89)",
            "rank_history":[
                [
                    "202203",
                    24
                ],
                [
                    "202202",
                    17
                ],
                [
                    "202201",
                    16
                ]
            ],
            "rank_gap":-7
        },
        {
            "index":100,
            "아파트명":"삼부르네상스파크II",
            "투자타입":"일반",
            "전용면적(m2)":"116.46",
            "전용면적(평)":"35평",
            "법정동주소":"경기도 성남시 수정구 신흥동 2476",
            "도로명주소":"경기도 성남시 수정구 산성대로 305",
            "세대수":0,
            "입주년차":40,
            "용적률점수":"--",
            "건폐율점수":"--",
            "세대당주차수":60,
            "난방방식":30,
            "공급면적":"--",
            "전용률":"--",
            "욕실수":100,
            "현관타입":100,
            "주거총점":40.0,
            "지역구공급총점":0.0,
            "역세권":50,
            "30분내 이동가능 거점":40,
            "1시간내 이동가능 거점":100,
            "교통총점":57.0,
            "백화점":0,
            "아울렛몰":80,
            "대형마트":80,
            "은행":70,
            "병원":80,
            "종합병원":100,
            "공원":0,
            "혐오시설":0,
            "인프라총점":55.0,
            "초등학군":89.98,
            "중학군":42.64,
            "학군총점":52.108,
            "인구수":26.43,
            "인구증감":-16.21,
            "인구총점":13.638,
            "일자리":17.04,
            "소득수준":77.56,
            "일자리총점":35.196,
            "가치 총점":52.2662,
            "매매실거래년":20201126.0,
            "매매실거래가":66000.0,
            "전세실거래년":20211117.0,
            "전세실거래가":40000.0,
            "전세가율":60.61,
            "장기전세가율평균":61.28,
            "전세가율거품지수":0.67,
            "검색코드":14745,
            "세대수":134.0,
            "준공년월":"2006-06-09",
            "준공년차":17.0,
            "가까운역이름":"단대오거리",
            "가까운역거리":612.37,
            "역세권여부":"준역세권",
            "30분이내주요거점역":2,
            "30분거점역이름":"['잠실', '정자']",
            "1시간이내주요거점역":13,
            "1시간거점역이름":"['강남', '역삼', '잠실', '판교', '여의도', '양재', '정자', '수원시청', '왕십리', '서현', 'GTX성남(2023년)', 'GTX용인(2023년)', 'GTX동탄(2023년)']",
            "3km이내백화점수":0,
            "5km이내아울렛몰수":1,
            "1km이내대형먀트수":1,
            "500m이내은행수":4,
            "500m이내병원수":56,
            "5km이내대형병원수":4,
            "500m이내공원수":0,
            "3km이내혐오시설수":0,
            "초등학교학업성취도":89.98,
            "중학교학업성취도":70.2,
            "용적률":799,
            "건폐율":67,
            "Y":37.44243,
            "X":127.15065,
            "rank":25.0,
            "area_info":"35평(116.46), 35평(116.02), 35평(118.87), 36평(119.34)",
            "last_sales":"2020-11-26,66000.0,35평(116.46)",
            "rank_history":[
                [
                    "202203",
                    25
                ],
                [
                    "202202",
                    9
                ],
                [
                    "202201",
                    10
                ]
            ],
            "rank_gap":-16
        },
        {
            "index":55,
            "아파트명":"산호",
            "투자타입":"일반",
            "전용면적(m2)":"81.81",
            "전용면적(평)":"24평",
            "법정동주소":"경기도 성남시 수정구 수진동 4660",
            "도로명주소":"경기도 성남시 수정구 모란로 69",
            "세대수":0,
            "입주년차":0,
            "용적률점수":"--",
            "건폐율점수":"--",
            "세대당주차수":0,
            "난방방식":30,
            "공급면적":"--",
            "전용률":"--",
            "욕실수":50,
            "현관타입":10,
            "주거총점":9.0,
            "지역구공급총점":0.0,
            "역세권":80,
            "30분내 이동가능 거점":100,
            "1시간내 이동가능 거점":100,
            "교통총점":90.0,
            "백화점":0,
            "아울렛몰":80,
            "대형마트":0,
            "은행":0,
            "병원":60,
            "종합병원":100,
            "공원":80,
            "혐오시설":0,
            "인프라총점":36.4,
            "초등학군":90.01,
            "중학군":41.28,
            "학군총점":51.026,
            "인구수":26.43,
            "인구증감":-16.21,
            "인구총점":13.638,
            "일자리":17.04,
            "소득수준":77.56,
            "일자리총점":35.196,
            "가치 총점":51.8739,
            "매매실거래년":20210927.0,
            "매매실거래가":53800.0,
            "전세실거래년":20220205.0,
            "전세실거래가":40000.0,
            "전세가율":74.35,
            "장기전세가율평균":61.28,
            "전세가율거품지수":-13.07,
            "검색코드":1734,
            "세대수":78.0,
            "준공년월":"1998-07-11",
            "준공년차":25.0,
            "가까운역이름":"태평",
            "가까운역거리":223.62,
            "역세권여부":"역세권",
            "30분이내주요거점역":5,
            "30분거점역이름":"['잠실', '판교', '정자', '서현', 'GTX성남(2023년)']",
            "1시간이내주요거점역":17,
            "1시간거점역이름":"['강남', '역삼', '잠실', '판교', '여의도', '을지로3가', '양재', '정자', '수원시청', '왕십리', '수원', '구로디지털단지', '명동', '서현', 'GTX성남(2023년)', 'GTX용인(2023년)', 'GTX동탄(2023년)']",
            "3km이내백화점수":0,
            "5km이내아울렛몰수":1,
            "1km이내대형먀트수":0,
            "500m이내은행수":1,
            "500m이내병원수":26,
            "5km이내대형병원수":4,
            "500m이내공원수":1,
            "3km이내혐오시설수":0,
            "초등학교학업성취도":90.01,
            "중학교학업성취도":68.0,
            "용적률":395,
            "건폐율":43,
            "Y":37.439208,
            "X":127.125325,
            "rank":26.0,
            "area_info":"24평(81.81), 33평(111.3)",
            "last_sales":"2021-09-27,53800.0,24평(81.81)",
            "rank_history":[
                [
                    "202203",
                    26
                ],
                [
                    "202202",
                    9999
                ]
            ],
            "rank_gap":9999
        },
        {
            "index":13,
            "아파트명":"진로",
            "투자타입":"일반",
            "전용면적(m2)":"82.02",
            "전용면적(평)":"24평",
            "법정동주소":"경기도 성남시 수정구 단대동 124",
            "도로명주소":"경기도 성남시 수정구 단대로23번길 32",
            "세대수":50,
            "입주년차":0,
            "용적률점수":"--",
            "건폐율점수":"--",
            "세대당주차수":0,
            "난방방식":100,
            "공급면적":"--",
            "전용률":"--",
            "욕실수":50,
            "현관타입":10,
            "주거총점":33.5,
            "지역구공급총점":0.0,
            "역세권":80,
            "30분내 이동가능 거점":40,
            "1시간내 이동가능 거점":100,
            "교통총점":72.0,
            "백화점":0,
            "아울렛몰":80,
            "대형마트":0,
            "은행":20,
            "병원":60,
            "종합병원":100,
            "공원":100,
            "혐오시설":0,
            "인프라총점":39.0,
            "초등학군":89.98,
            "중학군":42.64,
            "학군총점":52.108,
            "인구수":26.43,
            "인구증감":-16.21,
            "인구총점":13.638,
            "일자리":17.04,
            "소득수준":77.56,
            "일자리총점":35.196,
            "가치 총점":51.4162,
            "매매실거래년":20210705.0,
            "매매실거래가":98000.0,
            "전세실거래년":20220218.0,
            "전세실거래가":28800.0,
            "전세가율":45.35,
            "장기전세가율평균":61.28,
            "전세가율거품지수":15.93,
            "검색코드":2659,
            "세대수":499.0,
            "준공년월":"1998-12-16",
            "준공년차":25.0,
            "가까운역이름":"남한산성입구",
            "가까운역거리":358.88,
            "역세권여부":"역세권",
            "30분이내주요거점역":2,
            "30분거점역이름":"['잠실', '서현']",
            "1시간이내주요거점역":12,
            "1시간거점역이름":"['강남', '역삼', '잠실', '판교', '여의도', '양재', '정자', '왕십리', '서현', 'GTX성남(2023년)', 'GTX용인(2023년)', 'GTX동탄(2023년)']",
            "3km이내백화점수":0,
            "5km이내아울렛몰수":1,
            "1km이내대형먀트수":0,
            "500m이내은행수":2,
            "500m이내병원수":19,
            "5km이내대형병원수":3,
            "500m이내공원수":3,
            "3km이내혐오시설수":0,
            "초등학교학업성취도":89.98,
            "중학교학업성취도":70.2,
            "용적률":241,
            "건폐율":23,
            "Y":37.451036,
            "X":127.155896,
            "rank":27.0,
            "area_info":"24평(82.02), 32평(106.61), 42평(139.58)",
            "last_sales":"2021-07-05,98000.0,42평(139.58)",
            "rank_history":[
                [
                    "202203",
                    27
                ],
                [
                    "202202",
                    20
                ],
                [
                    "202201",
                    18
                ]
            ],
            "rank_gap":-7
        },
        {
            "index":293,
            "아파트명":"낙원스카이뷰1",
            "투자타입":"일반",
            "전용면적(m2)":"95.42",
            "전용면적(평)":"28평",
            "법정동주소":"경기도 성남시 수정구 태평동 3659",
            "도로명주소":"경기도 성남시 수정구 수정로 131",
            "세대수":0,
            "입주년차":40,
            "용적률점수":"--",
            "건폐율점수":"--",
            "세대당주차수":0,
            "난방방식":30,
            "공급면적":"--",
            "전용률":"--",
            "욕실수":100,
            "현관타입":10,
            "주거총점":22.0,
            "지역구공급총점":0.0,
            "역세권":50,
            "30분내 이동가능 거점":60,
            "1시간내 이동가능 거점":100,
            "교통총점":63.0,
            "백화점":0,
            "아울렛몰":80,
            "대형마트":80,
            "은행":70,
            "병원":100,
            "종합병원":100,
            "공원":0,
            "혐오시설":0,
            "인프라총점":57.0,
            "초등학군":89.98,
            "중학군":39.9,
            "학군총점":49.916,
            "인구수":26.43,
            "인구증감":-16.21,
            "인구총점":13.638,
            "일자리":17.04,
            "소득수준":77.56,
            "일자리총점":35.196,
            "가치 총점":51.0374,
            "매매실거래년":20210618.0,
            "매매실거래가":40000.0,
            "전세실거래년":20200619.0,
            "전세실거래가":30000.0,
            "전세가율":66.67,
            "장기전세가율평균":61.28,
            "전세가율거품지수":-5.39,
            "검색코드":17638,
            "세대수":72.0,
            "준공년월":"2004-09-13",
            "준공년차":19.0,
            "가까운역이름":"태평",
            "가까운역거리":655.38,
            "역세권여부":"준역세권",
            "30분이내주요거점역":3,
            "30분거점역이름":"['정자', '서현', 'GTX성남(2023년)']",
            "1시간이내주요거점역":13,
            "1시간거점역이름":"['강남', '역삼', '잠실', '판교', '여의도', '양재', '정자', '수원시청', '왕십리', '서현', 'GTX성남(2023년)', 'GTX용인(2023년)', 'GTX동탄(2023년)']",
            "3km이내백화점수":0,
            "5km이내아울렛몰수":1,
            "1km이내대형먀트수":1,
            "500m이내은행수":3,
            "500m이내병원수":110,
            "5km이내대형병원수":4,
            "500m이내공원수":0,
            "3km이내혐오시설수":0,
            "초등학교학업성취도":89.98,
            "중학교학업성취도":66.5,
            "용적률":798,
            "건폐율":78,
            "Y":37.44206,
            "X":127.1346,
            "rank":28.0,
            "area_info":"28평(95.42), 31평(105.41)",
            "last_sales":"2021-06-18,40000.0,31평(105.41)",
            "rank_history":[
                [
                    "202203",
                    28
                ],
                [
                    "202202",
                    9999
                ]
            ],
            "rank_gap":9999
        },
        {
            "index":8,
            "아파트명":"호반써밋판교밸리",
            "투자타입":"일반",
            "전용면적(m2)":"110.78",
            "전용면적(평)":"33평",
            "법정동주소":"경기도 성남시 수정구 고등동 592",
            "도로명주소":"경기도 성남시 수정구 고등로 34",
            "세대수":80,
            "입주년차":100,
            "용적률점수":"--",
            "건폐율점수":"--",
            "세대당주차수":60,
            "난방방식":100,
            "공급면적":"--",
            "전용률":"--",
            "욕실수":100,
            "현관타입":100,
            "주거총점":87.0,
            "지역구공급총점":0.0,
            "역세권":0,
            "30분내 이동가능 거점":80,
            "1시간내 이동가능 거점":100,
            "교통총점":44.0,
            "백화점":0,
            "아울렛몰":0,
            "대형마트":80,
            "은행":0,
            "병원":10,
            "종합병원":100,
            "공원":0,
            "혐오시설":0,
            "인프라총점":33.0,
            "초등학군":90.0,
            "중학군":41.28,
            "학군총점":51.024,
            "인구수":26.43,
            "인구증감":-16.21,
            "인구총점":13.638,
            "일자리":17.04,
            "소득수준":77.56,
            "일자리총점":35.196,
            "가치 총점":50.3536,
            "매매실거래년":20211119.0,
            "매매실거래가":128500.0,
            "전세실거래년":20220204.0,
            "전세실거래가":76000.0,
            "전세가율":55.07,
            "장기전세가율평균":61.28,
            "전세가율거품지수":6.21,
            "검색코드":118718,
            "세대수":768.0,
            "준공년월":"2019-08-01",
            "준공년차":4.0,
            "가까운역이름":"성남시청 (2030년 예정)",
            "가까운역거리":2174.09,
            "역세권여부":"비역세권",
            "30분이내주요거점역":4,
            "30분거점역이름":"['강남', '판교', '서현', 'GTX성남(2023년)']",
            "1시간이내주요거점역":14,
            "1시간거점역이름":"['강남', '역삼', '잠실', '판교', '여의도', '을지로3가', '양재', '정자', '왕십리', '구로디지털단지', '서현', 'GTX성남(2023년)', 'GTX용인(2023년)', 'GTX동탄(2023년)']",
            "3km이내백화점수":0,
            "5km이내아울렛몰수":0,
            "1km이내대형먀트수":1,
            "500m이내은행수":0,
            "500m이내병원수":2,
            "5km이내대형병원수":3,
            "500m이내공원수":0,
            "3km이내혐오시설수":0,
            "초등학교학업성취도":90.0,
            "중학교학업성취도":68.0,
            "용적률":169,
            "건폐율":21,
            "Y":37.429124,
            "X":127.096734,
            "rank":29.0,
            "area_info":"33평(110.78), 33평(112.03)",
            "last_sales":"2021-11-19,128500.0,33평(112.03)",
            "rank_history":[
                [
                    "202203",
                    29
                ],
                [
                    "202202",
                    24
                ],
                [
                    "202201",
                    28
                ]
            ],
            "rank_gap":-5
        },
        {
            "index":16,
            "아파트명":"진흥더블파크",
            "투자타입":"일반",
            "전용면적(m2)":"108.45",
            "전용면적(평)":"32평",
            "법정동주소":"경기도 성남시 수정구 단대동 78",
            "도로명주소":"경기도 성남시 수정구 단대로23번길 10",
            "세대수":0,
            "입주년차":40,
            "용적률점수":"--",
            "건폐율점수":"--",
            "세대당주차수":0,
            "난방방식":30,
            "공급면적":"--",
            "전용률":"--",
            "욕실수":100,
            "현관타입":100,
            "주거총점":31.0,
            "지역구공급총점":0.0,
            "역세권":80,
            "30분내 이동가능 거점":40,
            "1시간내 이동가능 거점":100,
            "교통총점":72.0,
            "백화점":0,
            "아울렛몰":80,
            "대형마트":0,
            "은행":0,
            "병원":60,
            "종합병원":100,
            "공원":100,
            "혐오시설":0,
            "인프라총점":37.0,
            "초등학군":89.98,
            "중학군":42.64,
            "학군총점":52.108,
            "인구수":26.43,
            "인구증감":-16.21,
            "인구총점":13.638,
            "일자리":17.04,
            "소득수준":77.56,
            "일자리총점":35.196,
            "가치 총점":50.3162,
            "매매실거래년":20210914.0,
            "매매실거래가":78500.0,
            "전세실거래년":null,
            "전세실거래가":null,
            "전세가율":null,
            "장기전세가율평균":61.28,
            "전세가율거품지수":null,
            "검색코드":14525,
            "세대수":188.0,
            "준공년월":"2005-05-27",
            "준공년차":18.0,
            "가까운역이름":"남한산성입구",
            "가까운역거리":330.34,
            "역세권여부":"역세권",
            "30분이내주요거점역":2,
            "30분거점역이름":"['잠실', '서현']",
            "1시간이내주요거점역":12,
            "1시간거점역이름":"['강남', '역삼', '잠실', '판교', '여의도', '양재', '정자', '왕십리', '서현', 'GTX성남(2023년)', 'GTX용인(2023년)', 'GTX동탄(2023년)']",
            "3km이내백화점수":0,
            "5km이내아울렛몰수":1,
            "1km이내대형먀트수":0,
            "500m이내은행수":1,
            "500m이내병원수":24,
            "5km이내대형병원수":3,
            "500m이내공원수":5,
            "3km이내혐오시설수":0,
            "초등학교학업성취도":89.98,
            "중학교학업성취도":70.2,
            "용적률":226,
            "건폐율":23,
            "Y":37.452426,
            "X":127.156264,
            "rank":30.0,
            "area_info":"32평(108.45), 32평(108.09)",
            "last_sales":"2021-09-14,78500.0,32평(108.09)",
            "rank_history":[
                [
                    "202203",
                    30
                ],
                [
                    "202202",
                    21
                ],
                [
                    "202201",
                    20
                ]
            ],
            "rank_gap":-9
        },
        {
            "index":42,
            "아파트명":"MD",
            "투자타입":"일반",
            "전용면적(m2)":"102.7",
            "전용면적(평)":"31평",
            "법정동주소":"경기도 성남시 수정구 수진동 2220",
            "도로명주소":"경기도 성남시 수정구 산성대로 183",
            "세대수":0,
            "입주년차":20,
            "용적률점수":"--",
            "건폐율점수":"--",
            "세대당주차수":0,
            "난방방식":30,
            "공급면적":"--",
            "전용률":"--",
            "욕실수":100,
            "현관타입":10,
            "주거총점":18.0,
            "지역구공급총점":0.0,
            "역세권":80,
            "30분내 이동가능 거점":40,
            "1시간내 이동가능 거점":100,
            "교통총점":72.0,
            "백화점":0,
            "아울렛몰":80,
            "대형마트":80,
            "은행":0,
            "병원":60,
            "종합병원":100,
            "공원":0,
            "혐오시설":0,
            "인프라총점":46.0,
            "초등학군":89.98,
            "중학군":38.86,
            "학군총점":49.084,
            "인구수":26.43,
            "인구증감":-16.21,
            "인구총점":13.638,
            "일자리":17.04,
            "소득수준":77.56,
            "일자리총점":35.196,
            "가치 총점":49.9626,
            "매매실거래년":20200208.0,
            "매매실거래가":35000.0,
            "전세실거래년":20211106.0,
            "전세실거래가":30000.0,
            "전세가율":85.71,
            "장기전세가율평균":61.28,
            "전세가율거품지수":-24.43,
            "검색코드":9658,
            "세대수":63.0,
            "준공년월":"2001-12-10",
            "준공년차":22.0,
            "가까운역이름":"수진",
            "가까운역거리":161.01,
            "역세권여부":"역세권",
            "30분이내주요거점역":2,
            "30분거점역이름":"['잠실', '정자']",
            "1시간이내주요거점역":14,
            "1시간거점역이름":"['강남', '역삼', '잠실', '판교', '여의도', '양재', '정자', '수원시청', '왕십리', '수원', '서현', 'GTX성남(2023년)', 'GTX용인(2023년)', 'GTX동탄(2023년)']",
            "3km이내백화점수":0,
            "5km이내아울렛몰수":1,
            "1km이내대형먀트수":1,
            "500m이내은행수":1,
            "500m이내병원수":14,
            "5km이내대형병원수":4,
            "500m이내공원수":0,
            "3km이내혐오시설수":0,
            "초등학교학업성취도":89.98,
            "중학교학업성취도":64.1,
            "용적률":547,
            "건폐율":81,
            "Y":37.436964,
            "X":127.138787,
            "rank":31.0,
            "area_info":"31평(102.7)",
            "last_sales":"2020-02-08,35000.0,31평(102.7)",
            "rank_history":[
                [
                    "202203",
                    31
                ],
                [
                    "202202",
                    9999
                ]
            ],
            "rank_gap":9999
        },
        {
            "index":79,
            "아파트명":"두산",
            "투자타입":"일반",
            "전용면적(m2)":"82.03",
            "전용면적(평)":"24평",
            "법정동주소":"경기도 성남시 수정구 신흥동 2024",
            "도로명주소":"경기도 성남시 수정구 공원로 360",
            "세대수":50,
            "입주년차":0,
            "용적률점수":"--",
            "건폐율점수":"--",
            "세대당주차수":0,
            "난방방식":80,
            "공급면적":"--",
            "전용률":"--",
            "욕실수":50,
            "현관타입":100,
            "주거총점":40.5,
            "지역구공급총점":0.0,
            "역세권":50,
            "30분내 이동가능 거점":0,
            "1시간내 이동가능 거점":100,
            "교통총점":45.0,
            "백화점":0,
            "아울렛몰":80,
            "대형마트":80,
            "은행":70,
            "병원":80,
            "종합병원":100,
            "공원":80,
            "혐오시설":0,
            "인프라총점":57.4,
            "초등학군":89.99,
            "중학군":42.64,
            "학군총점":52.11,
            "인구수":26.43,
            "인구증감":-16.21,
            "인구총점":13.638,
            "일자리":17.04,
            "소득수준":77.56,
            "일자리총점":35.196,
            "가치 총점":48.8865,
            "매매실거래년":20210830.0,
            "매매실거래가":93000.0,
            "전세실거래년":20211127.0,
            "전세실거래가":29000.0,
            "전세가율":35.67,
            "장기전세가율평균":61.28,
            "전세가율거품지수":25.61,
            "검색코드":1736,
            "세대수":570.0,
            "준공년월":"1993-04-29",
            "준공년차":30.0,
            "가까운역이름":"단대오거리",
            "가까운역거리":619.24,
            "역세권여부":"준역세권",
            "30분이내주요거점역":0,
            "30분거점역이름":"[]",
            "1시간이내주요거점역":11,
            "1시간거점역이름":"['강남', '역삼', '잠실', '판교', '양재', '정자', '왕십리', '서현', 'GTX성남(2023년)', 'GTX용인(2023년)', 'GTX동탄(2023년)']",
            "3km이내백화점수":0,
            "5km이내아울렛몰수":1,
            "1km이내대형먀트수":1,
            "500m이내은행수":4,
            "500m이내병원수":30,
            "5km이내대형병원수":4,
            "500m이내공원수":1,
            "3km이내혐오시설수":0,
            "초등학교학업성취도":89.99,
            "중학교학업성취도":70.2,
            "용적률":255,
            "건폐율":24,
            "Y":37.445342,
            "X":127.149767,
            "rank":32.0,
            "area_info":"24평(82.03), 28평(95.72)",
            "last_sales":"2021-08-30,93000.0,28평(95.72)",
            "rank_history":[
                [
                    "202203",
                    32
                ],
                [
                    "202202",
                    19
                ],
                [
                    "202201",
                    19
                ]
            ],
            "rank_gap":-13
        },
        {
            "index":104,
            "아파트명":"샤르망",
            "투자타입":"일반",
            "전용면적(m2)":"89.27",
            "전용면적(평)":"27평",
            "법정동주소":"경기도 성남시 수정구 신흥동 5180",
            "도로명주소":"경기도 성남시 수정구 시민로 165",
            "세대수":0,
            "입주년차":40,
            "용적률점수":"--",
            "건폐율점수":"--",
            "세대당주차수":30,
            "난방방식":30,
            "공급면적":"--",
            "전용률":"--",
            "욕실수":100,
            "현관타입":10,
            "주거총점":26.5,
            "지역구공급총점":0.0,
            "역세권":50,
            "30분내 이동가능 거점":20,
            "1시간내 이동가능 거점":100,
            "교통총점":51.0,
            "백화점":0,
            "아울렛몰":80,
            "대형마트":80,
            "은행":70,
            "병원":100,
            "종합병원":100,
            "공원":0,
            "혐오시설":0,
            "인프라총점":57.0,
            "초등학군":89.99,
            "중학군":44.76,
            "학군총점":53.806,
            "인구수":26.43,
            "인구증감":-16.21,
            "인구총점":13.638,
            "일자리":17.04,
            "소득수준":77.56,
            "일자리총점":35.196,
            "가치 총점":48.3209,
            "매매실거래년":20211230.0,
            "매매실거래가":24000.0,
            "전세실거래년":20201210.0,
            "전세실거래가":32000.0,
            "전세가율":133.33,
            "장기전세가율평균":61.28,
            "전세가율거품지수":-72.05,
            "검색코드":13792,
            "세대수":117.0,
            "준공년월":"2006-03-02",
            "준공년차":17.0,
            "가까운역이름":"수진",
            "가까운역거리":621.42,
            "역세권여부":"준역세권",
            "30분이내주요거점역":1,
            "30분거점역이름":"['서현']",
            "1시간이내주요거점역":11,
            "1시간거점역이름":"['강남', '역삼', '잠실', '판교', '양재', '정자', '왕십리', '서현', 'GTX성남(2023년)', 'GTX용인(2023년)', 'GTX동탄(2023년)']",
            "3km이내백화점수":0,
            "5km이내아울렛몰수":1,
            "1km이내대형먀트수":1,
            "500m이내은행수":3,
            "500m이내병원수":103,
            "5km이내대형병원수":4,
            "500m이내공원수":0,
            "3km이내혐오시설수":0,
            "초등학교학업성취도":89.99,
            "중학교학업성취도":73.8,
            "용적률":633,
            "건폐율":79,
            "Y":37.44274,
            "X":127.142518,
            "rank":33.0,
            "area_info":"27평(89.27), 29평(96.61), 29평(98.35), 31평(103.09), 32평(106.26)",
            "last_sales":"2021-12-30,24000.0,27평(89.27)",
            "rank_history":[
                [
                    "202203",
                    33
                ],
                [
                    "202202",
                    5
                ],
                [
                    "202201",
                    4
                ]
            ],
            "rank_gap":-28
        },
        {
            "index":109,
            "아파트명":"세일띠아모",
            "투자타입":"일반",
            "전용면적(m2)":"111.58",
            "전용면적(평)":"33평",
            "법정동주소":"경기도 성남시 수정구 신흥동 950",
            "도로명주소":"경기도 성남시 수정구 수정로 282",
            "세대수":0,
            "입주년차":80,
            "용적률점수":"--",
            "건폐율점수":"--",
            "세대당주차수":0,
            "난방방식":30,
            "공급면적":"--",
            "전용률":"--",
            "욕실수":100,
            "현관타입":100,
            "주거총점":39.0,
            "지역구공급총점":0.0,
            "역세권":50,
            "30분내 이동가능 거점":0,
            "1시간내 이동가능 거점":100,
            "교통총점":45.0,
            "백화점":0,
            "아울렛몰":80,
            "대형마트":80,
            "은행":70,
            "병원":60,
            "종합병원":100,
            "공원":80,
            "혐오시설":0,
            "인프라총점":55.4,
            "초등학군":90.0,
            "중학군":44.76,
            "학군총점":53.808,
            "인구수":26.43,
            "인구증감":-16.21,
            "인구총점":13.638,
            "일자리":17.04,
            "소득수준":77.56,
            "일자리총점":35.196,
            "가치 총점":48.2412,
            "매매실거래년":20210709.0,
            "매매실거래가":55500.0,
            "전세실거래년":20220117.0,
            "전세실거래가":40000.0,
            "전세가율":72.07,
            "장기전세가율평균":61.28,
            "전세가율거품지수":-10.79,
            "검색코드":118534,
            "세대수":52.0,
            "준공년월":"2017-09-06",
            "준공년차":6.0,
            "가까운역이름":"산성",
            "가까운역거리":866.02,
            "역세권여부":"준역세권",
            "30분이내주요거점역":0,
            "30분거점역이름":"[]",
            "1시간이내주요거점역":11,
            "1시간거점역이름":"['강남', '역삼', '잠실', '판교', '양재', '정자', '왕십리', '서현', 'GTX성남(2023년)', 'GTX용인(2023년)', 'GTX동탄(2023년)']",
            "3km이내백화점수":0,
            "5km이내아울렛몰수":1,
            "1km이내대형먀트수":1,
            "500m이내은행수":3,
            "500m이내병원수":11,
            "5km이내대형병원수":4,
            "500m이내공원수":1,
            "3km이내혐오시설수":0,
            "초등학교학업성취도":90.0,
            "중학교학업성취도":73.8,
            "용적률":453,
            "건폐율":64,
            "Y":37.449579,
            "X":127.146531,
            "rank":34.0,
            "area_info":"33평(111.58), 42평(140.34)",
            "last_sales":"2021-07-09,55500.0,33평(111.58)",
            "rank_history":[
                [
                    "202203",
                    34
                ],
                [
                    "202202",
                    9999
                ]
            ],
            "rank_gap":9999
        },
        {
            "index":130,
            "아파트명":"양우내안애",
            "투자타입":"일반",
            "전용면적(m2)":"80.93",
            "전용면적(평)":"24평",
            "법정동주소":"경기도 성남시 수정구 양지동 1021",
            "도로명주소":"경기도 성남시 수정구 논골로 24",
            "세대수":0,
            "입주년차":60,
            "용적률점수":"--",
            "건폐율점수":"--",
            "세대당주차수":60,
            "난방방식":30,
            "공급면적":"--",
            "전용률":"--",
            "욕실수":50,
            "현관타입":100,
            "주거총점":39.0,
            "지역구공급총점":0.0,
            "역세권":50,
            "30분내 이동가능 거점":20,
            "1시간내 이동가능 거점":100,
            "교통총점":51.0,
            "백화점":0,
            "아울렛몰":80,
            "대형마트":0,
            "은행":70,
            "병원":80,
            "종합병원":100,
            "공원":100,
            "혐오시설":0,
            "인프라총점":46.0,
            "초등학군":90.0,
            "중학군":50.22,
            "학군총점":58.176,
            "인구수":26.43,
            "인구증감":-16.21,
            "인구총점":13.638,
            "일자리":17.04,
            "소득수준":77.56,
            "일자리총점":35.196,
            "가치 총점":48.1764,
            "매매실거래년":20210603.0,
            "매매실거래가":88250.0,
            "전세실거래년":20210627.0,
            "전세실거래가":31500.0,
            "전세가율":91.3,
            "장기전세가율평균":61.28,
            "전세가율거품지수":-30.02,
            "검색코드":103005,
            "세대수":67.0,
            "준공년월":"2010-12-15",
            "준공년차":13.0,
            "가까운역이름":"남한산성입구",
            "가까운역거리":559.48,
            "역세권여부":"준역세권",
            "30분이내주요거점역":1,
            "30분거점역이름":"['서현']",
            "1시간이내주요거점역":11,
            "1시간거점역이름":"['강남', '역삼', '잠실', '판교', '여의도', '양재', '정자', '왕십리', '서현', 'GTX성남(2023년)', 'GTX용인(2023년)']",
            "3km이내백화점수":0,
            "5km이내아울렛몰수":1,
            "1km이내대형먀트수":0,
            "500m이내은행수":3,
            "500m이내병원수":48,
            "5km이내대형병원수":3,
            "500m이내공원수":7,
            "3km이내혐오시설수":0,
            "초등학교학업성취도":90.0,
            "중학교학업성취도":83.7,
            "용적률":246,
            "건폐율":49,
            "Y":37.456682,
            "X":127.160421,
            "rank":35.0,
            "area_info":"24평(80.93), 25평(84.44), 29평(95.93), 33평(110.92), 53평(178.48)",
            "last_sales":"2021-06-03,88250.0,53평(178.48)",
            "rank_history":[
                [
                    "202203",
                    35
                ],
                [
                    "202202",
                    9999
                ]
            ],
            "rank_gap":9999
        },
        {
            "index":340,
            "아파트명":"주민태평동락커뮤니티(도시형)",
            "투자타입":"일반",
            "전용면적(m2)":"25.56",
            "전용면적(평)":"7평",
            "법정동주소":"경기도 성남시 수정구 태평동 7288-11",
            "도로명주소":"경기도 성남시 수정구 수정북로 92",
            "세대수":0,
            "입주년차":60,
            "용적률점수":"--",
            "건폐율점수":"--",
            "세대당주차수":0,
            "난방방식":30,
            "공급면적":"--",
            "전용률":"--",
            "욕실수":50,
            "현관타입":50,
            "주거총점":25.0,
            "지역구공급총점":0.0,
            "역세권":50,
            "30분내 이동가능 거점":40,
            "1시간내 이동가능 거점":100,
            "교통총점":57.0,
            "백화점":0,
            "아울렛몰":80,
            "대형마트":80,
            "은행":0,
            "병원":100,
            "종합병원":100,
            "공원":0,
            "혐오시설":0,
            "인프라총점":50.0,
            "초등학군":89.99,
            "중학군":44.76,
            "학군총점":53.806,
            "인구수":26.43,
            "인구증감":-16.21,
            "인구총점":13.638,
            "일자리":17.04,
            "소득수준":77.56,
            "일자리총점":35.196,
            "가치 총점":48.0209,
            "매매실거래년":20211101.0,
            "매매실거래가":10900.0,
            "전세실거래년":20210224.0,
            "전세실거래가":11550.0,
            "전세가율":105.96,
            "장기전세가율평균":61.28,
            "전세가율거품지수":-44.68,
            "검색코드":106705,
            "세대수":78.0,
            "준공년월":"2013-03-21",
            "준공년차":10.0,
            "가까운역이름":"수진",
            "가까운역거리":735.64,
            "역세권여부":"준역세권",
            "30분이내주요거점역":2,
            "30분거점역이름":"['정자', '서현']",
            "1시간이내주요거점역":13,
            "1시간거점역이름":"['강남', '역삼', '잠실', '판교', '여의도', '을지로3가', '양재', '정자', '왕십리', '서현', 'GTX성남(2023년)', 'GTX용인(2023년)', 'GTX동탄(2023년)']",
            "3km이내백화점수":0,
            "5km이내아울렛몰수":1,
            "1km이내대형먀트수":1,
            "500m이내은행수":0,
            "500m이내병원수":74,
            "5km이내대형병원수":4,
            "500m이내공원수":0,
            "3km이내혐오시설수":0,
            "초등학교학업성취도":89.99,
            "중학교학업성취도":73.8,
            "용적률":448,
            "건폐율":79,
            "Y":37.443953,
            "X":127.139611,
            "rank":36.0,
            "area_info":"7평(25.56), 8평(27.55), 11평(36.99), 15평(51.63), 16평(55.61), 18평(60.75), 21평(72.01)",
            "last_sales":"2021-11-01,10900.0,7평(25.56)",
            "rank_history":[
                [
                    "202203",
                    36
                ],
                [
                    "202202",
                    9999
                ]
            ],
            "rank_gap":9999
        },
        {
            "index":170,
            "아파트명":"래미안위례",
            "투자타입":"일반",
            "전용면적(m2)":"128.97",
            "전용면적(평)":"39평",
            "법정동주소":"경기도 성남시 수정구 창곡동 528",
            "도로명주소":"경기도 성남시 수정구 위례순환로 150",
            "세대수":50,
            "입주년차":80,
            "용적률점수":"--",
            "건폐율점수":"--",
            "세대당주차수":60,
            "난방방식":100,
            "공급면적":"--",
            "전용률":"--",
            "욕실수":100,
            "현관타입":100,
            "주거총점":72.5,
            "지역구공급총점":0.0,
            "역세권":0,
            "30분내 이동가능 거점":40,
            "1시간내 이동가능 거점":100,
            "교통총점":32.0,
            "백화점":0,
            "아울렛몰":80,
            "대형마트":0,
            "은행":0,
            "병원":80,
            "종합병원":100,
            "공원":80,
            "혐오시설":0,
            "인프라총점":38.4,
            "초등학군":89.96,
            "중학군":57.48,
            "학군총점":63.976,
            "인구수":26.43,
            "인구증감":-16.21,
            "인구총점":13.638,
            "일자리":17.04,
            "소득수준":77.56,
            "일자리총점":35.196,
            "가치 총점":46.8164,
            "매매실거래년":20200214.0,
            "매매실거래가":240000.0,
            "전세실거래년":null,
            "전세실거래가":null,
            "전세가율":null,
            "장기전세가율평균":61.28,
            "전세가율거품지수":null,
            "검색코드":107016,
            "세대수":410.0,
            "준공년월":"2015-11-27",
            "준공년차":8.0,
            "가까운역이름":"산성",
            "가까운역거리":1565.93,
            "역세권여부":"비역세권",
            "30분이내주요거점역":2,
            "30분거점역이름":"['잠실', '서현']",
            "1시간이내주요거점역":12,
            "1시간거점역이름":"['강남', '역삼', '잠실', '판교', '여의도', '양재', '정자', '왕십리', '서현', 'GTX성남(2023년)', 'GTX용인(2023년)', 'GTX동탄(2023년)']",
            "3km이내백화점수":0,
            "5km이내아울렛몰수":1,
            "1km이내대형먀트수":0,
            "500m이내은행수":1,
            "500m이내병원수":58,
            "5km이내대형병원수":4,
            "500m이내공원수":1,
            "3km이내혐오시설수":0,
            "초등학교학업성취도":89.96,
            "중학교학업성취도":94.4,
            "용적률":179,
            "건폐율":23,
            "Y":37.470337,
            "X":127.144706,
            "rank":37.0,
            "area_info":"39평(128.97), 39평(130.64), 39평(130.96), 39평(131.43), 40평(133.35), 41평(136.57), 41평(137.33), 43평(143.75), 45평(149.31), 46평(154.21), 46평(154.59), 48평(160.56), 48평(160.56), 48평(160.8), 50평(165.61), 51평(171.14), 51평(171.18), 53평(176.36)",
            "last_sales":"2020-02-14,240000.0,53평(176.36)",
            "rank_history":[
                [
                    "202203",
                    37
                ],
                [
                    "202202",
                    27
                ],
                [
                    "202201",
                    25
                ]
            ],
            "rank_gap":-10
        },
        {
            "index":256,
            "아파트명":"위례호반베르디움",
            "투자타입":"일반",
            "전용면적(m2)":"125.94",
            "전용면적(평)":"38평",
            "법정동주소":"경기도 성남시 수정구 창곡동 515",
            "도로명주소":"경기도 성남시 수정구 위례중앙로 216",
            "세대수":90,
            "입주년차":80,
            "용적률점수":"--",
            "건폐율점수":"--",
            "세대당주차수":80,
            "난방방식":100,
            "공급면적":"--",
            "전용률":"--",
            "욕실수":100,
            "현관타입":100,
            "주거총점":89.5,
            "지역구공급총점":0.0,
            "역세권":0,
            "30분내 이동가능 거점":20,
            "1시간내 이동가능 거점":100,
            "교통총점":26.0,
            "백화점":0,
            "아울렛몰":80,
            "대형마트":0,
            "은행":0,
            "병원":60,
            "종합병원":100,
            "공원":0,
            "혐오시설":0,
            "인프라총점":34.0,
            "초등학군":89.99,
            "중학군":52.44,
            "학군총점":59.95,
            "인구수":26.43,
            "인구증감":-16.21,
            "인구총점":13.638,
            "일자리":17.04,
            "소득수준":77.56,
            "일자리총점":35.196,
            "가치 총점":46.1925,
            "매매실거래년":20210612.0,
            "매매실거래가":154000.0,
            "전세실거래년":20211210.0,
            "전세실거래가":86000.0,
            "전세가율":54.09,
            "장기전세가율평균":61.28,
            "전세가율거품지수":7.19,
            "검색코드":108789,
            "세대수":1137.0,
            "준공년월":"2016-12-06",
            "준공년차":7.0,
            "가까운역이름":"산성",
            "가까운역거리":1800.19,
            "역세권여부":"비역세권",
            "30분이내주요거점역":1,
            "30분거점역이름":"['잠실']",
            "1시간이내주요거점역":11,
            "1시간거점역이름":"['강남', '역삼', '잠실', '판교', '여의도', '양재', '정자', '왕십리', '서현', 'GTX성남(2023년)', 'GTX동탄(2023년)']",
            "3km이내백화점수":0,
            "5km이내아울렛몰수":1,
            "1km이내대형먀트수":0,
            "500m이내은행수":0,
            "500m이내병원수":29,
            "5km이내대형병원수":4,
            "500m이내공원수":0,
            "3km이내혐오시설수":0,
            "초등학교학업성취도":89.99,
            "중학교학업성취도":83.6,
            "용적률":223,
            "건폐율":17,
            "Y":37.472956,
            "X":127.152368,
            "rank":38.0,
            "area_info":"38평(125.94), 38평(126.31), 38평(127.07), 38평(127.0)",
            "last_sales":"2021-06-12,154000.0,38평(127.0)",
            "rank_history":[
                [
                    "202203",
                    38
                ],
                [
                    "202202",
                    26
                ],
                [
                    "202201",
                    26
                ]
            ],
            "rank_gap":-12
        },
        {
            "index":233,
            "아파트명":"위례자연앤래미안e편한세상",
            "투자타입":"일반",
            "전용면적(m2)":"99.91",
            "전용면적(평)":"30평",
            "법정동주소":"경기도 성남시 수정구 창곡동 567",
            "도로명주소":"경기도 성남시 수정구 위례동로 61",
            "세대수":100,
            "입주년차":80,
            "용적률점수":"--",
            "건폐율점수":"--",
            "세대당주차수":60,
            "난방방식":100,
            "공급면적":"--",
            "전용률":"--",
            "욕실수":100,
            "현관타입":100,
            "주거총점":90.0,
            "지역구공급총점":0.0,
            "역세권":0,
            "30분내 이동가능 거점":20,
            "1시간내 이동가능 거점":100,
            "교통총점":26.0,
            "백화점":0,
            "아울렛몰":80,
            "대형마트":0,
            "은행":0,
            "병원":10,
            "종합병원":100,
            "공원":80,
            "혐오시설":0,
            "인프라총점":31.4,
            "초등학군":89.98,
            "중학군":57.48,
            "학군총점":63.98,
            "인구수":26.43,
            "인구증감":-16.21,
            "인구총점":13.638,
            "일자리":17.04,
            "소득수준":77.56,
            "일자리총점":35.196,
            "가치 총점":46.117,
            "매매실거래년":20220120.0,
            "매매실거래가":142000.0,
            "전세실거래년":20220216.0,
            "전세실거래가":57500.0,
            "전세가율":40.49,
            "장기전세가율평균":61.28,
            "전세가율거품지수":20.79,
            "검색코드":107715,
            "세대수":1540.0,
            "준공년월":"2016-06-30",
            "준공년차":7.0,
            "가까운역이름":"산성",
            "가까운역거리":1198.65,
            "역세권여부":"비역세권",
            "30분이내주요거점역":1,
            "30분거점역이름":"['서현']",
            "1시간이내주요거점역":11,
            "1시간거점역이름":"['강남', '역삼', '잠실', '판교', '여의도', '양재', '정자', '왕십리', '서현', 'GTX성남(2023년)', 'GTX용인(2023년)']",
            "3km이내백화점수":0,
            "5km이내아울렛몰수":1,
            "1km이내대형먀트수":0,
            "500m이내은행수":0,
            "500m이내병원수":2,
            "5km이내대형병원수":4,
            "500m이내공원수":1,
            "3km이내혐오시설수":0,
            "초등학교학업성취도":89.98,
            "중학교학업성취도":94.4,
            "용적률":188,
            "건폐율":17,
            "Y":37.467286,
            "X":127.14639,
            "rank":39.0,
            "area_info":"30평(99.91), 30평(101.01), 33평(111.85), 34평(112.77), 34평(113.12), 34평(113.77)",
            "last_sales":"2022-01-20,142000.0,30평(101.01)",
            "rank_history":[
                [
                    "202203",
                    39
                ],
                [
                    "202202",
                    31
                ],
                [
                    "202201",
                    33
                ]
            ],
            "rank_gap":-8
        },
        {
            "index":244,
            "아파트명":"위례자이",
            "투자타입":"일반",
            "전용면적(m2)":"126.91",
            "전용면적(평)":"38평",
            "법정동주소":"경기도 성남시 수정구 창곡동 531",
            "도로명주소":"경기도 성남시 수정구 위례순환로 100",
            "세대수":50,
            "입주년차":80,
            "용적률점수":"--",
            "건폐율점수":"--",
            "세대당주차수":80,
            "난방방식":100,
            "공급면적":"--",
            "전용률":"--",
            "욕실수":100,
            "현관타입":100,
            "주거총점":75.5,
            "지역구공급총점":0.0,
            "역세권":0,
            "30분내 이동가능 거점":20,
            "1시간내 이동가능 거점":100,
            "교통총점":26.0,
            "백화점":0,
            "아울렛몰":80,
            "대형마트":0,
            "은행":0,
            "병원":100,
            "종합병원":100,
            "공원":80,
            "혐오시설":0,
            "인프라총점":40.4,
            "초등학군":89.99,
            "중학군":57.48,
            "학군총점":63.982,
            "인구수":26.43,
            "인구증감":-16.21,
            "인구총점":13.638,
            "일자리":17.04,
            "소득수준":77.56,
            "일자리총점":35.196,
            "가치 총점":45.9173,
            "매매실거래년":20211205.0,
            "매매실거래가":245500.0,
            "전세실거래년":20211231.0,
            "전세실거래가":100000.0,
            "전세가율":55.87,
            "장기전세가율평균":61.28,
            "전세가율거품지수":5.41,
            "검색코드":109102,
            "세대수":517.0,
            "준공년월":"2016-10-27",
            "준공년차":7.0,
            "가까운역이름":"복정",
            "가까운역거리":1110.41,
            "역세권여부":"비역세권",
            "30분이내주요거점역":1,
            "30분거점역이름":"['서현']",
            "1시간이내주요거점역":12,
            "1시간거점역이름":"['강남', '역삼', '잠실', '판교', '여의도', '양재', '정자', '왕십리', '서현', 'GTX성남(2023년)', 'GTX용인(2023년)', 'GTX동탄(2023년)']",
            "3km이내백화점수":0,
            "5km이내아울렛몰수":1,
            "1km이내대형먀트수":0,
            "500m이내은행수":1,
            "500m이내병원수":61,
            "5km이내대형병원수":4,
            "500m이내공원수":1,
            "3km이내혐오시설수":0,
            "초등학교학업성취도":89.99,
            "중학교학업성취도":94.4,
            "용적률":169,
            "건폐율":21,
            "Y":37.47051,
            "X":127.139023,
            "rank":40.0,
            "area_info":"38평(126.91), 38평(126.94), 42평(140.06), 45평(150.37), 45평(150.37), 45평(151.08), 45평(151.08), 46평(153.68), 46평(154.52), 47평(158.45), 49평(162.09), 51평(171.24)",
            "last_sales":"2021-12-05,245500.0,45평(150.37)",
            "rank_history":[
                [
                    "202203",
                    40
                ],
                [
                    "202202",
                    28
                ],
                [
                    "202201",
                    27
                ]
            ],
            "rank_gap":-12
        },
        {
            "index":135,
            "아파트명":"우성에비뉴",
            "투자타입":"일반",
            "전용면적(m2)":"82.02",
            "전용면적(평)":"24평",
            "법정동주소":"경기도 성남시 수정구 양지동 1022",
            "도로명주소":"경기도 성남시 수정구 논골로36번길 15",
            "세대수":0,
            "입주년차":60,
            "용적률점수":"--",
            "건폐율점수":"--",
            "세대당주차수":30,
            "난방방식":30,
            "공급면적":"--",
            "전용률":"--",
            "욕실수":100,
            "현관타입":100,
            "주거총점":39.5,
            "지역구공급총점":0.0,
            "역세권":50,
            "30분내 이동가능 거점":0,
            "1시간내 이동가능 거점":90,
            "교통총점":43.0,
            "백화점":0,
            "아울렛몰":80,
            "대형마트":0,
            "은행":70,
            "병원":80,
            "종합병원":100,
            "공원":100,
            "혐오시설":0,
            "인프라총점":46.0,
            "초등학군":90.0,
            "중학군":50.22,
            "학군총점":58.176,
            "인구수":26.43,
            "인구증감":-16.21,
            "인구총점":13.638,
            "일자리":17.04,
            "소득수준":77.56,
            "일자리총점":35.196,
            "가치 총점":45.4764,
            "매매실거래년":20210907.0,
            "매매실거래가":78000.0,
            "전세실거래년":20150622.0,
            "전세실거래가":24000.0,
            "전세가율":64.34,
            "장기전세가율평균":61.28,
            "전세가율거품지수":-3.06,
            "검색코드":103470,
            "세대수":181.0,
            "준공년월":"2011-09-05",
            "준공년차":12.0,
            "가까운역이름":"남한산성입구",
            "가까운역거리":717.98,
            "역세권여부":"준역세권",
            "30분이내주요거점역":0,
            "30분거점역이름":"[]",
            "1시간이내주요거점역":9,
            "1시간거점역이름":"['강남', '역삼', '잠실', '양재', '정자', '왕십리', '서현', 'GTX성남(2023년)', 'GTX용인(2023년)']",
            "3km이내백화점수":0,
            "5km이내아울렛몰수":1,
            "1km이내대형먀트수":0,
            "500m이내은행수":3,
            "500m이내병원수":46,
            "5km이내대형병원수":3,
            "500m이내공원수":3,
            "3km이내혐오시설수":0,
            "초등학교학업성취도":90.0,
            "중학교학업성취도":83.7,
            "용적률":249,
            "건폐율":28,
            "Y":37.458114,
            "X":127.160371,
            "rank":41.0,
            "area_info":"24평(82.02), 25평(83.16), 31평(104.01), 32평(105.81)",
            "last_sales":"2021-09-07,78000.0,32평(105.81)",
            "rank_history":[
                [
                    "202203",
                    41
                ],
                [
                    "202202",
                    29
                ],
                [
                    "202201",
                    29
                ]
            ],
            "rank_gap":-12
        },
        {
            "index":0,
            "아파트명":"판교밸리포레자이",
            "투자타입":"일반",
            "전용면적(m2)":"81.08",
            "전용면적(평)":"24평",
            "법정동주소":"경기도 성남시 수정구 고등동 576",
            "도로명주소":"경기도 성남시 수정구 고등로 33",
            "세대수":50,
            "입주년차":100,
            "용적률점수":"--",
            "건폐율점수":"--",
            "세대당주차수":30,
            "난방방식":100,
            "공급면적":"--",
            "전용률":"--",
            "욕실수":100,
            "현관타입":100,
            "주거총점":72.0,
            "지역구공급총점":0.0,
            "역세권":0,
            "30분내 이동가능 거점":60,
            "1시간내 이동가능 거점":100,
            "교통총점":38.0,
            "백화점":0,
            "아울렛몰":0,
            "대형마트":80,
            "은행":0,
            "병원":10,
            "종합병원":100,
            "공원":0,
            "혐오시설":0,
            "인프라총점":33.0,
            "초등학군":90.0,
            "중학군":41.28,
            "학군총점":51.024,
            "인구수":26.43,
            "인구증감":-16.21,
            "인구총점":13.638,
            "일자리":17.04,
            "소득수준":77.56,
            "일자리총점":35.196,
            "가치 총점":45.2536,
            "매매실거래년":"18000101",
            "매매실거래가":null,
            "전세실거래년":20211029.0,
            "전세실거래가":65000.0,
            "전세가율":null,
            "장기전세가율평균":61.28,
            "전세가율거품지수":null,
            "검색코드":128970,
            "세대수":603.0,
            "준공년월":"2021-09-01",
            "준공년차":2.0,
            "가까운역이름":"성남시청 (2030년 예정)",
            "가까운역거리":2348.47,
            "역세권여부":"비역세권",
            "30분이내주요거점역":3,
            "30분거점역이름":"['강남', '판교', '양재']",
            "1시간이내주요거점역":14,
            "1시간거점역이름":"['강남', '역삼', '잠실', '판교', '여의도', '을지로3가', '양재', '정자', '구로디지털단지', '명동', '서현', 'GTX성남(2023년)', 'GTX용인(2023년)', 'GTX동탄(2023년)']",
            "3km이내백화점수":0,
            "5km이내아울렛몰수":0,
            "1km이내대형먀트수":1,
            "500m이내은행수":0,
            "500m이내병원수":2,
            "5km이내대형병원수":3,
            "500m이내공원수":0,
            "3km이내혐오시설수":0,
            "초등학교학업성취도":90.0,
            "중학교학업성취도":68.0,
            "용적률":169,
            "건폐율":23,
            "Y":37.430628,
            "X":127.095463,
            "rank":42.0,
            "area_info":"24평(81.08), 24평(81.43), 24평(81.33), 24평(81.35), 24평(81.43), 24평(81.39), 24평(81.2), 24평(81.34)",
            "last_sales":"1800-01-01,nan,24평(81.08)",
            "rank_history":[
                [
                    "202203",
                    42
                ],
                [
                    "202202",
                    34
                ],
                [
                    "202201",
                    39
                ]
            ],
            "rank_gap":-8
        },
        {
            "index":353,
            "아파트명":"태평선경",
            "투자타입":"재건축",
            "전용면적(m2)":"45.41",
            "전용면적(평)":"13평",
            "법정동주소":"경기도 성남시 수정구 태평동 7306",
            "도로명주소":"경기도 성남시 수정구 남문로140번길 19",
            "세대수":30,
            "입주년차":"--",
            "용적률점수":100,
            "건폐율점수":0,
            "세대당주차수":"--",
            "난방방식":"--",
            "공급면적":50,
            "전용률":60,
            "욕실수":"--",
            "현관타입":"--",
            "주거총점":54.5,
            "지역구공급총점":0.0,
            "역세권":0,
            "30분내 이동가능 거점":20,
            "1시간내 이동가능 거점":100,
            "교통총점":26.0,
            "백화점":0,
            "아울렛몰":80,
            "대형마트":80,
            "은행":70,
            "병원":80,
            "종합병원":100,
            "공원":0,
            "혐오시설":0,
            "인프라총점":55.0,
            "초등학군":89.99,
            "중학군":44.76,
            "학군총점":53.806,
            "인구수":26.43,
            "인구증감":-16.21,
            "인구총점":13.638,
            "일자리":17.04,
            "소득수준":77.56,
            "일자리총점":35.196,
            "가치 총점":44.5709,
            "매매실거래년":20211027.0,
            "매매실거래가":39700.0,
            "전세실거래년":20220212.0,
            "전세실거래가":13000.0,
            "전세가율":32.75,
            "장기전세가율평균":61.28,
            "전세가율거품지수":28.53,
            "검색코드":9938,
            "세대수":312.0,
            "준공년월":"1991-12-14",
            "준공년차":32.0,
            "가까운역이름":"수진",
            "가까운역거리":1079.06,
            "역세권여부":"비역세권",
            "30분이내주요거점역":1,
            "30분거점역이름":"['서현']",
            "1시간이내주요거점역":11,
            "1시간거점역이름":"['강남', '역삼', '잠실', '판교', '양재', '정자', '왕십리', '서현', 'GTX성남(2023년)', 'GTX용인(2023년)', 'GTX동탄(2023년)']",
            "3km이내백화점수":0,
            "5km이내아울렛몰수":1,
            "1km이내대형먀트수":1,
            "500m이내은행수":3,
            "500m이내병원수":42,
            "5km이내대형병원수":4,
            "500m이내공원수":0,
            "3km이내혐오시설수":0,
            "초등학교학업성취도":89.99,
            "중학교학업성취도":73.8,
            "용적률":141,
            "건폐율":0,
            "Y":37.446999,
            "X":127.142131,
            "rank":43.0,
            "area_info":"13평(45.41), 17평(56.99)",
            "last_sales":"2021-10-27,39700.0,13평(45.41)",
            "rank_history":[
                [
                    "202203",
                    43
                ],
                [
                    "202202",
                    18
                ],
                [
                    "202201",
                    17
                ]
            ],
            "rank_gap":-25
        },
        {
            "index":60,
            "아파트명":"삼정그린뷰",
            "투자타입":"일반",
            "전용면적(m2)":"107.01",
            "전용면적(평)":"32평",
            "법정동주소":"경기도 성남시 수정구 수진동 4678",
            "도로명주소":"경기도 성남시 수정구 수정로 2",
            "세대수":0,
            "입주년차":20,
            "용적률점수":"--",
            "건폐율점수":"--",
            "세대당주차수":30,
            "난방방식":30,
            "공급면적":"--",
            "전용률":"--",
            "욕실수":100,
            "현관타입":100,
            "주거총점":31.5,
            "지역구공급총점":0.0,
            "역세권":50,
            "30분내 이동가능 거점":60,
            "1시간내 이동가능 거점":100,
            "교통총점":63.0,
            "백화점":0,
            "아울렛몰":80,
            "대형마트":0,
            "은행":0,
            "병원":0,
            "종합병원":100,
            "공원":0,
            "혐오시설":0,
            "인프라총점":28.0,
            "초등학군":90.01,
            "중학군":41.28,
            "학군총점":51.026,
            "인구수":26.43,
            "인구증감":-16.21,
            "인구총점":13.638,
            "일자리":17.04,
            "소득수준":77.56,
            "일자리총점":35.196,
            "가치 총점":44.4039,
            "매매실거래년":20211017.0,
            "매매실거래가":80000.0,
            "전세실거래년":20220117.0,
            "전세실거래가":47000.0,
            "전세가율":58.75,
            "장기전세가율평균":61.28,
            "전세가율거품지수":2.53,
            "검색코드":13682,
            "세대수":274.0,
            "준공년월":"2003-12-20",
            "준공년차":20.0,
            "가까운역이름":"태평",
            "가까운역거리":618.91,
            "역세권여부":"준역세권",
            "30분이내주요거점역":3,
            "30분거점역이름":"['정자', '서현', 'GTX성남(2023년)']",
            "1시간이내주요거점역":13,
            "1시간거점역이름":"['강남', '역삼', '잠실', '판교', '여의도', '양재', '정자', '수원시청', '왕십리', '서현', 'GTX성남(2023년)', 'GTX용인(2023년)', 'GTX동탄(2023년)']",
            "3km이내백화점수":0,
            "5km이내아울렛몰수":1,
            "1km이내대형먀트수":0,
            "500m이내은행수":0,
            "500m이내병원수":1,
            "5km이내대형병원수":4,
            "500m이내공원수":0,
            "3km이내혐오시설수":0,
            "초등학교학업성취도":90.01,
            "중학교학업성취도":68.0,
            "용적률":175,
            "건폐율":23,
            "Y":37.439264,
            "X":127.120771,
            "rank":44.0,
            "area_info":"32평(107.01), 60평(199.2)",
            "last_sales":"2021-10-17,80000.0,32평(107.01)",
            "rank_history":[
                [
                    "202203",
                    44
                ],
                [
                    "202202",
                    30
                ],
                [
                    "202201",
                    30
                ]
            ],
            "rank_gap":-14
        },
        {
            "index":260,
            "아파트명":"힐스테이트위례",
            "투자타입":"일반",
            "전용면적(m2)":"129.31",
            "전용면적(평)":"39평",
            "법정동주소":"경기도 성남시 수정구 창곡동 572",
            "도로명주소":"경기도 성남시 수정구 위례동로 15",
            "세대수":50,
            "입주년차":80,
            "용적률점수":"--",
            "건폐율점수":"--",
            "세대당주차수":60,
            "난방방식":100,
            "공급면적":"--",
            "전용률":"--",
            "욕실수":100,
            "현관타입":100,
            "주거총점":72.5,
            "지역구공급총점":0.0,
            "역세권":0,
            "30분내 이동가능 거점":20,
            "1시간내 이동가능 거점":100,
            "교통총점":26.0,
            "백화점":0,
            "아울렛몰":80,
            "대형마트":0,
            "은행":0,
            "병원":60,
            "종합병원":100,
            "공원":80,
            "혐오시설":0,
            "인프라총점":36.4,
            "초등학군":89.98,
            "중학군":57.48,
            "학군총점":63.98,
            "인구수":26.43,
            "인구증감":-16.21,
            "인구총점":13.638,
            "일자리":17.04,
            "소득수준":77.56,
            "일자리총점":35.196,
            "가치 총점":44.117,
            "매매실거래년":20210713.0,
            "매매실거래가":182500.0,
            "전세실거래년":20220208.0,
            "전세실거래가":66000.0,
            "전세가율":38.94,
            "장기전세가율평균":61.28,
            "전세가율거품지수":22.34,
            "검색코드":107017,
            "세대수":621.0,
            "준공년월":"2015-11-27",
            "준공년차":8.0,
            "가까운역이름":"산성",
            "가까운역거리":1006.43,
            "역세권여부":"비역세권",
            "30분이내주요거점역":1,
            "30분거점역이름":"['잠실']",
            "1시간이내주요거점역":10,
            "1시간거점역이름":"['강남', '역삼', '잠실', '여의도', '양재', '정자', '왕십리', '서현', 'GTX성남(2023년)', 'GTX용인(2023년)']",
            "3km이내백화점수":0,
            "5km이내아울렛몰수":1,
            "1km이내대형먀트수":0,
            "500m이내은행수":1,
            "500m이내병원수":13,
            "5km이내대형병원수":4,
            "500m이내공원수":1,
            "3km이내혐오시설수":0,
            "초등학교학업성취도":89.98,
            "중학교학업성취도":94.4,
            "용적률":169,
            "건폐율":19,
            "Y":37.465007,
            "X":127.144919,
            "rank":45.0,
            "area_info":"39평(129.31), 39평(129.32), 39평(129.43), 39평(131.02), 43평(142.21), 43평(142.99), 43평(143.06), 43평(143.49), 43평(144.53)",
            "last_sales":"2021-07-13,182500.0,43평(144.53)",
            "rank_history":[
                [
                    "202203",
                    45
                ],
                [
                    "202202",
                    22
                ],
                [
                    "202201",
                    23
                ]
            ],
            "rank_gap":-23
        },
        {
            "index":188,
            "아파트명":"위례더힐55",
            "투자타입":"일반",
            "전용면적(m2)":"113.43",
            "전용면적(평)":"34평",
            "법정동주소":"경기도 성남시 수정구 창곡동 521",
            "도로명주소":"경기도 성남시 수정구 위례순환로 220",
            "세대수":90,
            "입주년차":80,
            "용적률점수":"--",
            "건폐율점수":"--",
            "세대당주차수":60,
            "난방방식":100,
            "공급면적":"--",
            "전용률":"--",
            "욕실수":100,
            "현관타입":100,
            "주거총점":86.5,
            "지역구공급총점":0.0,
            "역세권":0,
            "30분내 이동가능 거점":0,
            "1시간내 이동가능 거점":100,
            "교통총점":20.0,
            "백화점":0,
            "아울렛몰":80,
            "대형마트":0,
            "은행":0,
            "병원":60,
            "종합병원":100,
            "공원":0,
            "혐오시설":0,
            "인프라총점":34.0,
            "초등학군":89.99,
            "중학군":57.48,
            "학군총점":63.982,
            "인구수":26.43,
            "인구증감":-16.21,
            "인구총점":13.638,
            "일자리":17.04,
            "소득수준":77.56,
            "일자리총점":35.196,
            "가치 총점":44.0973,
            "매매실거래년":20210913.0,
            "매매실거래가":181000.0,
            "전세실거래년":20220221.0,
            "전세실거래가":47000.0,
            "전세가율":32.19,
            "장기전세가율평균":61.28,
            "전세가율거품지수":29.09,
            "검색코드":107924,
            "세대수":1380.0,
            "준공년월":"2015-12-31",
            "준공년차":8.0,
            "가까운역이름":"산성",
            "가까운역거리":1476.22,
            "역세권여부":"비역세권",
            "30분이내주요거점역":0,
            "30분거점역이름":"[]",
            "1시간이내주요거점역":10,
            "1시간거점역이름":"['강남', '역삼', '잠실', '판교', '양재', '정자', '왕십리', '서현', 'GTX성남(2023년)', 'GTX동탄(2023년)']",
            "3km이내백화점수":0,
            "5km이내아울렛몰수":1,
            "1km이내대형먀트수":0,
            "500m이내은행수":0,
            "500m이내병원수":10,
            "5km이내대형병원수":4,
            "500m이내공원수":0,
            "3km이내혐오시설수":0,
            "초등학교학업성취도":89.99,
            "중학교학업성취도":94.4,
            "용적률":179,
            "건폐율":15,
            "Y":37.46972,
            "X":127.1542,
            "rank":46.0,
            "area_info":"34평(113.43), 34평(114.06), 34평(114.24), 53평(176.83), 53평(177.86), 53평(177.85), 53평(177.41), 53평(177.15)",
            "last_sales":"2021-09-13,181000.0,53평(177.86)",
            "rank_history":[
                [
                    "202203",
                    46
                ],
                [
                    "202202",
                    35
                ],
                [
                    "202201",
                    34
                ]
            ],
            "rank_gap":-11
        },
        {
            "index":210,
            "아파트명":"위례아트리버푸르지오1단지",
            "투자타입":"일반",
            "전용면적(m2)":"124.91",
            "전용면적(평)":"37평",
            "법정동주소":"경기도 성남시 수정구 창곡동 530",
            "도로명주소":"경기도 성남시 수정구 위례광장로 70",
            "세대수":0,
            "입주년차":80,
            "용적률점수":"--",
            "건폐율점수":"--",
            "세대당주차수":60,
            "난방방식":100,
            "공급면적":"--",
            "전용률":"--",
            "욕실수":100,
            "현관타입":100,
            "주거총점":55.0,
            "지역구공급총점":0.0,
            "역세권":0,
            "30분내 이동가능 거점":40,
            "1시간내 이동가능 거점":100,
            "교통총점":32.0,
            "백화점":0,
            "아울렛몰":80,
            "대형마트":0,
            "은행":0,
            "병원":100,
            "종합병원":100,
            "공원":100,
            "혐오시설":0,
            "인프라총점":41.0,
            "초등학군":89.96,
            "중학군":57.48,
            "학군총점":63.976,
            "인구수":26.43,
            "인구증감":-16.21,
            "인구총점":13.638,
            "일자리":17.04,
            "소득수준":77.56,
            "일자리총점":35.196,
            "가치 총점":44.0964,
            "매매실거래년":20211008.0,
            "매매실거래가":215000.0,
            "전세실거래년":20210413.0,
            "전세실거래가":85000.0,
            "전세가율":47.22,
            "장기전세가율평균":61.28,
            "전세가율거품지수":14.06,
            "검색코드":109449,
            "세대수":124.0,
            "준공년월":"2016-12-30",
            "준공년차":7.0,
            "가까운역이름":"복정",
            "가까운역거리":1319.4,
            "역세권여부":"비역세권",
            "30분이내주요거점역":2,
            "30분거점역이름":"['잠실', '서현']",
            "1시간이내주요거점역":12,
            "1시간거점역이름":"['강남', '역삼', '잠실', '판교', '여의도', '양재', '정자', '왕십리', '서현', 'GTX성남(2023년)', 'GTX용인(2023년)', 'GTX동탄(2023년)']",
            "3km이내백화점수":0,
            "5km이내아울렛몰수":1,
            "1km이내대형먀트수":0,
            "500m이내은행수":1,
            "500m이내병원수":61,
            "5km이내대형병원수":4,
            "500m이내공원수":2,
            "3km이내혐오시설수":0,
            "초등학교학업성취도":89.96,
            "중학교학업성취도":94.4,
            "용적률":199,
            "건폐율":36,
            "Y":37.470541,
            "X":127.141408,
            "rank":47.0,
            "area_info":"37평(124.91), 37평(124.91), 37평(124.91), 39평(131.99), 39평(131.72), 40평(133.38), 40평(133.38), 40평(133.38), 52평(174.78)",
            "last_sales":"2021-10-08,215000.0,40평(133.38)",
            "rank_history":[
                [
                    "202203",
                    47
                ],
                [
                    "202202",
                    36
                ],
                [
                    "202201",
                    35
                ]
            ],
            "rank_gap":-11
        },
        {
            "index":347,
            "아파트명":"크란츠힐",
            "투자타입":"일반",
            "전용면적(m2)":"95.96",
            "전용면적(평)":"29평",
            "법정동주소":"경기도 성남시 수정구 태평동 7337",
            "도로명주소":"경기도 성남시 수정구 수정북로 120",
            "세대수":0,
            "입주년차":20,
            "용적률점수":"--",
            "건폐율점수":"--",
            "세대당주차수":30,
            "난방방식":30,
            "공급면적":"--",
            "전용률":"--",
            "욕실수":100,
            "현관타입":50,
            "주거총점":26.5,
            "지역구공급총점":0.0,
            "역세권":50,
            "30분내 이동가능 거점":0,
            "1시간내 이동가능 거점":100,
            "교통총점":45.0,
            "백화점":0,
            "아울렛몰":80,
            "대형마트":80,
            "은행":0,
            "병원":80,
            "종합병원":100,
            "공원":0,
            "혐오시설":0,
            "인프라총점":48.0,
            "초등학군":89.99,
            "중학군":44.76,
            "학군총점":53.806,
            "인구수":26.43,
            "인구증감":-16.21,
            "인구총점":13.638,
            "일자리":17.04,
            "소득수준":77.56,
            "일자리총점":35.196,
            "가치 총점":43.5209,
            "매매실거래년":20210403.0,
            "매매실거래가":47800.0,
            "전세실거래년":null,
            "전세실거래가":null,
            "전세가율":null,
            "장기전세가율평균":61.28,
            "전세가율거품지수":null,
            "검색코드":12867,
            "세대수":59.0,
            "준공년월":"2003-04-29",
            "준공년차":20.0,
            "가까운역이름":"수진",
            "가까운역거리":862.82,
            "역세권여부":"준역세권",
            "30분이내주요거점역":0,
            "30분거점역이름":"[]",
            "1시간이내주요거점역":11,
            "1시간거점역이름":"['강남', '역삼', '잠실', '판교', '양재', '정자', '왕십리', '서현', 'GTX성남(2023년)', 'GTX용인(2023년)', 'GTX동탄(2023년)']",
            "3km이내백화점수":0,
            "5km이내아울렛몰수":1,
            "1km이내대형먀트수":1,
            "500m이내은행수":1,
            "500m이내병원수":55,
            "5km이내대형병원수":4,
            "500m이내공원수":0,
            "3km이내혐오시설수":0,
            "초등학교학업성취도":89.99,
            "중학교학업성취도":73.8,
            "용적률":294,
            "건폐율":42,
            "Y":37.44495,
            "X":127.14267,
            "rank":48.0,
            "area_info":"29평(95.96), 31평(102.54), 31평(102.7)",
            "last_sales":"2021-04-03,47800.0,31평(102.54)",
            "rank_history":[
                [
                    "202203",
                    48
                ],
                [
                    "202202",
                    9999
                ]
            ],
            "rank_gap":9999
        },
        {
            "index":200,
            "아파트명":"위례센트럴푸르지오",
            "투자타입":"일반",
            "전용면적(m2)":"121.27",
            "전용면적(평)":"36평",
            "법정동주소":"경기도 성남시 수정구 창곡동 519",
            "도로명주소":"경기도 성남시 수정구 위례순환로 211",
            "세대수":50,
            "입주년차":80,
            "용적률점수":"--",
            "건폐율점수":"--",
            "세대당주차수":60,
            "난방방식":100,
            "공급면적":"--",
            "전용률":"--",
            "욕실수":100,
            "현관타입":100,
            "주거총점":72.5,
            "지역구공급총점":0.0,
            "역세권":0,
            "30분내 이동가능 거점":20,
            "1시간내 이동가능 거점":100,
            "교통총점":26.0,
            "백화점":0,
            "아울렛몰":80,
            "대형마트":0,
            "은행":0,
            "병원":60,
            "종합병원":100,
            "공원":0,
            "혐오시설":0,
            "인프라총점":34.0,
            "초등학군":89.99,
            "중학군":57.48,
            "학군총점":63.982,
            "인구수":26.43,
            "인구증감":-16.21,
            "인구총점":13.638,
            "일자리":17.04,
            "소득수준":77.56,
            "일자리총점":35.196,
            "가치 총점":43.3973,
            "매매실거래년":20211120.0,
            "매매실거래가":171500.0,
            "전세실거래년":20211207.0,
            "전세실거래가":45900.0,
            "전세가율":28.87,
            "장기전세가율평균":61.28,
            "전세가율거품지수":32.41,
            "검색코드":107661,
            "세대수":687.0,
            "준공년월":"2016-04-11",
            "준공년차":7.0,
            "가까운역이름":"산성",
            "가까운역거리":1603.21,
            "역세권여부":"비역세권",
            "30분이내주요거점역":1,
            "30분거점역이름":"['잠실']",
            "1시간이내주요거점역":11,
            "1시간거점역이름":"['강남', '역삼', '잠실', '판교', '여의도', '양재', '정자', '왕십리', '서현', 'GTX성남(2023년)', 'GTX동탄(2023년)']",
            "3km이내백화점수":0,
            "5km이내아울렛몰수":1,
            "1km이내대형먀트수":0,
            "500m이내은행수":0,
            "500m이내병원수":29,
            "5km이내대형병원수":4,
            "500m이내공원수":0,
            "3km이내혐오시설수":0,
            "초등학교학업성취도":89.99,
            "중학교학업성취도":94.4,
            "용적률":224,
            "건폐율":18,
            "Y":37.471143,
            "X":127.152611,
            "rank":49.0,
            "area_info":"36평(121.27), 36평(121.27), 36평(121.73), 36평(121.52), 36평(122.18), 39평(131.02), 39평(131.02), 39평(131.98), 39평(131.62), 39평(132.01)",
            "last_sales":"2021-11-20,171500.0,39평(131.02)",
            "rank_history":[
                [
                    "202203",
                    49
                ],
                [
                    "202202",
                    40
                ],
                [
                    "202201",
                    38
                ]
            ],
            "rank_gap":-9
        },
        {
            "index":111,
            "아파트명":"셀레스빌",
            "투자타입":"일반",
            "전용면적(m2)":"96.84",
            "전용면적(평)":"29평",
            "법정동주소":"경기도 성남시 수정구 신흥동 125-2",
            "도로명주소":"경기도 성남시 수정구 수정로 316",
            "세대수":0,
            "입주년차":40,
            "용적률점수":"--",
            "건폐율점수":"--",
            "세대당주차수":0,
            "난방방식":30,
            "공급면적":"--",
            "전용률":"--",
            "욕실수":100,
            "현관타입":100,
            "주거총점":31.0,
            "지역구공급총점":0.0,
            "역세권":50,
            "30분내 이동가능 거점":20,
            "1시간내 이동가능 거점":100,
            "교통총점":51.0,
            "백화점":0,
            "아울렛몰":80,
            "대형마트":0,
            "은행":20,
            "병원":60,
            "종합병원":100,
            "공원":80,
            "혐오시설":0,
            "인프라총점":38.4,
            "초등학군":89.92,
            "중학군":42.64,
            "학군총점":52.096,
            "인구수":26.43,
            "인구증감":-16.21,
            "인구총점":13.638,
            "일자리":17.04,
            "소득수준":77.56,
            "일자리총점":35.196,
            "가치 총점":43.3844,
            "매매실거래년":20211129.0,
            "매매실거래가":54800.0,
            "전세실거래년":20211121.0,
            "전세실거래가":41000.0,
            "전세가율":68.45,
            "장기전세가율평균":61.28,
            "전세가율거품지수":-7.17,
            "검색코드":25864,
            "세대수":117.0,
            "준공년월":"2007-03-09",
            "준공년차":16.0,
            "가까운역이름":"산성",
            "가까운역거리":579.12,
            "역세권여부":"준역세권",
            "30분이내주요거점역":1,
            "30분거점역이름":"['잠실']",
            "1시간이내주요거점역":12,
            "1시간거점역이름":"['강남', '역삼', '잠실', '판교', '여의도', '양재', '정자', '왕십리', '서현', 'GTX성남(2023년)', 'GTX용인(2023년)', 'GTX동탄(2023년)']",
            "3km이내백화점수":0,
            "5km이내아울렛몰수":1,
            "1km이내대형먀트수":0,
            "500m이내은행수":2,
            "500m이내병원수":21,
            "5km이내대형병원수":3,
            "500m이내공원수":1,
            "3km이내혐오시설수":0,
            "초등학교학업성취도":89.92,
            "중학교학업성취도":70.2,
            "용적률":713,
            "건폐율":75,
            "Y":37.451709,
            "X":127.149175,
            "rank":50.0,
            "area_info":"29평(96.84), 29평(97.36), 32평(105.8), 32평(106.11), 33평(112.25)",
            "last_sales":"2021-11-29,54800.0,32평(106.11)",
            "rank_history":[
                [
                    "202203",
                    50
                ],
                [
                    "202202",
                    32
                ],
                [
                    "202201",
                    31
                ]
            ],
            "rank_gap":-18
        },
        {
            "index":93,
            "아파트명":"삼부르네상스파크1",
            "투자타입":"일반",
            "전용면적(m2)":"49.42",
            "전용면적(평)":"14평",
            "법정동주소":"경기도 성남시 수정구 신흥동 179",
            "도로명주소":"경기도 성남시 수정구 수정로 312",
            "세대수":0,
            "입주년차":40,
            "용적률점수":"--",
            "건폐율점수":"--",
            "세대당주차수":30,
            "난방방식":30,
            "공급면적":"--",
            "전용률":"--",
            "욕실수":50,
            "현관타입":100,
            "주거총점":30.5,
            "지역구공급총점":0.0,
            "역세권":50,
            "30분내 이동가능 거점":20,
            "1시간내 이동가능 거점":100,
            "교통총점":51.0,
            "백화점":0,
            "아울렛몰":80,
            "대형마트":0,
            "은행":20,
            "병원":60,
            "종합병원":100,
            "공원":80,
            "혐오시설":0,
            "인프라총점":38.4,
            "초등학군":89.92,
            "중학군":42.64,
            "학군총점":52.096,
            "인구수":26.43,
            "인구증감":-16.21,
            "인구총점":13.638,
            "일자리":17.04,
            "소득수준":77.56,
            "일자리총점":35.196,
            "가치 총점":43.2844,
            "매매실거래년":20200606.0,
            "매매실거래가":47000.0,
            "전세실거래년":20210329.0,
            "전세실거래가":16800.0,
            "전세가율":73.04,
            "장기전세가율평균":61.28,
            "전세가율거품지수":-11.76,
            "검색코드":14628,
            "세대수":108.0,
            "준공년월":"2006-02-28",
            "준공년차":17.0,
            "가까운역이름":"산성",
            "가까운역거리":614.22,
            "역세권여부":"준역세권",
            "30분이내주요거점역":1,
            "30분거점역이름":"['잠실']",
            "1시간이내주요거점역":11,
            "1시간거점역이름":"['강남', '역삼', '잠실', '판교', '여의도', '양재', '정자', '왕십리', '서현', 'GTX성남(2023년)', 'GTX용인(2023년)']",
            "3km이내백화점수":0,
            "5km이내아울렛몰수":1,
            "1km이내대형먀트수":0,
            "500m이내은행수":2,
            "500m이내병원수":21,
            "5km이내대형병원수":3,
            "500m이내공원수":1,
            "3km이내혐오시설수":0,
            "초등학교학업성취도":89.92,
            "중학교학업성취도":70.2,
            "용적률":735,
            "건폐율":72,
            "Y":37.45141,
            "X":127.148986,
            "rank":51.0,
            "area_info":"14평(49.42), 24평(82.56), 25평(85.36), 27평(92.04), 32평(107.21), 32평(107.49), 38평(127.67)",
            "last_sales":"2020-06-06,47000.0,32평(107.49)",
            "rank_history":[
                [
                    "202203",
                    51
                ],
                [
                    "202202",
                    33
                ],
                [
                    "202201",
                    32
                ]
            ],
            "rank_gap":-18
        },
        {
            "index":231,
            "아파트명":"위례역푸르지오6단지",
            "투자타입":"일반",
            "전용면적(m2)":"109.23",
            "전용면적(평)":"33평",
            "법정동주소":"경기도 성남시 수정구 창곡동 563",
            "도로명주소":"경기도 성남시 수정구 위례광장로 12",
            "세대수":0,
            "입주년차":80,
            "용적률점수":"--",
            "건폐율점수":"--",
            "세대당주차수":60,
            "난방방식":100,
            "공급면적":"--",
            "전용률":"--",
            "욕실수":100,
            "현관타입":100,
            "주거총점":55.0,
            "지역구공급총점":0.0,
            "역세권":0,
            "30분내 이동가능 거점":40,
            "1시간내 이동가능 거점":100,
            "교통총점":32.0,
            "백화점":0,
            "아울렛몰":80,
            "대형마트":0,
            "은행":0,
            "병원":60,
            "종합병원":100,
            "공원":100,
            "혐오시설":0,
            "인프라총점":37.0,
            "초등학군":89.98,
            "중학군":57.48,
            "학군총점":63.98,
            "인구수":26.43,
            "인구증감":-16.21,
            "인구총점":13.638,
            "일자리":17.04,
            "소득수준":77.56,
            "일자리총점":35.196,
            "가치 총점":42.897,
            "매매실거래년":20220113.0,
            "매매실거래가":150000.0,
            "전세실거래년":20220225.0,
            "전세실거래가":60900.0,
            "전세가율":40.6,
            "장기전세가율평균":61.28,
            "전세가율거품지수":20.68,
            "검색코드":110634,
            "세대수":265.0,
            "준공년월":"2017-10-17",
            "준공년차":6.0,
            "가까운역이름":"산성",
            "가까운역거리":1274.64,
            "역세권여부":"비역세권",
            "30분이내주요거점역":2,
            "30분거점역이름":"['잠실', '서현']",
            "1시간이내주요거점역":11,
            "1시간거점역이름":"['강남', '역삼', '잠실', '판교', '여의도', '양재', '정자', '왕십리', '서현', 'GTX성남(2023년)', 'GTX용인(2023년)']",
            "3km이내백화점수":0,
            "5km이내아울렛몰수":1,
            "1km이내대형먀트수":0,
            "500m이내은행수":1,
            "500m이내병원수":18,
            "5km이내대형병원수":4,
            "500m이내공원수":2,
            "3km이내혐오시설수":0,
            "초등학교학업성취도":89.98,
            "중학교학업성취도":94.4,
            "용적률":189,
            "건폐율":26,
            "Y":37.466516,
            "X":127.142117,
            "rank":52.0,
            "area_info":"33평(109.23), 33평(109.76)",
            "last_sales":"2022-01-13,150000.0,33평(109.23)",
            "rank_history":[
                [
                    "202203",
                    52
                ],
                [
                    "202202",
                    41
                ],
                [
                    "202201",
                    40
                ]
            ],
            "rank_gap":-11
        },
        {
            "index":229,
            "아파트명":"위례역푸르지오5단지",
            "투자타입":"일반",
            "전용면적(m2)":"109.1",
            "전용면적(평)":"33평",
            "법정동주소":"경기도 성남시 수정구 창곡동 564",
            "도로명주소":"경기도 성남시 수정구 위례광장로 34",
            "세대수":0,
            "입주년차":80,
            "용적률점수":"--",
            "건폐율점수":"--",
            "세대당주차수":60,
            "난방방식":100,
            "공급면적":"--",
            "전용률":"--",
            "욕실수":100,
            "현관타입":100,
            "주거총점":55.0,
            "지역구공급총점":0.0,
            "역세권":0,
            "30분내 이동가능 거점":40,
            "1시간내 이동가능 거점":100,
            "교통총점":32.0,
            "백화점":0,
            "아울렛몰":80,
            "대형마트":0,
            "은행":0,
            "병원":60,
            "종합병원":100,
            "공원":80,
            "혐오시설":0,
            "인프라총점":36.4,
            "초등학군":89.98,
            "중학군":57.48,
            "학군총점":63.98,
            "인구수":26.43,
            "인구증감":-16.21,
            "인구총점":13.638,
            "일자리":17.04,
            "소득수준":77.56,
            "일자리총점":35.196,
            "가치 총점":42.717,
            "매매실거래년":20210918.0,
            "매매실거래가":157000.0,
            "전세실거래년":20220205.0,
            "전세실거래가":55500.0,
            "전세가율":35.35,
            "장기전세가율평균":61.28,
            "전세가율거품지수":25.93,
            "검색코드":110633,
            "세대수":147.0,
            "준공년월":"2017-10-17",
            "준공년차":6.0,
            "가까운역이름":"복정",
            "가까운역거리":1316.75,
            "역세권여부":"비역세권",
            "30분이내주요거점역":2,
            "30분거점역이름":"['잠실', '서현']",
            "1시간이내주요거점역":11,
            "1시간거점역이름":"['강남', '역삼', '잠실', '판교', '여의도', '양재', '정자', '왕십리', '서현', 'GTX성남(2023년)', 'GTX용인(2023년)']",
            "3km이내백화점수":0,
            "5km이내아울렛몰수":1,
            "1km이내대형먀트수":0,
            "500m이내은행수":1,
            "500m이내병원수":18,
            "5km이내대형병원수":4,
            "500m이내공원수":1,
            "3km이내혐오시설수":0,
            "초등학교학업성취도":89.98,
            "중학교학업성취도":94.4,
            "용적률":189,
            "건폐율":36,
            "Y":37.466662,
            "X":127.141193,
            "rank":53.0,
            "area_info":"33평(109.1), 33평(109.63)",
            "last_sales":"2021-09-18,157000.0,33평(109.1)",
            "rank_history":[
                [
                    "202203",
                    53
                ],
                [
                    "202202",
                    39
                ],
                [
                    "202201",
                    37
                ]
            ],
            "rank_gap":-14
        },
        {
            "index":239,
            "아파트명":"위례자연앤센트럴자이",
            "투자타입":"일반",
            "전용면적(m2)":"75.22",
            "전용면적(평)":"22평",
            "법정동주소":"경기도 성남시 수정구 창곡동 504",
            "도로명주소":"경기도 성남시 수정구 위례광장로 97",
            "세대수":90,
            "입주년차":80,
            "용적률점수":"--",
            "건폐율점수":"--",
            "세대당주차수":30,
            "난방방식":100,
            "공급면적":"--",
            "전용률":"--",
            "욕실수":50,
            "현관타입":100,
            "주거총점":77.0,
            "지역구공급총점":0.0,
            "역세권":0,
            "30분내 이동가능 거점":0,
            "1시간내 이동가능 거점":100,
            "교통총점":20.0,
            "백화점":0,
            "아울렛몰":80,
            "대형마트":0,
            "은행":0,
            "병원":80,
            "종합병원":100,
            "공원":0,
            "혐오시설":0,
            "인프라총점":36.0,
            "초등학군":89.99,
            "중학군":52.44,
            "학군총점":59.95,
            "인구수":26.43,
            "인구증감":-16.21,
            "인구총점":13.638,
            "일자리":17.04,
            "소득수준":77.56,
            "일자리총점":35.196,
            "가치 총점":42.1925,
            "매매실거래년":20220117.0,
            "매매실거래가":135000.0,
            "전세실거래년":20220223.0,
            "전세실거래가":48000.0,
            "전세가율":42.48,
            "장기전세가율평균":61.28,
            "전세가율거품지수":18.8,
            "검색코드":109266,
            "세대수":1413.0,
            "준공년월":"2017-06-28",
            "준공년차":6.0,
            "가까운역이름":"복정",
            "가까운역거리":1182.05,
            "역세권여부":"비역세권",
            "30분이내주요거점역":0,
            "30분거점역이름":"[]",
            "1시간이내주요거점역":11,
            "1시간거점역이름":"['강남', '역삼', '잠실', '판교', '여의도', '양재', '정자', '왕십리', '서현', 'GTX성남(2023년)', 'GTX용인(2023년)']",
            "3km이내백화점수":0,
            "5km이내아울렛몰수":1,
            "1km이내대형먀트수":0,
            "500m이내은행수":1,
            "500m이내병원수":58,
            "5km이내대형병원수":4,
            "500m이내공원수":0,
            "3km이내혐오시설수":0,
            "초등학교학업성취도":89.99,
            "중학교학업성취도":83.6,
            "용적률":179,
            "건폐율":19,
            "Y":37.472909,
            "X":127.139054,
            "rank":54.0,
            "area_info":"22평(75.22), 25평(83.92), 25평(84.49), 29평(98.79), 33평(112.17)",
            "last_sales":"2022-01-17,135000.0,25평(84.49)",
            "rank_history":[
                [
                    "202203",
                    54
                ],
                [
                    "202202",
                    37
                ],
                [
                    "202201",
                    36
                ]
            ],
            "rank_gap":-17
        },
        {
            "index":219,
            "아파트명":"위례아트리버푸르지오2단지",
            "투자타입":"일반",
            "전용면적(m2)":"126.97",
            "전용면적(평)":"38평",
            "법정동주소":"경기도 성남시 수정구 창곡동 529",
            "도로명주소":"경기도 성남시 수정구 위례순환로 130",
            "세대수":0,
            "입주년차":80,
            "용적률점수":"--",
            "건폐율점수":"--",
            "세대당주차수":60,
            "난방방식":100,
            "공급면적":"--",
            "전용률":"--",
            "욕실수":100,
            "현관타입":100,
            "주거총점":55.0,
            "지역구공급총점":0.0,
            "역세권":0,
            "30분내 이동가능 거점":20,
            "1시간내 이동가능 거점":100,
            "교통총점":26.0,
            "백화점":0,
            "아울렛몰":80,
            "대형마트":0,
            "은행":0,
            "병원":100,
            "종합병원":100,
            "공원":100,
            "혐오시설":0,
            "인프라총점":41.0,
            "초등학군":89.96,
            "중학군":57.48,
            "학군총점":63.976,
            "인구수":26.43,
            "인구증감":-16.21,
            "인구총점":13.638,
            "일자리":17.04,
            "소득수준":77.56,
            "일자리총점":35.196,
            "가치 총점":41.9964,
            "매매실거래년":20210709.0,
            "매매실거래가":192000.0,
            "전세실거래년":20210313.0,
            "전세실거래가":80000.0,
            "전세가율":42.55,
            "장기전세가율평균":61.28,
            "전세가율거품지수":18.73,
            "검색코드":109450,
            "세대수":90.0,
            "준공년월":"2016-12-30",
            "준공년차":7.0,
            "가까운역이름":"복정",
            "가까운역거리":1413.02,
            "역세권여부":"비역세권",
            "30분이내주요거점역":1,
            "30분거점역이름":"['잠실']",
            "1시간이내주요거점역":12,
            "1시간거점역이름":"['강남', '역삼', '잠실', '판교', '여의도', '양재', '정자', '왕십리', '서현', 'GTX성남(2023년)', 'GTX용인(2023년)', 'GTX동탄(2023년)']",
            "3km이내백화점수":0,
            "5km이내아울렛몰수":1,
            "1km이내대형먀트수":0,
            "500m이내은행수":1,
            "500m이내병원수":61,
            "5km이내대형병원수":4,
            "500m이내공원수":2,
            "3km이내혐오시설수":0,
            "초등학교학업성취도":89.96,
            "중학교학업성취도":94.4,
            "용적률":200,
            "건폐율":36,
            "Y":37.47058,
            "X":127.142471,
            "rank":55.0,
            "area_info":"38평(126.97), 38평(126.97), 38평(126.97), 40평(133.85), 40평(134.12), 41평(135.59), 41평(135.6), 41평(135.6)",
            "last_sales":"2021-07-09,192000.0,41평(135.59)",
            "rank_history":[
                [
                    "202203",
                    55
                ],
                [
                    "202202",
                    9999
                ]
            ],
            "rank_gap":9999
        },
        {
            "index":227,
            "아파트명":"위례역푸르지오4단지",
            "투자타입":"일반",
            "전용면적(m2)":"109.36",
            "전용면적(평)":"33평",
            "법정동주소":"경기도 성남시 수정구 창곡동 565",
            "도로명주소":"경기도 성남시 수정구 위례광장로 36",
            "세대수":0,
            "입주년차":80,
            "용적률점수":"--",
            "건폐율점수":"--",
            "세대당주차수":60,
            "난방방식":100,
            "공급면적":"--",
            "전용률":"--",
            "욕실수":100,
            "현관타입":100,
            "주거총점":55.0,
            "지역구공급총점":0.0,
            "역세권":0,
            "30분내 이동가능 거점":20,
            "1시간내 이동가능 거점":100,
            "교통총점":26.0,
            "백화점":0,
            "아울렛몰":80,
            "대형마트":0,
            "은행":0,
            "병원":80,
            "종합병원":100,
            "공원":100,
            "혐오시설":0,
            "인프라총점":39.0,
            "초등학군":89.96,
            "중학군":57.48,
            "학군총점":63.976,
            "인구수":26.43,
            "인구증감":-16.21,
            "인구총점":13.638,
            "일자리":17.04,
            "소득수준":77.56,
            "일자리총점":35.196,
            "가치 총점":41.3964,
            "매매실거래년":20211112.0,
            "매매실거래가":155000.0,
            "전세실거래년":20220217.0,
            "전세실거래가":63000.0,
            "전세가율":40.65,
            "장기전세가율평균":61.28,
            "전세가율거품지수":20.63,
            "검색코드":110632,
            "세대수":208.0,
            "준공년월":"2017-10-16",
            "준공년차":6.0,
            "가까운역이름":"복정",
            "가까운역거리":1273.43,
            "역세권여부":"비역세권",
            "30분이내주요거점역":1,
            "30분거점역이름":"['잠실']",
            "1시간이내주요거점역":10,
            "1시간거점역이름":"['강남', '역삼', '잠실', '여의도', '양재', '정자', '왕십리', '서현', 'GTX성남(2023년)', 'GTX용인(2023년)']",
            "3km이내백화점수":0,
            "5km이내아울렛몰수":1,
            "1km이내대형먀트수":0,
            "500m이내은행수":1,
            "500m이내병원수":34,
            "5km이내대형병원수":4,
            "500m이내공원수":2,
            "3km이내혐오시설수":0,
            "초등학교학업성취도":89.96,
            "중학교학업성취도":94.4,
            "용적률":189,
            "건폐율":31,
            "Y":37.468092,
            "X":127.140957,
            "rank":56.0,
            "area_info":"33평(109.36), 33평(109.88)",
            "last_sales":"2021-11-12,155000.0,33평(109.36)",
            "rank_history":[
                [
                    "202203",
                    56
                ],
                [
                    "202202",
                    42
                ],
                [
                    "202201",
                    41
                ]
            ],
            "rank_gap":-14
        },
        {
            "index":72,
            "아파트명":"코오롱린든그로브",
            "투자타입":"일반",
            "전용면적(m2)":"217.9",
            "전용면적(평)":"65평",
            "법정동주소":"경기도 성남시 수정구 시흥동 320",
            "도로명주소":"경기도 성남시 수정구 대왕판교로 801",
            "세대수":0,
            "입주년차":40,
            "용적률점수":"--",
            "건폐율점수":"--",
            "세대당주차수":100,
            "난방방식":30,
            "공급면적":"--",
            "전용률":"--",
            "욕실수":100,
            "현관타입":100,
            "주거총점":46.0,
            "지역구공급총점":0.0,
            "역세권":0,
            "30분내 이동가능 거점":0,
            "1시간내 이동가능 거점":100,
            "교통총점":20.0,
            "백화점":100,
            "아울렛몰":0,
            "대형마트":0,
            "은행":0,
            "병원":0,
            "종합병원":100,
            "공원":0,
            "혐오시설":0,
            "인프라총점":50.0,
            "초등학군":89.97,
            "중학군":57.44,
            "학군총점":63.946,
            "인구수":26.43,
            "인구증감":-16.21,
            "인구총점":13.638,
            "일자리":17.04,
            "소득수준":77.56,
            "일자리총점":35.196,
            "가치 총점":40.7919,
            "매매실거래년":"18000101",
            "매매실거래가":null,
            "전세실거래년":null,
            "전세실거래가":null,
            "전세가율":null,
            "장기전세가율평균":61.28,
            "전세가율거품지수":null,
            "검색코드":101850,
            "세대수":52.0,
            "준공년월":"2005-11-30",
            "준공년차":18.0,
            "가까운역이름":"봇들사거리 (2030년 예정)",
            "가까운역거리":1422.45,
            "역세권여부":"비역세권",
            "30분이내주요거점역":0,
            "30분거점역이름":"[]",
            "1시간이내주요거점역":10,
            "1시간거점역이름":"['강남', '역삼', '잠실', '판교', '정자', '평촌', '수원', '서현', 'GTX성남(2023년)', 'GTX동탄(2023년)']",
            "3km이내백화점수":1,
            "5km이내아울렛몰수":0,
            "1km이내대형먀트수":0,
            "500m이내은행수":1,
            "500m이내병원수":1,
            "5km이내대형병원수":4,
            "500m이내공원수":0,
            "3km이내혐오시설수":0,
            "초등학교학업성취도":89.97,
            "중학교학업성취도":94.4,
            "용적률":70,
            "건폐율":19,
            "Y":37.411733,
            "X":127.098771,
            "rank":57.0,
            "area_info":"65평(217.9), 65평(217.89), 75평(249.76), 75평(249.87), 75평(250.79), 75평(250.09), 87평(290.76)",
            "last_sales":"1800-01-01,nan,65평(217.9)",
            "rank_history":[
                [
                    "202203",
                    57
                ],
                [
                    "202202",
                    9999
                ]
            ],
            "rank_gap":9999
        },
        {
            "index":196,
            "아파트명":"위례보미리즌빌",
            "투자타입":"일반",
            "전용면적(m2)":"123.43",
            "전용면적(평)":"37평",
            "법정동주소":"경기도 성남시 수정구 창곡동 507",
            "도로명주소":"경기도 성남시 수정구 위례광장로 82",
            "세대수":0,
            "입주년차":80,
            "용적률점수":"--",
            "건폐율점수":"--",
            "세대당주차수":60,
            "난방방식":100,
            "공급면적":"--",
            "전용률":"--",
            "욕실수":100,
            "현관타입":100,
            "주거총점":55.0,
            "지역구공급총점":0.0,
            "역세권":0,
            "30분내 이동가능 거점":20,
            "1시간내 이동가능 거점":100,
            "교통총점":26.0,
            "백화점":0,
            "아울렛몰":80,
            "대형마트":0,
            "은행":0,
            "병원":80,
            "종합병원":100,
            "공원":0,
            "혐오시설":0,
            "인프라총점":36.0,
            "초등학군":89.96,
            "중학군":57.48,
            "학군총점":63.976,
            "인구수":26.43,
            "인구증감":-16.21,
            "인구총점":13.638,
            "일자리":17.04,
            "소득수준":77.56,
            "일자리총점":35.196,
            "가치 총점":40.4964,
            "매매실거래년":20201216.0,
            "매매실거래가":130000.0,
            "전세실거래년":20211006.0,
            "전세실거래가":82000.0,
            "전세가율":null,
            "장기전세가율평균":61.28,
            "전세가율거품지수":null,
            "검색코드":111417,
            "세대수":131.0,
            "준공년월":"2017-06-27",
            "준공년차":6.0,
            "가까운역이름":"복정",
            "가까운역거리":1340.09,
            "역세권여부":"비역세권",
            "30분이내주요거점역":1,
            "30분거점역이름":"['서현']",
            "1시간이내주요거점역":12,
            "1시간거점역이름":"['강남', '역삼', '잠실', '판교', '여의도', '양재', '정자', '왕십리', '서현', 'GTX성남(2023년)', 'GTX용인(2023년)', 'GTX동탄(2023년)']",
            "3km이내백화점수":0,
            "5km이내아울렛몰수":1,
            "1km이내대형먀트수":0,
            "500m이내은행수":1,
            "500m이내병원수":58,
            "5km이내대형병원수":4,
            "500m이내공원수":0,
            "3km이내혐오시설수":0,
            "초등학교학업성취도":89.96,
            "중학교학업성취도":94.4,
            "용적률":199,
            "건폐율":36,
            "Y":37.471557,
            "X":127.141428,
            "rank":58.0,
            "area_info":"37평(123.43), 37평(124.23), 37평(125.35), 44평(146.29)",
            "last_sales":"2020-12-16,130000.0,37평(125.35)",
            "rank_history":[
                [
                    "202203",
                    58
                ],
                [
                    "202202",
                    38
                ],
                [
                    "202201",
                    35
                ]
            ],
            "rank_gap":-20
        },
        {
            "index":350,
            "아파트명":"태평",
            "투자타입":"재건축",
            "전용면적(m2)":"61.44",
            "전용면적(평)":"18평",
            "법정동주소":"경기도 성남시 수정구 태평동 7330",
            "도로명주소":"경기도 성남시 수정구 시민로 192",
            "세대수":0,
            "입주년차":"--",
            "용적률점수":0,
            "건폐율점수":0,
            "세대당주차수":"--",
            "난방방식":"--",
            "공급면적":50,
            "전용률":80,
            "욕실수":"--",
            "현관타입":"--",
            "주거총점":6.5,
            "지역구공급총점":0.0,
            "역세권":50,
            "30분내 이동가능 거점":0,
            "1시간내 이동가능 거점":100,
            "교통총점":45.0,
            "백화점":0,
            "아울렛몰":80,
            "대형마트":80,
            "은행":0,
            "병원":80,
            "종합병원":100,
            "공원":0,
            "혐오시설":0,
            "인프라총점":48.0,
            "초등학군":89.99,
            "중학군":44.76,
            "학군총점":53.806,
            "인구수":26.43,
            "인구증감":-16.21,
            "인구총점":13.638,
            "일자리":17.04,
            "소득수준":77.56,
            "일자리총점":35.196,
            "가치 총점":39.5209,
            "매매실거래년":20211026.0,
            "매매실거래가":46000.0,
            "전세실거래년":20210814.0,
            "전세실거래가":11000.0,
            "전세가율":23.91,
            "장기전세가율평균":61.28,
            "전세가율거품지수":37.37,
            "검색코드":1523,
            "세대수":80.0,
            "준공년월":"1983-12-31",
            "준공년차":40.0,
            "가까운역이름":"수진",
            "가까운역거리":901.99,
            "역세권여부":"준역세권",
            "30분이내주요거점역":0,
            "30분거점역이름":"[]",
            "1시간이내주요거점역":11,
            "1시간거점역이름":"['강남', '역삼', '잠실', '판교', '양재', '정자', '왕십리', '서현', 'GTX성남(2023년)', 'GTX용인(2023년)', 'GTX동탄(2023년)']",
            "3km이내백화점수":0,
            "5km이내아울렛몰수":1,
            "1km이내대형먀트수":1,
            "500m이내은행수":1,
            "500m이내병원수":55,
            "5km이내대형병원수":4,
            "500m이내공원수":0,
            "3km이내혐오시설수":0,
            "초등학교학업성취도":89.99,
            "중학교학업성취도":73.8,
            "용적률":0,
            "건폐율":0,
            "Y":37.4454,
            "X":127.14205,
            "rank":59.0,
            "area_info":"18평(61.44), 21평(71.46), 25평(84.5)",
            "last_sales":"2021-10-26,46000.0,18평(61.44)",
            "rank_history":[
                [
                    "202203",
                    59
                ],
                [
                    "202202",
                    9999
                ]
            ],
            "rank_gap":9999
        },
        {
            "index":11,
            "아파트명":"선경논골",
            "투자타입":"재건축",
            "전용면적(m2)":"47.46",
            "전용면적(평)":"14평",
            "법정동주소":"경기도 성남시 수정구 단대동 6",
            "도로명주소":"경기도 성남시 수정구 논골로 87",
            "세대수":50,
            "입주년차":"--",
            "용적률점수":0,
            "건폐율점수":80,
            "세대당주차수":"--",
            "난방방식":"--",
            "공급면적":50,
            "전용률":60,
            "욕실수":"--",
            "현관타입":"--",
            "주거총점":36.5,
            "지역구공급총점":0.0,
            "역세권":50,
            "30분내 이동가능 거점":0,
            "1시간내 이동가능 거점":90,
            "교통총점":43.0,
            "백화점":0,
            "아울렛몰":80,
            "대형마트":0,
            "은행":0,
            "병원":0,
            "종합병원":100,
            "공원":80,
            "혐오시설":0,
            "인프라총점":30.4,
            "초등학군":90.0,
            "중학군":41.22,
            "학군총점":50.976,
            "인구수":26.43,
            "인구증감":-16.21,
            "인구총점":13.638,
            "일자리":17.04,
            "소득수준":77.56,
            "일자리총점":35.196,
            "가치 총점":39.1164,
            "매매실거래년":20220124.0,
            "매매실거래가":34000.0,
            "전세실거래년":20220213.0,
            "전세실거래가":14000.0,
            "전세가율":41.18,
            "장기전세가율평균":61.28,
            "전세가율거품지수":20.1,
            "검색코드":2658,
            "세대수":426.0,
            "준공년월":"1991-12-14",
            "준공년차":32.0,
            "가까운역이름":"산성",
            "가까운역거리":864.61,
            "역세권여부":"준역세권",
            "30분이내주요거점역":0,
            "30분거점역이름":"[]",
            "1시간이내주요거점역":9,
            "1시간거점역이름":"['강남', '역삼', '잠실', '정자', '왕십리', '서현', 'GTX성남(2023년)', 'GTX용인(2023년)', 'GTX동탄(2023년)']",
            "3km이내백화점수":0,
            "5km이내아울렛몰수":1,
            "1km이내대형먀트수":0,
            "500m이내은행수":1,
            "500m이내병원수":0,
            "5km이내대형병원수":4,
            "500m이내공원수":1,
            "3km이내혐오시설수":0,
            "초등학교학업성취도":90.0,
            "중학교학업성취도":68.7,
            "용적률":230,
            "건폐율":21,
            "Y":37.461824,
            "X":127.157504,
            "rank":60.0,
            "area_info":"14평(47.46), 19평(63.09)",
            "last_sales":"2022-01-24,34000.0,14평(47.46)",
            "rank_history":[
                [
                    "202203",
                    60
                ],
                [
                    "202202",
                    43
                ],
                [
                    "202201",
                    42
                ]
            ],
            "rank_gap":-17
        },
        {
            "index":144,
            "아파트명":"통보",
            "투자타입":"재건축",
            "전용면적(m2)":"61.46",
            "전용면적(평)":"18평",
            "법정동주소":"경기도 성남시 수정구 양지동 743-1",
            "도로명주소":"경기도 성남시 수정구 논골로 34",
            "세대수":0,
            "입주년차":"--",
            "용적률점수":0,
            "건폐율점수":0,
            "세대당주차수":"--",
            "난방방식":"--",
            "공급면적":50,
            "전용률":80,
            "욕실수":"--",
            "현관타입":"--",
            "주거총점":6.5,
            "지역구공급총점":0.0,
            "역세권":50,
            "30분내 이동가능 거점":0,
            "1시간내 이동가능 거점":90,
            "교통총점":43.0,
            "백화점":0,
            "아울렛몰":80,
            "대형마트":0,
            "은행":70,
            "병원":80,
            "종합병원":100,
            "공원":100,
            "혐오시설":0,
            "인프라총점":46.0,
            "초등학군":90.0,
            "중학군":50.22,
            "학군총점":58.176,
            "인구수":26.43,
            "인구증감":-16.21,
            "인구총점":13.638,
            "일자리":17.04,
            "소득수준":77.56,
            "일자리총점":35.196,
            "가치 총점":38.8764,
            "매매실거래년":20210807.0,
            "매매실거래가":26000.0,
            "전세실거래년":20200620.0,
            "전세실거래가":15000.0,
            "전세가율":57.69,
            "장기전세가율평균":61.28,
            "전세가율거품지수":3.59,
            "검색코드":1740,
            "세대수":78.0,
            "준공년월":"1983-12-26",
            "준공년차":40.0,
            "가까운역이름":"남한산성입구",
            "가까운역거리":599.37,
            "역세권여부":"준역세권",
            "30분이내주요거점역":0,
            "30분거점역이름":"[]",
            "1시간이내주요거점역":9,
            "1시간거점역이름":"['강남', '역삼', '잠실', '양재', '정자', '왕십리', '서현', 'GTX성남(2023년)', 'GTX용인(2023년)']",
            "3km이내백화점수":0,
            "5km이내아울렛몰수":1,
            "1km이내대형먀트수":0,
            "500m이내은행수":3,
            "500m이내병원수":48,
            "5km이내대형병원수":3,
            "500m이내공원수":5,
            "3km이내혐오시설수":0,
            "초등학교학업성취도":90.0,
            "중학교학업성취도":83.7,
            "용적률":0,
            "건폐율":0,
            "Y":37.457058,
            "X":127.16001,
            "rank":61.0,
            "area_info":"18평(61.46), 18평(61.47), 20평(66.36), 23평(76.86), 25평(82.92)",
            "last_sales":"2021-08-07,26000.0,18평(61.46)",
            "rank_history":[
                [
                    "202203",
                    61
                ],
                [
                    "202202",
                    9999
                ]
            ],
            "rank_gap":9999
        },
        {
            "index":316,
            "아파트명":"신동아파밀리에",
            "투자타입":"일반",
            "전용면적(m2)":"74.02",
            "전용면적(평)":"22평",
            "법정동주소":"경기도 성남시 수정구 태평동 7341",
            "도로명주소":"경기도 성남시 수정구 시민로 209",
            "세대수":0,
            "입주년차":40,
            "용적률점수":"--",
            "건폐율점수":"--",
            "세대당주차수":30,
            "난방방식":30,
            "공급면적":"--",
            "전용률":"--",
            "욕실수":50,
            "현관타입":100,
            "주거총점":30.5,
            "지역구공급총점":0.0,
            "역세권":0,
            "30분내 이동가능 거점":20,
            "1시간내 이동가능 거점":100,
            "교통총점":26.0,
            "백화점":0,
            "아울렛몰":80,
            "대형마트":80,
            "은행":20,
            "병원":80,
            "종합병원":100,
            "공원":0,
            "혐오시설":0,
            "인프라총점":50.0,
            "초등학군":89.99,
            "중학군":44.76,
            "학군총점":53.806,
            "인구수":26.43,
            "인구증감":-16.21,
            "인구총점":13.638,
            "일자리":17.04,
            "소득수준":77.56,
            "일자리총점":35.196,
            "가치 총점":38.2709,
            "매매실거래년":20210629.0,
            "매매실거래가":59700.0,
            "전세실거래년":20130827.0,
            "전세실거래가":13000.0,
            "전세가율":43.33,
            "장기전세가율평균":61.28,
            "전세가율거품지수":17.95,
            "검색코드":14383,
            "세대수":168.0,
            "준공년월":"2005-07-29",
            "준공년차":18.0,
            "가까운역이름":"수진",
            "가까운역거리":1024.5,
            "역세권여부":"비역세권",
            "30분이내주요거점역":1,
            "30분거점역이름":"['서현']",
            "1시간이내주요거점역":11,
            "1시간거점역이름":"['강남', '역삼', '잠실', '판교', '양재', '정자', '왕십리', '서현', 'GTX성남(2023년)', 'GTX용인(2023년)', 'GTX동탄(2023년)']",
            "3km이내백화점수":0,
            "5km이내아울렛몰수":1,
            "1km이내대형먀트수":1,
            "500m이내은행수":2,
            "500m이내병원수":51,
            "5km이내대형병원수":4,
            "500m이내공원수":0,
            "3km이내혐오시설수":0,
            "초등학교학업성취도":89.99,
            "중학교학업성취도":73.8,
            "용적률":259,
            "건폐율":33,
            "Y":37.446585,
            "X":127.140971,
            "rank":62.0,
            "area_info":"22평(74.02), 30평(100.08), 30평(100.35), 31평(103.88), 31평(103.03), 36평(119.95)",
            "last_sales":"2021-06-29,59700.0,36평(119.95)",
            "rank_history":[
                [
                    "202203",
                    62
                ],
                [
                    "202202",
                    25
                ],
                [
                    "202201",
                    24
                ]
            ],
            "rank_gap":-37
        },
        {
            "index":149,
            "아파트명":"e편한세상테라스위례(민간임대)",
            "투자타입":"일반",
            "전용면적(m2)":"108.3",
            "전용면적(평)":"32평",
            "법정동주소":"경기도 성남시 수정구 창곡동 575",
            "도로명주소":"경기도 성남시 수정구 위례동이로 24",
            "세대수":30,
            "입주년차":80,
            "용적률점수":"--",
            "건폐율점수":"--",
            "세대당주차수":60,
            "난방방식":100,
            "공급면적":"--",
            "전용률":"--",
            "욕실수":100,
            "현관타입":100,
            "주거총점":65.5,
            "지역구공급총점":0.0,
            "역세권":0,
            "30분내 이동가능 거점":0,
            "1시간내 이동가능 거점":80,
            "교통총점":16.0,
            "백화점":0,
            "아울렛몰":80,
            "대형마트":0,
            "은행":0,
            "병원":0,
            "종합병원":100,
            "공원":80,
            "혐오시설":0,
            "인프라총점":30.4,
            "초등학군":89.98,
            "중학군":57.48,
            "학군총점":63.98,
            "인구수":26.43,
            "인구증감":-16.21,
            "인구총점":13.638,
            "일자리":17.04,
            "소득수준":77.56,
            "일자리총점":35.196,
            "가치 총점":37.417,
            "매매실거래년":"18000101",
            "매매실거래가":null,
            "전세실거래년":null,
            "전세실거래가":null,
            "전세가율":null,
            "장기전세가율평균":61.28,
            "전세가율거품지수":null,
            "검색코드":118961,
            "세대수":360.0,
            "준공년월":"2017-11-28",
            "준공년차":6.0,
            "가까운역이름":"산성",
            "가까운역거리":1090.33,
            "역세권여부":"비역세권",
            "30분이내주요거점역":0,
            "30분거점역이름":"[]",
            "1시간이내주요거점역":8,
            "1시간거점역이름":"['강남', '역삼', '잠실', '판교', '정자', '왕십리', '서현', 'GTX동탄(2023년)']",
            "3km이내백화점수":0,
            "5km이내아울렛몰수":1,
            "1km이내대형먀트수":0,
            "500m이내은행수":0,
            "500m이내병원수":0,
            "5km이내대형병원수":4,
            "500m이내공원수":1,
            "3km이내혐오시설수":0,
            "초등학교학업성취도":89.98,
            "중학교학업성취도":94.4,
            "용적률":94,
            "건폐율":37,
            "Y":37.466516,
            "X":127.152239,
            "rank":63.0,
            "area_info":"32평(108.3), 32평(108.11), 32평(108.3), 32평(108.3), 32평(108.19), 32평(108.11), 32평(108.19), 32평(108.88), 32평(108.35), 32평(108.19), 32평(108.19), 32평(108.88), 32평(108.3), 32평(108.36), 32평(108.3), 32평(108.19), 33평(109.92), 33평(110.18), 33평(110.02), 33평(110.02), 33평(110.18)",
            "last_sales":"1800-01-01,nan,32평(108.3)",
            "rank_history":[
                [
                    "202203",
                    63
                ],
                [
                    "202202",
                    44
                ],
                [
                    "202201",
                    43
                ]
            ],
            "rank_gap":-19
        },
        {
            "index":139,
            "아파트명":"주원파크빌",
            "투자타입":"일반",
            "전용면적(m2)":"78.47",
            "전용면적(평)":"23평",
            "법정동주소":"경기도 성남시 수정구 양지동 93",
            "도로명주소":"경기도 성남시 수정구 수정로 566",
            "세대수":0,
            "입주년차":40,
            "용적률점수":"--",
            "건폐율점수":"--",
            "세대당주차수":0,
            "난방방식":30,
            "공급면적":"--",
            "전용률":"--",
            "욕실수":100,
            "현관타입":100,
            "주거총점":31.0,
            "지역구공급총점":0.0,
            "역세권":0,
            "30분내 이동가능 거점":0,
            "1시간내 이동가능 거점":100,
            "교통총점":20.0,
            "백화점":0,
            "아울렛몰":80,
            "대형마트":0,
            "은행":0,
            "병원":30,
            "종합병원":100,
            "공원":80,
            "혐오시설":0,
            "인프라총점":33.4,
            "초등학군":89.97,
            "중학군":45.36,
            "학군총점":54.282,
            "인구수":26.43,
            "인구증감":-16.21,
            "인구총점":13.638,
            "일자리":17.04,
            "소득수준":77.56,
            "일자리총점":35.196,
            "가치 총점":31.3623,
            "매매실거래년":20201125.0,
            "매매실거래가":60000.0,
            "전세실거래년":null,
            "전세실거래가":null,
            "전세가율":null,
            "장기전세가율평균":61.28,
            "전세가율거품지수":null,
            "검색코드":13884,
            "세대수":150.0,
            "준공년월":"2004-07-26",
            "준공년차":19.0,
            "가까운역이름":"남한산성입구",
            "가까운역거리":1442.51,
            "역세권여부":"비역세권",
            "30분이내주요거점역":0,
            "30분거점역이름":"[]",
            "1시간이내주요거점역":10,
            "1시간거점역이름":"['강남', '역삼', '잠실', '판교', '양재', '정자', '왕십리', '서현', 'GTX성남(2023년)', 'GTX용인(2023년)']",
            "3km이내백화점수":0,
            "5km이내아울렛몰수":1,
            "1km이내대형먀트수":0,
            "500m이내은행수":0,
            "500m이내병원수":7,
            "5km이내대형병원수":3,
            "500m이내공원수":1,
            "3km이내혐오시설수":0,
            "초등학교학업성취도":89.97,
            "중학교학업성취도":75.6,
            "용적률":306,
            "건폐율":57,
            "Y":37.4633,
            "X":127.16712,
            "rank":64.0,
            "area_info":"23평(78.47), 31평(103.75), 31평(105.67), 32평(108.67), 32평(108.77)",
            "last_sales":"2020-11-25,60000.0,31평(105.67)",
            "rank_history":[
                [
                    "202203",
                    64
                ],
                [
                    "202202",
                    45
                ],
                [
                    "202201",
                    44
                ]
            ],
            "rank_gap":-19
        }
    ]
}