{
    "schema":{
        "fields":[
            {
                "name":"index",
                "type":"integer"
            },
            {
                "name":"아파트명",
                "type":"string"
            },
            {
                "name":"투자타입",
                "type":"string"
            },
            {
                "name":"전용면적(m2)",
                "type":"string"
            },
            {
                "name":"전용면적(평)",
                "type":"string"
            },
            {
                "name":"법정동주소",
                "type":"string"
            },
            {
                "name":"도로명주소",
                "type":"string"
            },
            {
                "name":"세대수",
                "type":"integer"
            },
            {
                "name":"입주년차",
                "type":"string"
            },
            {
                "name":"용적률점수",
                "type":"string"
            },
            {
                "name":"건폐율점수",
                "type":"string"
            },
            {
                "name":"세대당주차수",
                "type":"string"
            },
            {
                "name":"난방방식",
                "type":"string"
            },
            {
                "name":"공급면적",
                "type":"string"
            },
            {
                "name":"전용률",
                "type":"string"
            },
            {
                "name":"욕실수",
                "type":"string"
            },
            {
                "name":"현관타입",
                "type":"string"
            },
            {
                "name":"주거총점",
                "type":"number"
            },
            {
                "name":"지역구공급총점",
                "type":"number"
            },
            {
                "name":"역세권",
                "type":"integer"
            },
            {
                "name":"30분내 이동가능 거점",
                "type":"integer"
            },
            {
                "name":"1시간내 이동가능 거점",
                "type":"integer"
            },
            {
                "name":"교통총점",
                "type":"number"
            },
            {
                "name":"백화점",
                "type":"integer"
            },
            {
                "name":"아울렛몰",
                "type":"integer"
            },
            {
                "name":"대형마트",
                "type":"integer"
            },
            {
                "name":"은행",
                "type":"integer"
            },
            {
                "name":"병원",
                "type":"integer"
            },
            {
                "name":"종합병원",
                "type":"integer"
            },
            {
                "name":"공원",
                "type":"integer"
            },
            {
                "name":"혐오시설",
                "type":"integer"
            },
            {
                "name":"인프라총점",
                "type":"number"
            },
            {
                "name":"초등학군",
                "type":"number"
            },
            {
                "name":"중학군",
                "type":"number"
            },
            {
                "name":"학군총점",
                "type":"number"
            },
            {
                "name":"인구수",
                "type":"number"
            },
            {
                "name":"인구증감",
                "type":"number"
            },
            {
                "name":"인구총점",
                "type":"number"
            },
            {
                "name":"일자리",
                "type":"number"
            },
            {
                "name":"소득수준",
                "type":"number"
            },
            {
                "name":"일자리총점",
                "type":"number"
            },
            {
                "name":"가치 총점",
                "type":"number"
            },
            {
                "name":"매매실거래년",
                "type":"string"
            },
            {
                "name":"매매실거래가",
                "type":"number"
            },
            {
                "name":"전세실거래년",
                "type":"number"
            },
            {
                "name":"전세실거래가",
                "type":"number"
            },
            {
                "name":"전세가율",
                "type":"number"
            },
            {
                "name":"장기전세가율평균",
                "type":"number"
            },
            {
                "name":"전세가율거품지수",
                "type":"number"
            },
            {
                "name":"검색코드",
                "type":"integer"
            },
            {
                "name":"세대수",
                "type":"number"
            },
            {
                "name":"준공년월",
                "type":"string"
            },
            {
                "name":"준공년차",
                "type":"number"
            },
            {
                "name":"가까운역이름",
                "type":"string"
            },
            {
                "name":"가까운역거리",
                "type":"number"
            },
            {
                "name":"역세권여부",
                "type":"string"
            },
            {
                "name":"30분이내주요거점역",
                "type":"integer"
            },
            {
                "name":"30분거점역이름",
                "type":"string"
            },
            {
                "name":"1시간이내주요거점역",
                "type":"integer"
            },
            {
                "name":"1시간거점역이름",
                "type":"string"
            },
            {
                "name":"3km이내백화점수",
                "type":"integer"
            },
            {
                "name":"5km이내아울렛몰수",
                "type":"integer"
            },
            {
                "name":"1km이내대형먀트수",
                "type":"integer"
            },
            {
                "name":"500m이내은행수",
                "type":"integer"
            },
            {
                "name":"500m이내병원수",
                "type":"integer"
            },
            {
                "name":"5km이내대형병원수",
                "type":"integer"
            },
            {
                "name":"500m이내공원수",
                "type":"integer"
            },
            {
                "name":"3km이내혐오시설수",
                "type":"integer"
            },
            {
                "name":"초등학교학업성취도",
                "type":"number"
            },
            {
                "name":"중학교학업성취도",
                "type":"number"
            },
            {
                "name":"용적률",
                "type":"integer"
            },
            {
                "name":"건폐율",
                "type":"integer"
            },
            {
                "name":"Y",
                "type":"number"
            },
            {
                "name":"X",
                "type":"number"
            },
            {
                "name":"rank",
                "type":"number"
            },
            {
                "name":"area_info",
                "type":"string"
            },
            {
                "name":"last_sales",
                "type":"string"
            },
            {
                "name":"rank_history",
                "type":"string"
            },
            {
                "name":"rank_gap",
                "type":"integer"
            }
        ],
        "primaryKey":[
            "index"
        ],
        "pandas_version":"1.4.0"
    },
    "data":[
        {
            "index":525,
            "아파트명":"주공뜨란채",
            "투자타입":"일반",
            "전용면적(m2)":"69.2",
            "전용면적(평)":"20평",
            "법정동주소":"경기도 안양시 만안구 안양동 1380",
            "도로명주소":"경기도 안양시 만안구 안양천서로 289",
            "세대수":90,
            "입주년차":40,
            "용적률점수":"--",
            "건폐율점수":"--",
            "세대당주차수":30,
            "난방방식":100,
            "공급면적":"--",
            "전용률":"--",
            "욕실수":50,
            "현관타입":100,
            "주거총점":69.0,
            "지역구공급총점":100.0,
            "역세권":80,
            "30분내 이동가능 거점":60,
            "1시간내 이동가능 거점":100,
            "교통총점":78.0,
            "백화점":100,
            "아울렛몰":100,
            "대형마트":100,
            "은행":100,
            "병원":80,
            "종합병원":100,
            "공원":80,
            "혐오시설":0,
            "인프라총점":95.4,
            "초등학군":90.0,
            "중학군":48.64,
            "학군총점":56.912,
            "인구수":26.5,
            "인구증감":-3.08,
            "인구총점":17.626,
            "일자리":13.65,
            "소득수준":63.58,
            "일자리총점":28.629,
            "가치 총점":78.2568,
            "매매실거래년":20211012.0,
            "매매실거래가":77800.0,
            "전세실거래년":20220214.0,
            "전세실거래가":33600.0,
            "전세가율":56.0,
            "장기전세가율평균":70.65,
            "전세가율거품지수":14.65,
            "검색코드":9223,
            "세대수":1093.0,
            "준공년월":"2004-11-15",
            "준공년차":19.0,
            "가까운역이름":"안양",
            "가까운역거리":349.6,
            "역세권여부":"역세권",
            "30분이내주요거점역":3,
            "30분거점역이름":"['평촌', '가산디지털단지', '수원']",
            "1시간이내주요거점역":10,
            "1시간거점역이름":"['여의도', '수원시청', '평촌', '가산디지털단지', '홍대입구', '수원', '구로디지털단지', '명동', '안산', '마곡']",
            "3km이내백화점수":1,
            "5km이내아울렛몰수":2,
            "1km이내대형먀트수":4,
            "500m이내은행수":5,
            "500m이내병원수":47,
            "5km이내대형병원수":5,
            "500m이내공원수":1,
            "3km이내혐오시설수":0,
            "초등학교학업성취도":90.0,
            "중학교학업성취도":79.6,
            "용적률":278,
            "건폐율":17,
            "Y":37.400354,
            "X":126.926316,
            "rank":1.0,
            "area_info":"20평(69.2), 24평(79.6), 24평(80.76), 33평(110.23), 42평(139.91)",
            "last_sales":"2021-10-12,77800.0,24평(80.76)",
            "rank_history":[
                [
                    "202203",
                    1
                ],
                [
                    "202202",
                    1
                ],
                [
                    "202201",
                    1
                ]
            ],
            "rank_gap":0
        },
        {
            "index":311,
            "아파트명":"삼성래미안",
            "투자타입":"일반",
            "전용면적(m2)":"80.18",
            "전용면적(평)":"24평",
            "법정동주소":"경기도 안양시 만안구 안양동 90-1",
            "도로명주소":"경기도 안양시 만안구 안양천서로 311",
            "세대수":100,
            "입주년차":20,
            "용적률점수":"--",
            "건폐율점수":"--",
            "세대당주차수":30,
            "난방방식":30,
            "공급면적":"--",
            "전용률":"--",
            "욕실수":50,
            "현관타입":100,
            "주거총점":61.5,
            "지역구공급총점":100.0,
            "역세권":80,
            "30분내 이동가능 거점":60,
            "1시간내 이동가능 거점":100,
            "교통총점":78.0,
            "백화점":100,
            "아울렛몰":100,
            "대형마트":100,
            "은행":70,
            "병원":80,
            "종합병원":100,
            "공원":0,
            "혐오시설":0,
            "인프라총점":90.0,
            "초등학군":90.0,
            "중학군":48.64,
            "학군총점":56.912,
            "인구수":26.5,
            "인구증감":-3.08,
            "인구총점":17.626,
            "일자리":13.65,
            "소득수준":63.58,
            "일자리총점":28.629,
            "가치 총점":75.1368,
            "매매실거래년":20220122.0,
            "매매실거래가":74100.0,
            "전세실거래년":20220125.0,
            "전세실거래가":43000.0,
            "전세가율":60.56,
            "장기전세가율평균":70.65,
            "전세가율거품지수":10.09,
            "검색코드":3092,
            "세대수":1998.0,
            "준공년월":"2002-01-25",
            "준공년차":21.0,
            "가까운역이름":"안양",
            "가까운역거리":188.15,
            "역세권여부":"역세권",
            "30분이내주요거점역":3,
            "30분거점역이름":"['평촌', '가산디지털단지', '수원']",
            "1시간이내주요거점역":14,
            "1시간거점역이름":"['강남', '역삼', '여의도', '을지로3가', '수원시청', '평촌', '가산디지털단지', '왕십리', '홍대입구', '수원', '구로디지털단지', '명동', '안산', 'GTX킨텍스(2023년)']",
            "3km이내백화점수":1,
            "5km이내아울렛몰수":2,
            "1km이내대형먀트수":3,
            "500m이내은행수":3,
            "500m이내병원수":51,
            "5km이내대형병원수":4,
            "500m이내공원수":0,
            "3km이내혐오시설수":0,
            "초등학교학업성취도":90.0,
            "중학교학업성취도":79.6,
            "용적률":337,
            "건폐율":18,
            "Y":37.402151,
            "X":126.924777,
            "rank":2.0,
            "area_info":"24평(80.18), 24평(80.01), 32평(107.46), 32평(107.47)",
            "last_sales":"2022-01-22,74100.0,32평(107.47)",
            "rank_history":[
                [
                    "202203",
                    2
                ],
                [
                    "202202",
                    2
                ],
                [
                    "202201",
                    2
                ]
            ],
            "rank_gap":0
        },
        {
            "index":408,
            "아파트명":"안양명학역유보라더스마트",
            "투자타입":"일반",
            "전용면적(m2)":"81.66",
            "전용면적(평)":"24평",
            "법정동주소":"경기도 안양시 만안구 안양동 1410",
            "도로명주소":"경기도 안양시 만안구 안양로 96",
            "세대수":0,
            "입주년차":100,
            "용적률점수":"--",
            "건폐율점수":"--",
            "세대당주차수":30,
            "난방방식":30,
            "공급면적":"--",
            "전용률":"--",
            "욕실수":100,
            "현관타입":100,
            "주거총점":47.5,
            "지역구공급총점":100.0,
            "역세권":100,
            "30분내 이동가능 거점":60,
            "1시간내 이동가능 거점":100,
            "교통총점":88.0,
            "백화점":100,
            "아울렛몰":80,
            "대형마트":0,
            "은행":70,
            "병원":60,
            "종합병원":100,
            "공원":100,
            "혐오시설":0,
            "인프라총점":74.0,
            "초등학군":89.98,
            "중학군":35.7,
            "학군총점":46.556,
            "인구수":26.5,
            "인구증감":-3.08,
            "인구총점":17.626,
            "일자리":13.65,
            "소득수준":63.58,
            "일자리총점":28.629,
            "가치 총점":69.4834,
            "매매실거래년":20210501.0,
            "매매실거래가":58000.0,
            "전세실거래년":20220107.0,
            "전세실거래가":35000.0,
            "전세가율":70.0,
            "장기전세가율평균":70.65,
            "전세가율거품지수":0.65,
            "검색코드":117181,
            "세대수":200.0,
            "준공년월":"2020-01-21",
            "준공년차":3.0,
            "가까운역이름":"명학",
            "가까운역거리":95.55,
            "역세권여부":"초역세권",
            "30분이내주요거점역":3,
            "30분거점역이름":"['평촌', '가산디지털단지', '수원']",
            "1시간이내주요거점역":13,
            "1시간거점역이름":"['강남', '역삼', '여의도', '양재', '수원시청', '평촌', '가산디지털단지', '홍대입구', '수원', '구로디지털단지', '명동', '안산', '마곡']",
            "3km이내백화점수":1,
            "5km이내아울렛몰수":1,
            "1km이내대형먀트수":0,
            "500m이내은행수":4,
            "500m이내병원수":16,
            "5km이내대형병원수":5,
            "500m이내공원수":4,
            "3km이내혐오시설수":0,
            "초등학교학업성취도":89.98,
            "중학교학업성취도":58.7,
            "용적률":499,
            "건폐율":51,
            "Y":37.383935,
            "X":126.934737,
            "rank":3.0,
            "area_info":"24평(81.66), 24평(81.31), 25평(83.57)",
            "last_sales":"2021-05-01,58000.0,25평(83.57)",
            "rank_history":[
                [
                    "202203",
                    3
                ],
                [
                    "202202",
                    9
                ],
                [
                    "202201",
                    8
                ]
            ],
            "rank_gap":6
        },
        {
            "index":558,
            "아파트명":"헤븐리치더퍼스트294(도시형)",
            "투자타입":"일반",
            "전용면적(m2)":"19.84",
            "전용면적(평)":"6평",
            "법정동주소":"경기도 안양시 만안구 안양동 88-4",
            "도로명주소":"경기도 안양시 만안구 만안로 254",
            "세대수":0,
            "입주년차":80,
            "용적률점수":"--",
            "건폐율점수":"--",
            "세대당주차수":0,
            "난방방식":30,
            "공급면적":"--",
            "전용률":"--",
            "욕실수":50,
            "현관타입":10,
            "주거총점":25.0,
            "지역구공급총점":100.0,
            "역세권":80,
            "30분내 이동가능 거점":60,
            "1시간내 이동가능 거점":100,
            "교통총점":78.0,
            "백화점":100,
            "아울렛몰":80,
            "대형마트":100,
            "은행":100,
            "병원":100,
            "종합병원":100,
            "공원":0,
            "혐오시설":0,
            "인프라총점":93.0,
            "초등학군":90.0,
            "중학군":48.64,
            "학군총점":56.912,
            "인구수":26.5,
            "인구증감":-3.08,
            "인구총점":17.626,
            "일자리":13.65,
            "소득수준":63.58,
            "일자리총점":28.629,
            "가치 총점":68.7368,
            "매매실거래년":20211014.0,
            "매매실거래가":10000.0,
            "전세실거래년":20210319.0,
            "전세실거래가":8900.0,
            "전세가율":89.0,
            "장기전세가율평균":70.65,
            "전세가율거품지수":-18.35,
            "검색코드":120627,
            "세대수":137.0,
            "준공년월":"2018-03-07",
            "준공년차":5.0,
            "가까운역이름":"안양",
            "가까운역거리":188.7,
            "역세권여부":"역세권",
            "30분이내주요거점역":3,
            "30분거점역이름":"['평촌', '가산디지털단지', '수원']",
            "1시간이내주요거점역":14,
            "1시간거점역이름":"['강남', '역삼', '여의도', '을지로3가', '수원시청', '평촌', '가산디지털단지', '홍대입구', '수원', '구로디지털단지', '명동', '안산', '마곡', 'GTX킨텍스(2023년)']",
            "3km이내백화점수":1,
            "5km이내아울렛몰수":1,
            "1km이내대형먀트수":2,
            "500m이내은행수":6,
            "500m이내병원수":80,
            "5km이내대형병원수":4,
            "500m이내공원수":0,
            "3km이내혐오시설수":0,
            "초등학교학업성취도":90.0,
            "중학교학업성취도":79.6,
            "용적률":413,
            "건폐율":60,
            "Y":37.402812,
            "X":126.921134,
            "rank":4.0,
            "area_info":"6평(19.84), 5평(19.58)",
            "last_sales":"2021-10-14,10000.0,6평(19.84)",
            "rank_history":[
                [
                    "202203",
                    4
                ],
                [
                    "202202",
                    3
                ],
                [
                    "202201",
                    3
                ]
            ],
            "rank_gap":-1
        },
        {
            "index":92,
            "아파트명":"경일",
            "투자타입":"재건축",
            "전용면적(m2)":"64.69",
            "전용면적(평)":"19평",
            "법정동주소":"경기도 안양시 만안구 석수동 322-3",
            "도로명주소":"경기도 안양시 만안구 안양로468번길 25-8",
            "세대수":0,
            "입주년차":"--",
            "용적률점수":80,
            "건폐율점수":60,
            "세대당주차수":"--",
            "난방방식":"--",
            "공급면적":50,
            "전용률":60,
            "욕실수":"--",
            "현관타입":"--",
            "주거총점":49.5,
            "지역구공급총점":100.0,
            "역세권":80,
            "30분내 이동가능 거점":40,
            "1시간내 이동가능 거점":100,
            "교통총점":72.0,
            "백화점":100,
            "아울렛몰":80,
            "대형마트":80,
            "은행":0,
            "병원":60,
            "종합병원":100,
            "공원":100,
            "혐오시설":0,
            "인프라총점":79.0,
            "초등학군":89.97,
            "중학군":48.64,
            "학군총점":56.906,
            "인구수":26.5,
            "인구증감":-3.08,
            "인구총점":17.626,
            "일자리":13.65,
            "소득수준":63.58,
            "일자리총점":28.629,
            "가치 총점":67.3359,
            "매매실거래년":20210531.0,
            "매매실거래가":29000.0,
            "전세실거래년":20211015.0,
            "전세실거래가":15000.0,
            "전세가율":51.72,
            "장기전세가율평균":70.65,
            "전세가율거품지수":18.93,
            "검색코드":10108,
            "세대수":110.0,
            "준공년월":"1986-07-22",
            "준공년차":37.0,
            "가까운역이름":"만안 (2026년 예정)",
            "가까운역거리":295.46,
            "역세권여부":"역세권",
            "30분이내주요거점역":2,
            "30분거점역이름":"['가산디지털단지', '구로디지털단지']",
            "1시간이내주요거점역":10,
            "1시간거점역이름":"['강남', '역삼', '여의도', '수원시청', '평촌', '가산디지털단지', '홍대입구', '수원', '구로디지털단지', '안산']",
            "3km이내백화점수":1,
            "5km이내아울렛몰수":1,
            "1km이내대형먀트수":1,
            "500m이내은행수":1,
            "500m이내병원수":21,
            "5km이내대형병원수":4,
            "500m이내공원수":2,
            "3km이내혐오시설수":0,
            "초등학교학업성취도":89.97,
            "중학교학업성취도":79.6,
            "용적률":159,
            "건폐율":33,
            "Y":37.4126,
            "X":126.912575,
            "rank":5.0,
            "area_info":"19평(64.69), 21평(71.02)",
            "last_sales":"2021-05-31,29000.0,19평(64.69)",
            "rank_history":[
                [
                    "202203",
                    5
                ],
                [
                    "202202",
                    25
                ],
                [
                    "202201",
                    42
                ]
            ],
            "rank_gap":20
        },
        {
            "index":145,
            "아파트명":"석수두산위브",
            "투자타입":"일반",
            "전용면적(m2)":"80.9",
            "전용면적(평)":"24평",
            "법정동주소":"경기도 안양시 만안구 석수동 417-3",
            "도로명주소":"경기도 안양시 만안구 연현로79번길 20",
            "세대수":80,
            "입주년차":60,
            "용적률점수":"--",
            "건폐율점수":"--",
            "세대당주차수":60,
            "난방방식":30,
            "공급면적":"--",
            "전용률":"--",
            "욕실수":100,
            "현관타입":100,
            "주거총점":72.0,
            "지역구공급총점":100.0,
            "역세권":80,
            "30분내 이동가능 거점":40,
            "1시간내 이동가능 거점":100,
            "교통총점":72.0,
            "백화점":100,
            "아울렛몰":80,
            "대형마트":0,
            "은행":0,
            "병원":30,
            "종합병원":100,
            "공원":100,
            "혐오시설":-50,
            "인프라총점":63.0,
            "초등학군":90.0,
            "중학군":50.94,
            "학군총점":58.752,
            "인구수":26.5,
            "인구증감":-3.08,
            "인구총점":17.626,
            "일자리":13.65,
            "소득수준":63.58,
            "일자리총점":28.629,
            "가치 총점":67.3128,
            "매매실거래년":20210922.0,
            "매매실거래가":129000.0,
            "전세실거래년":20220119.0,
            "전세실거래가":46000.0,
            "전세가율":56.44,
            "장기전세가율평균":70.65,
            "전세가율거품지수":14.21,
            "검색코드":8483,
            "세대수":742.0,
            "준공년월":"2010-09-29",
            "준공년차":13.0,
            "가까운역이름":"석수",
            "가까운역거리":232.84,
            "역세권여부":"역세권",
            "30분이내주요거점역":2,
            "30분거점역이름":"['가산디지털단지', '구로디지털단지']",
            "1시간이내주요거점역":13,
            "1시간거점역이름":"['강남', '역삼', '여의도', '을지로3가', '수원시청', '평촌', '가산디지털단지', '홍대입구', '수원', '구로디지털단지', '명동', '안산', '마곡']",
            "3km이내백화점수":1,
            "5km이내아울렛몰수":1,
            "1km이내대형먀트수":0,
            "500m이내은행수":0,
            "500m이내병원수":6,
            "5km이내대형병원수":2,
            "500m이내공원수":4,
            "3km이내혐오시설수":1,
            "초등학교학업성취도":90.0,
            "중학교학업성취도":82.1,
            "용적률":228,
            "건폐율":21,
            "Y":37.433192,
            "X":126.901215,
            "rank":6.0,
            "area_info":"24평(80.9), 24평(80.2), 24평(81.14), 32평(107.5), 32평(107.17), 47평(157.52), 47평(157.05)",
            "last_sales":"2021-09-22,129000.0,47평(157.52)",
            "rank_history":[
                [
                    "202203",
                    6
                ],
                [
                    "202202",
                    7
                ],
                [
                    "202201",
                    19
                ]
            ],
            "rank_gap":1
        },
        {
            "index":285,
            "아파트명":"명지캐럿162",
            "투자타입":"일반",
            "전용면적(m2)":"87.55",
            "전용면적(평)":"26평",
            "법정동주소":"경기도 안양시 만안구 안양동 534-5",
            "도로명주소":"경기도 안양시 만안구 만안로 17",
            "세대수":0,
            "입주년차":40,
            "용적률점수":"--",
            "건폐율점수":"--",
            "세대당주차수":30,
            "난방방식":30,
            "공급면적":"--",
            "전용률":"--",
            "욕실수":100,
            "현관타입":100,
            "주거총점":35.5,
            "지역구공급총점":100.0,
            "역세권":100,
            "30분내 이동가능 거점":60,
            "1시간내 이동가능 거점":100,
            "교통총점":88.0,
            "백화점":100,
            "아울렛몰":80,
            "대형마트":0,
            "은행":70,
            "병원":60,
            "종합병원":100,
            "공원":100,
            "혐오시설":0,
            "인프라총점":74.0,
            "초등학군":89.98,
            "중학군":35.7,
            "학군총점":46.556,
            "인구수":26.5,
            "인구증감":-3.08,
            "인구총점":17.626,
            "일자리":13.65,
            "소득수준":63.58,
            "일자리총점":28.629,
            "가치 총점":67.0834,
            "매매실거래년":20210828.0,
            "매매실거래가":53000.0,
            "전세실거래년":null,
            "전세실거래가":null,
            "전세가율":null,
            "장기전세가율평균":70.65,
            "전세가율거품지수":null,
            "검색코드":16875,
            "세대수":162.0,
            "준공년월":"2006-07-28",
            "준공년차":17.0,
            "가까운역이름":"명학",
            "가까운역거리":97.08,
            "역세권여부":"초역세권",
            "30분이내주요거점역":3,
            "30분거점역이름":"['평촌', '가산디지털단지', '수원']",
            "1시간이내주요거점역":13,
            "1시간거점역이름":"['강남', '역삼', '여의도', '양재', '수원시청', '평촌', '가산디지털단지', '홍대입구', '수원', '구로디지털단지', '명동', '안산', '마곡']",
            "3km이내백화점수":1,
            "5km이내아울렛몰수":1,
            "1km이내대형먀트수":0,
            "500m이내은행수":4,
            "500m이내병원수":18,
            "5km이내대형병원수":5,
            "500m이내공원수":4,
            "3km이내혐오시설수":0,
            "초등학교학업성취도":89.98,
            "중학교학업성취도":58.7,
            "용적률":727,
            "건폐율":68,
            "Y":37.385004,
            "X":126.934733,
            "rank":7.0,
            "area_info":"26평(87.55), 26평(87.55), 35평(117.47), 35평(118.12)",
            "last_sales":"2021-08-28,53000.0,35평(118.12)",
            "rank_history":[
                [
                    "202203",
                    7
                ],
                [
                    "202202",
                    4
                ],
                [
                    "202201",
                    4
                ]
            ],
            "rank_gap":-3
        },
        {
            "index":306,
            "아파트명":"빌로채",
            "투자타입":"일반",
            "전용면적(m2)":"109.24",
            "전용면적(평)":"33평",
            "법정동주소":"경기도 안양시 만안구 안양동 533-6",
            "도로명주소":"경기도 안양시 만안구 만안로 35",
            "세대수":0,
            "입주년차":60,
            "용적률점수":"--",
            "건폐율점수":"--",
            "세대당주차수":60,
            "난방방식":30,
            "공급면적":"--",
            "전용률":"--",
            "욕실수":100,
            "현관타입":100,
            "주거총점":44.0,
            "지역구공급총점":100.0,
            "역세권":80,
            "30분내 이동가능 거점":60,
            "1시간내 이동가능 거점":100,
            "교통총점":78.0,
            "백화점":100,
            "아울렛몰":80,
            "대형마트":0,
            "은행":100,
            "병원":60,
            "종합병원":100,
            "공원":100,
            "혐오시설":0,
            "인프라총점":77.0,
            "초등학군":90.0,
            "중학군":35.7,
            "학군총점":46.56,
            "인구수":26.5,
            "인구증감":-3.08,
            "인구총점":17.626,
            "일자리":13.65,
            "소득수준":63.58,
            "일자리총점":28.629,
            "가치 총점":66.184,
            "매매실거래년":20210714.0,
            "매매실거래가":50000.0,
            "전세실거래년":20220119.0,
            "전세실거래가":30500.0,
            "전세가율":61.0,
            "장기전세가율평균":70.65,
            "전세가율거품지수":9.65,
            "검색코드":101211,
            "세대수":153.0,
            "준공년월":"2009-11-30",
            "준공년차":14.0,
            "가까운역이름":"명학",
            "가까운역거리":257.02,
            "역세권여부":"역세권",
            "30분이내주요거점역":3,
            "30분거점역이름":"['평촌', '가산디지털단지', '수원']",
            "1시간이내주요거점역":11,
            "1시간거점역이름":"['강남', '여의도', '수원시청', '평촌', '가산디지털단지', '홍대입구', '수원', '구로디지털단지', '명동', '안산', '마곡']",
            "3km이내백화점수":1,
            "5km이내아울렛몰수":1,
            "1km이내대형먀트수":0,
            "500m이내은행수":5,
            "500m이내병원수":19,
            "5km이내대형병원수":5,
            "500m이내공원수":4,
            "3km이내혐오시설수":0,
            "초등학교학업성취도":90.0,
            "중학교학업성취도":58.7,
            "용적률":697,
            "건폐율":76,
            "Y":37.386413,
            "X":126.934036,
            "rank":8.0,
            "area_info":"33평(109.24), 33평(109.21)",
            "last_sales":"2021-07-14,50000.0,33평(109.24)",
            "rank_history":[
                [
                    "202203",
                    8
                ],
                [
                    "202202",
                    8
                ],
                [
                    "202201",
                    7
                ]
            ],
            "rank_gap":0
        },
        {
            "index":94,
            "아파트명":"관악(도시형)",
            "투자타입":"일반",
            "전용면적(m2)":"22.92",
            "전용면적(평)":"6평",
            "법정동주소":"경기도 안양시 만안구 석수동 259-28",
            "도로명주소":"경기도 안양시 만안구 만안로 475",
            "세대수":0,
            "입주년차":80,
            "용적률점수":"--",
            "건폐율점수":"--",
            "세대당주차수":0,
            "난방방식":30,
            "공급면적":"--",
            "전용률":"--",
            "욕실수":50,
            "현관타입":100,
            "주거총점":34.0,
            "지역구공급총점":100.0,
            "역세권":100,
            "30분내 이동가능 거점":60,
            "1시간내 이동가능 거점":100,
            "교통총점":88.0,
            "백화점":100,
            "아울렛몰":80,
            "대형마트":0,
            "은행":0,
            "병원":30,
            "종합병원":100,
            "공원":80,
            "혐오시설":0,
            "인프라총점":63.4,
            "초등학군":89.99,
            "중학군":50.94,
            "학군총점":58.75,
            "인구수":26.5,
            "인구증감":-3.08,
            "인구총점":17.626,
            "일자리":13.65,
            "소득수준":63.58,
            "일자리총점":28.629,
            "가치 총점":65.4325,
            "매매실거래년":"18000101",
            "매매실거래가":null,
            "전세실거래년":20181018.0,
            "전세실거래가":1000.0,
            "전세가율":null,
            "장기전세가율평균":70.65,
            "전세가율거품지수":null,
            "검색코드":118942,
            "세대수":65.0,
            "준공년월":"2015-01-28",
            "준공년차":8.0,
            "가까운역이름":"관악",
            "가까운역거리":60.77,
            "역세권여부":"초역세권",
            "30분이내주요거점역":3,
            "30분거점역이름":"['평촌', '가산디지털단지', '구로디지털단지']",
            "1시간이내주요거점역":15,
            "1시간거점역이름":"['강남', '역삼', '여의도', '을지로3가', '양재', '수원시청', '평촌', '가산디지털단지', '왕십리', '홍대입구', '수원', '구로디지털단지', '명동', '안산', '마곡']",
            "3km이내백화점수":1,
            "5km이내아울렛몰수":1,
            "1km이내대형먀트수":0,
            "500m이내은행수":0,
            "500m이내병원수":5,
            "5km이내대형병원수":2,
            "500m이내공원수":1,
            "3km이내혐오시설수":0,
            "초등학교학업성취도":89.99,
            "중학교학업성취도":82.1,
            "용적률":239,
            "건폐율":32,
            "Y":37.419577,
            "X":126.907812,
            "rank":9.0,
            "area_info":"6평(22.92), 8평(26.86), 9평(30.04), 9평(31.48), 11평(36.93), 48평(160.14)",
            "last_sales":"1800-01-01,nan,6평(22.92)",
            "rank_history":[
                [
                    "202203",
                    9
                ],
                [
                    "202202",
                    9999
                ]
            ],
            "rank_gap":9999
        },
        {
            "index":289,
            "아파트명":"미랜드명학타워",
            "투자타입":"일반",
            "전용면적(m2)":"105.81",
            "전용면적(평)":"32평",
            "법정동주소":"경기도 안양시 만안구 안양동 533-16",
            "도로명주소":"경기도 안양시 만안구 만안로 29",
            "세대수":0,
            "입주년차":60,
            "용적률점수":"--",
            "건폐율점수":"--",
            "세대당주차수":30,
            "난방방식":30,
            "공급면적":"--",
            "전용률":"--",
            "욕실수":100,
            "현관타입":100,
            "주거총점":39.5,
            "지역구공급총점":100.0,
            "역세권":80,
            "30분내 이동가능 거점":60,
            "1시간내 이동가능 거점":100,
            "교통총점":78.0,
            "백화점":100,
            "아울렛몰":80,
            "대형마트":0,
            "은행":100,
            "병원":60,
            "종합병원":100,
            "공원":100,
            "혐오시설":0,
            "인프라총점":77.0,
            "초등학군":89.98,
            "중학군":35.7,
            "학군총점":46.556,
            "인구수":26.5,
            "인구증감":-3.08,
            "인구총점":17.626,
            "일자리":13.65,
            "소득수준":63.58,
            "일자리총점":28.629,
            "가치 총점":65.2834,
            "매매실거래년":20210529.0,
            "매매실거래가":40000.0,
            "전세실거래년":20211001.0,
            "전세실거래가":15000.0,
            "전세가율":32.75,
            "장기전세가율평균":70.65,
            "전세가율거품지수":37.9,
            "검색코드":102146,
            "세대수":80.0,
            "준공년월":"2009-10-05",
            "준공년차":14.0,
            "가까운역이름":"명학",
            "가까운역거리":197.53,
            "역세권여부":"역세권",
            "30분이내주요거점역":3,
            "30분거점역이름":"['평촌', '가산디지털단지', '수원']",
            "1시간이내주요거점역":12,
            "1시간거점역이름":"['강남', '역삼', '여의도', '수원시청', '평촌', '가산디지털단지', '홍대입구', '수원', '구로디지털단지', '명동', '안산', '마곡']",
            "3km이내백화점수":1,
            "5km이내아울렛몰수":1,
            "1km이내대형먀트수":0,
            "500m이내은행수":5,
            "500m이내병원수":19,
            "5km이내대형병원수":5,
            "500m이내공원수":4,
            "3km이내혐오시설수":0,
            "초등학교학업성취도":89.98,
            "중학교학업성취도":58.7,
            "용적률":673,
            "건폐율":48,
            "Y":37.385892,
            "X":126.934269,
            "rank":10.0,
            "area_info":"32평(105.81), 32평(105.79), 32평(106.37), 32평(107.55), 32평(107.49)",
            "last_sales":"2021-05-29,40000.0,32평(107.55)",
            "rank_history":[
                [
                    "202203",
                    10
                ],
                [
                    "202202",
                    9999
                ]
            ],
            "rank_gap":9999
        },
        {
            "index":500,
            "아파트명":"유일보노빌(도시형)",
            "투자타입":"일반",
            "전용면적(m2)":"24.55",
            "전용면적(평)":"7평",
            "법정동주소":"경기도 안양시 만안구 안양동 782-15",
            "도로명주소":"경기도 안양시 만안구 병목안로 16",
            "세대수":0,
            "입주년차":60,
            "용적률점수":"--",
            "건폐율점수":"--",
            "세대당주차수":0,
            "난방방식":30,
            "공급면적":"--",
            "전용률":"--",
            "욕실수":50,
            "현관타입":10,
            "주거총점":21.0,
            "지역구공급총점":100.0,
            "역세권":80,
            "30분내 이동가능 거점":20,
            "1시간내 이동가능 거점":100,
            "교통총점":66.0,
            "백화점":100,
            "아울렛몰":100,
            "대형마트":100,
            "은행":100,
            "병원":100,
            "종합병원":100,
            "공원":100,
            "혐오시설":0,
            "인프라총점":98.0,
            "초등학군":90.0,
            "중학군":48.64,
            "학군총점":56.912,
            "인구수":26.5,
            "인구증감":-3.08,
            "인구총점":17.626,
            "일자리":13.65,
            "소득수준":63.58,
            "일자리총점":28.629,
            "가치 총점":65.2368,
            "매매실거래년":20211002.0,
            "매매실거래가":9700.0,
            "전세실거래년":20210408.0,
            "전세실거래가":8000.0,
            "전세가율":82.47,
            "장기전세가율평균":70.65,
            "전세가율거품지수":-11.82,
            "검색코드":116273,
            "세대수":135.0,
            "준공년월":"2013-07-26",
            "준공년차":10.0,
            "가까운역이름":"안양",
            "가까운역거리":458.89,
            "역세권여부":"역세권",
            "30분이내주요거점역":1,
            "30분거점역이름":"['가산디지털단지']",
            "1시간이내주요거점역":12,
            "1시간거점역이름":"['강남', '역삼', '여의도', '을지로3가', '수원시청', '평촌', '가산디지털단지', '홍대입구', '수원', '구로디지털단지', '명동', '안산']",
            "3km이내백화점수":1,
            "5km이내아울렛몰수":2,
            "1km이내대형먀트수":2,
            "500m이내은행수":7,
            "500m이내병원수":114,
            "5km이내대형병원수":4,
            "500m이내공원수":5,
            "3km이내혐오시설수":0,
            "초등학교학업성취도":90.0,
            "중학교학업성취도":79.6,
            "용적률":414,
            "건폐율":50,
            "Y":37.39911,
            "X":126.918669,
            "rank":11.0,
            "area_info":"7평(24.55)",
            "last_sales":"2021-10-02,9700.0,7평(24.55)",
            "rank_history":[
                [
                    "202203",
                    11
                ],
                [
                    "202202",
                    6
                ],
                [
                    "202201",
                    6
                ]
            ],
            "rank_gap":-5
        },
        {
            "index":505,
            "아파트명":"일번가이지움(도시형)",
            "투자타입":"일반",
            "전용면적(m2)":"25.23",
            "전용면적(평)":"7평",
            "법정동주소":"경기도 안양시 만안구 안양동 622-5",
            "도로명주소":"경기도 안양시 만안구 만안로 191",
            "세대수":0,
            "입주년차":80,
            "용적률점수":"--",
            "건폐율점수":"--",
            "세대당주차수":0,
            "난방방식":30,
            "공급면적":"--",
            "전용률":"--",
            "욕실수":50,
            "현관타입":10,
            "주거총점":25.0,
            "지역구공급총점":100.0,
            "역세권":80,
            "30분내 이동가능 거점":20,
            "1시간내 이동가능 거점":100,
            "교통총점":66.0,
            "백화점":100,
            "아울렛몰":100,
            "대형마트":100,
            "은행":100,
            "병원":100,
            "종합병원":100,
            "공원":100,
            "혐오시설":0,
            "인프라총점":98.0,
            "초등학군":90.04,
            "중학군":41.96,
            "학군총점":51.576,
            "인구수":26.5,
            "인구증감":-3.08,
            "인구총점":17.626,
            "일자리":13.65,
            "소득수준":63.58,
            "일자리총점":28.629,
            "가치 총점":65.2364,
            "매매실거래년":20220128.0,
            "매매실거래가":14100.0,
            "전세실거래년":20220106.0,
            "전세실거래가":14200.0,
            "전세가율":100.71,
            "장기전세가율평균":70.65,
            "전세가율거품지수":-30.06,
            "검색코드":118966,
            "세대수":104.0,
            "준공년월":"2016-11-28",
            "준공년차":7.0,
            "가까운역이름":"안양",
            "가까운역거리":444.0,
            "역세권여부":"역세권",
            "30분이내주요거점역":1,
            "30분거점역이름":"['가산디지털단지']",
            "1시간이내주요거점역":12,
            "1시간거점역이름":"['강남', '역삼', '여의도', '을지로3가', '수원시청', '평촌', '가산디지털단지', '홍대입구', '수원', '구로디지털단지', '명동', '안산']",
            "3km이내백화점수":1,
            "5km이내아울렛몰수":2,
            "1km이내대형먀트수":4,
            "500m이내은행수":6,
            "500m이내병원수":111,
            "5km이내대형병원수":5,
            "500m이내공원수":2,
            "3km이내혐오시설수":0,
            "초등학교학업성취도":90.04,
            "중학교학업성취도":69.6,
            "용적률":430,
            "건폐율":71,
            "Y":37.398002,
            "X":126.924675,
            "rank":12.0,
            "area_info":"7평(25.23), 7평(26.14), 8평(26.81), 8평(28.9), 9평(29.94), 10평(35.17), 10평(35.62), 15평(52.72), 16평(53.62)",
            "last_sales":"2022-01-28,14100.0,7평(25.23)",
            "rank_history":[
                [
                    "202203",
                    12
                ],
                [
                    "202202",
                    5
                ],
                [
                    "202201",
                    5
                ]
            ],
            "rank_gap":-7
        },
        {
            "index":217,
            "아파트명":"현대",
            "투자타입":"일반",
            "전용면적(m2)":"83.35",
            "전용면적(평)":"25평",
            "법정동주소":"경기도 안양시 만안구 석수동 275-1",
            "도로명주소":"경기도 안양시 만안구 안양로532번길 12",
            "세대수":90,
            "입주년차":20,
            "용적률점수":"--",
            "건폐율점수":"--",
            "세대당주차수":30,
            "난방방식":30,
            "공급면적":"--",
            "전용률":"--",
            "욕실수":50,
            "현관타입":100,
            "주거총점":58.0,
            "지역구공급총점":100.0,
            "역세권":80,
            "30분내 이동가능 거점":60,
            "1시간내 이동가능 거점":100,
            "교통총점":78.0,
            "백화점":100,
            "아울렛몰":80,
            "대형마트":0,
            "은행":0,
            "병원":60,
            "종합병원":100,
            "공원":0,
            "혐오시설":0,
            "인프라총점":64.0,
            "초등학군":89.99,
            "중학군":36.8,
            "학군총점":47.438,
            "인구수":26.5,
            "인구증감":-3.08,
            "인구총점":17.626,
            "일자리":13.65,
            "소득수준":63.58,
            "일자리총점":28.629,
            "가치 총점":65.2157,
            "매매실거래년":20210721.0,
            "매매실거래가":75000.0,
            "전세실거래년":null,
            "전세실거래가":null,
            "전세가율":null,
            "장기전세가율평균":70.65,
            "전세가율거품지수":null,
            "검색코드":2799,
            "세대수":1088.0,
            "준공년월":"1999-11-24",
            "준공년차":24.0,
            "가까운역이름":"관악",
            "가까운역거리":351.01,
            "역세권여부":"역세권",
            "30분이내주요거점역":3,
            "30분거점역이름":"['평촌', '가산디지털단지', '구로디지털단지']",
            "1시간이내주요거점역":12,
            "1시간거점역이름":"['강남', '역삼', '여의도', '을지로3가', '수원시청', '평촌', '가산디지털단지', '홍대입구', '수원', '구로디지털단지', '명동', '안산']",
            "3km이내백화점수":1,
            "5km이내아울렛몰수":1,
            "1km이내대형먀트수":0,
            "500m이내은행수":1,
            "500m이내병원수":10,
            "5km이내대형병원수":3,
            "500m이내공원수":0,
            "3km이내혐오시설수":0,
            "초등학교학업성취도":89.99,
            "중학교학업성취도":59.8,
            "용적률":376,
            "건폐율":21,
            "Y":37.416433,
            "X":126.908034,
            "rank":13.0,
            "area_info":"25평(83.35), 25평(83.35), 33평(109.77), 33평(110.29), 33평(110.29), 42평(142.1)",
            "last_sales":"2021-07-21,75000.0,42평(142.1)",
            "rank_history":[
                [
                    "202203",
                    13
                ],
                [
                    "202202",
                    10
                ],
                [
                    "202201",
                    20
                ]
            ],
            "rank_gap":-3
        },
        {
            "index":331,
            "아파트명":"서희아리채",
            "투자타입":"일반",
            "전용면적(m2)":"99.09",
            "전용면적(평)":"29평",
            "법정동주소":"경기도 안양시 만안구 안양동 533-22",
            "도로명주소":"경기도 안양시 만안구 문예로52번길 19",
            "세대수":0,
            "입주년차":40,
            "용적률점수":"--",
            "건폐율점수":"--",
            "세대당주차수":60,
            "난방방식":30,
            "공급면적":"--",
            "전용률":"--",
            "욕실수":100,
            "현관타입":100,
            "주거총점":40.0,
            "지역구공급총점":100.0,
            "역세권":80,
            "30분내 이동가능 거점":60,
            "1시간내 이동가능 거점":100,
            "교통총점":78.0,
            "백화점":100,
            "아울렛몰":80,
            "대형마트":0,
            "은행":70,
            "병원":60,
            "종합병원":100,
            "공원":100,
            "혐오시설":0,
            "인프라총점":74.0,
            "초등학군":89.98,
            "중학군":35.7,
            "학군총점":46.556,
            "인구수":26.5,
            "인구증감":-3.08,
            "인구총점":17.626,
            "일자리":13.65,
            "소득수준":63.58,
            "일자리총점":28.629,
            "가치 총점":64.4834,
            "매매실거래년":20211017.0,
            "매매실거래가":53300.0,
            "전세실거래년":20201014.0,
            "전세실거래가":30000.0,
            "전세가율":66.67,
            "장기전세가율평균":70.65,
            "전세가율거품지수":3.98,
            "검색코드":16931,
            "세대수":138.0,
            "준공년월":"2006-06-30",
            "준공년차":17.0,
            "가까운역이름":"명학",
            "가까운역거리":178.66,
            "역세권여부":"역세권",
            "30분이내주요거점역":3,
            "30분거점역이름":"['평촌', '가산디지털단지', '수원']",
            "1시간이내주요거점역":13,
            "1시간거점역이름":"['강남', '역삼', '여의도', '양재', '수원시청', '평촌', '가산디지털단지', '홍대입구', '수원', '구로디지털단지', '명동', '안산', '마곡']",
            "3km이내백화점수":1,
            "5km이내아울렛몰수":1,
            "1km이내대형먀트수":0,
            "500m이내은행수":4,
            "500m이내병원수":19,
            "5km이내대형병원수":5,
            "500m이내공원수":4,
            "3km이내혐오시설수":0,
            "초등학교학업성취도":89.98,
            "중학교학업성취도":58.7,
            "용적률":583,
            "건폐율":54,
            "Y":37.38548,
            "X":126.93403,
            "rank":14.0,
            "area_info":"29평(99.09), 33평(109.82)",
            "last_sales":"2021-10-17,53300.0,33평(109.82)",
            "rank_history":[
                [
                    "202203",
                    14
                ],
                [
                    "202202",
                    11
                ],
                [
                    "202201",
                    9
                ]
            ],
            "rank_gap":-3
        },
        {
            "index":120,
            "아파트명":"무림",
            "투자타입":"재건축",
            "전용면적(m2)":"61.24",
            "전용면적(평)":"18평",
            "법정동주소":"경기도 안양시 만안구 석수동 275-2",
            "도로명주소":"경기도 안양시 만안구 석천로197번길 52",
            "세대수":0,
            "입주년차":"--",
            "용적률점수":80,
            "건폐율점수":80,
            "세대당주차수":"--",
            "난방방식":"--",
            "공급면적":50,
            "전용률":60,
            "욕실수":"--",
            "현관타입":"--",
            "주거총점":53.5,
            "지역구공급총점":100.0,
            "역세권":80,
            "30분내 이동가능 거점":60,
            "1시간내 이동가능 거점":100,
            "교통총점":78.0,
            "백화점":100,
            "아울렛몰":80,
            "대형마트":0,
            "은행":0,
            "병원":60,
            "종합병원":100,
            "공원":0,
            "혐오시설":0,
            "인프라총점":64.0,
            "초등학군":89.99,
            "중학군":36.8,
            "학군총점":47.438,
            "인구수":26.5,
            "인구증감":-3.08,
            "인구총점":17.626,
            "일자리":13.65,
            "소득수준":63.58,
            "일자리총점":28.629,
            "가치 총점":64.3157,
            "매매실거래년":20210118.0,
            "매매실거래가":44500.0,
            "전세실거래년":20210716.0,
            "전세실거래가":20000.0,
            "전세가율":76.92,
            "장기전세가율평균":70.65,
            "전세가율거품지수":-6.27,
            "검색코드":2001,
            "세대수":204.0,
            "준공년월":"1983-07-01",
            "준공년차":40.0,
            "가까운역이름":"만안 (2026년 예정)",
            "가까운역거리":324.84,
            "역세권여부":"역세권",
            "30분이내주요거점역":3,
            "30분거점역이름":"['평촌', '가산디지털단지', '구로디지털단지']",
            "1시간이내주요거점역":11,
            "1시간거점역이름":"['여의도', '을지로3가', '수원시청', '평촌', '가산디지털단지', '왕십리', '홍대입구', '수원', '구로디지털단지', '명동', '안산']",
            "3km이내백화점수":1,
            "5km이내아울렛몰수":1,
            "1km이내대형먀트수":0,
            "500m이내은행수":1,
            "500m이내병원수":15,
            "5km이내대형병원수":3,
            "500m이내공원수":0,
            "3km이내혐오시설수":0,
            "초등학교학업성취도":89.99,
            "중학교학업성취도":59.8,
            "용적률":152,
            "건폐율":27,
            "Y":37.41586,
            "X":126.909455,
            "rank":15.0,
            "area_info":"18평(61.24), 21평(71.18), 27평(89.36)",
            "last_sales":"2021-01-18,44500.0,27평(89.36)",
            "rank_history":[
                [
                    "202203",
                    15
                ],
                [
                    "202202",
                    24
                ],
                [
                    "202201",
                    35
                ]
            ],
            "rank_gap":9
        },
        {
            "index":161,
            "아파트명":"석수역푸르지오",
            "투자타입":"일반",
            "전용면적(m2)":"83.02",
            "전용면적(평)":"25평",
            "법정동주소":"경기도 안양시 만안구 석수동 374-5",
            "도로명주소":"경기도 안양시 만안구 삼성산길 8",
            "세대수":50,
            "입주년차":60,
            "용적률점수":"--",
            "건폐율점수":"--",
            "세대당주차수":30,
            "난방방식":30,
            "공급면적":"--",
            "전용률":"--",
            "욕실수":100,
            "현관타입":100,
            "주거총점":57.0,
            "지역구공급총점":100.0,
            "역세권":80,
            "30분내 이동가능 거점":40,
            "1시간내 이동가능 거점":100,
            "교통총점":72.0,
            "백화점":100,
            "아울렛몰":80,
            "대형마트":0,
            "은행":0,
            "병원":30,
            "종합병원":100,
            "공원":100,
            "혐오시설":-50,
            "인프라총점":63.0,
            "초등학군":90.0,
            "중학군":50.94,
            "학군총점":58.752,
            "인구수":26.5,
            "인구증감":-3.08,
            "인구총점":17.626,
            "일자리":13.65,
            "소득수준":63.58,
            "일자리총점":28.629,
            "가치 총점":64.3128,
            "매매실거래년":20210821.0,
            "매매실거래가":68000.0,
            "전세실거래년":20220108.0,
            "전세실거래가":37800.0,
            "전세가율":49.87,
            "장기전세가율평균":70.65,
            "전세가율거품지수":20.78,
            "검색코드":2004,
            "세대수":542.0,
            "준공년월":"2009-06-29",
            "준공년차":14.0,
            "가까운역이름":"석수",
            "가까운역거리":266.91,
            "역세권여부":"역세권",
            "30분이내주요거점역":2,
            "30분거점역이름":"['가산디지털단지', '구로디지털단지']",
            "1시간이내주요거점역":14,
            "1시간거점역이름":"['강남', '역삼', '여의도', '을지로3가', '양재', '수원시청', '평촌', '가산디지털단지', '홍대입구', '수원', '구로디지털단지', '명동', '안산', '마곡']",
            "3km이내백화점수":1,
            "5km이내아울렛몰수":1,
            "1km이내대형먀트수":0,
            "500m이내은행수":0,
            "500m이내병원수":6,
            "5km이내대형병원수":2,
            "500m이내공원수":4,
            "3km이내혐오시설수":1,
            "초등학교학업성취도":90.0,
            "중학교학업성취도":82.1,
            "용적률":229,
            "건폐율":21,
            "Y":37.433476,
            "X":126.904555,
            "rank":16.0,
            "area_info":"25평(83.02), 32평(107.79), 32평(108.85)",
            "last_sales":"2021-08-21,68000.0,32평(108.85)",
            "rank_history":[
                [
                    "202203",
                    16
                ],
                [
                    "202202",
                    15
                ],
                [
                    "202201",
                    29
                ]
            ],
            "rank_gap":-1
        },
        {
            "index":448,
            "아파트명":"안양역한양수자인리버파크",
            "투자타입":"일반",
            "전용면적(m2)":"79.76",
            "전용면적(평)":"24평",
            "법정동주소":"경기도 안양시 만안구 안양동 1411",
            "도로명주소":"경기도 안양시 만안구 안양천서로 357",
            "세대수":50,
            "입주년차":100,
            "용적률점수":"--",
            "건폐율점수":"--",
            "세대당주차수":30,
            "난방방식":30,
            "공급면적":"--",
            "전용률":"--",
            "욕실수":100,
            "현관타입":100,
            "주거총점":65.0,
            "지역구공급총점":100.0,
            "역세권":80,
            "30분내 이동가능 거점":60,
            "1시간내 이동가능 거점":100,
            "교통총점":78.0,
            "백화점":0,
            "아울렛몰":80,
            "대형마트":80,
            "은행":0,
            "병원":60,
            "종합병원":100,
            "공원":80,
            "혐오시설":0,
            "인프라총점":48.4,
            "초등학군":90.0,
            "중학군":48.64,
            "학군총점":56.912,
            "인구수":26.5,
            "인구증감":-3.08,
            "인구총점":17.626,
            "일자리":13.65,
            "소득수준":63.58,
            "일자리총점":28.629,
            "가치 총점":63.3568,
            "매매실거래년":20211102.0,
            "매매실거래가":74000.0,
            "전세실거래년":20211123.0,
            "전세실거래가":48000.0,
            "전세가율":59.26,
            "장기전세가율평균":70.65,
            "전세가율거품지수":11.39,
            "검색코드":114063,
            "세대수":419.0,
            "준공년월":"2019-01-01",
            "준공년차":4.0,
            "가까운역이름":"안양",
            "가까운역거리":453.57,
            "역세권여부":"역세권",
            "30분이내주요거점역":3,
            "30분거점역이름":"['평촌', '가산디지털단지', '수원']",
            "1시간이내주요거점역":10,
            "1시간거점역이름":"['여의도', '수원시청', '평촌', '가산디지털단지', '홍대입구', '수원', '구로디지털단지', '명동', '안산', '마곡']",
            "3km이내백화점수":0,
            "5km이내아울렛몰수":1,
            "1km이내대형먀트수":1,
            "500m이내은행수":1,
            "500m이내병원수":20,
            "5km이내대형병원수":3,
            "500m이내공원수":1,
            "3km이내혐오시설수":0,
            "초등학교학업성취도":90.0,
            "중학교학업성취도":79.6,
            "용적률":296,
            "건폐율":19,
            "Y":37.40543,
            "X":126.920698,
            "rank":17.0,
            "area_info":"24평(79.76), 24평(79.71), 24평(79.61), 24평(80.16), 33평(110.7), 33평(111.4), 33평(112.08), 46평(155.2)",
            "last_sales":"2021-11-02,74000.0,24평(79.61)",
            "rank_history":[
                [
                    "202203",
                    17
                ],
                [
                    "202202",
                    12
                ],
                [
                    "202201",
                    10
                ]
            ],
            "rank_gap":-5
        },
        {
            "index":140,
            "아파트명":"석수경남아너스빌",
            "투자타입":"일반",
            "전용면적(m2)":"81.41",
            "전용면적(평)":"24평",
            "법정동주소":"경기도 안양시 만안구 석수동 168-4",
            "도로명주소":"경기도 안양시 만안구 경수대로1219번길 8",
            "세대수":80,
            "입주년차":20,
            "용적률점수":"--",
            "건폐율점수":"--",
            "세대당주차수":0,
            "난방방식":30,
            "공급면적":"--",
            "전용률":"--",
            "욕실수":100,
            "현관타입":100,
            "주거총점":55.0,
            "지역구공급총점":100.0,
            "역세권":80,
            "30분내 이동가능 거점":40,
            "1시간내 이동가능 거점":100,
            "교통총점":72.0,
            "백화점":100,
            "아울렛몰":80,
            "대형마트":0,
            "은행":0,
            "병원":60,
            "종합병원":100,
            "공원":80,
            "혐오시설":0,
            "인프라총점":66.4,
            "초등학군":89.99,
            "중학군":36.8,
            "학군총점":47.438,
            "인구수":26.5,
            "인구증감":-3.08,
            "인구총점":17.626,
            "일자리":13.65,
            "소득수준":63.58,
            "일자리총점":28.629,
            "가치 총점":63.2357,
            "매매실거래년":20220126.0,
            "매매실거래가":60000.0,
            "전세실거래년":20220106.0,
            "전세실거래가":29400.0,
            "전세가율":49.0,
            "장기전세가율평균":70.65,
            "전세가율거품지수":21.65,
            "검색코드":25454,
            "세대수":704.0,
            "준공년월":"2002-10-21",
            "준공년차":21.0,
            "가까운역이름":"관악",
            "가까운역거리":376.4,
            "역세권여부":"역세권",
            "30분이내주요거점역":2,
            "30분거점역이름":"['평촌', '가산디지털단지']",
            "1시간이내주요거점역":10,
            "1시간거점역이름":"['여의도', '을지로3가', '수원시청', '평촌', '가산디지털단지', '홍대입구', '수원', '구로디지털단지', '명동', '안산']",
            "3km이내백화점수":1,
            "5km이내아울렛몰수":1,
            "1km이내대형먀트수":0,
            "500m이내은행수":0,
            "500m이내병원수":11,
            "5km이내대형병원수":3,
            "500m이내공원수":1,
            "3km이내혐오시설수":0,
            "초등학교학업성취도":89.99,
            "중학교학업성취도":59.8,
            "용적률":383,
            "건폐율":26,
            "Y":37.417286,
            "X":126.911648,
            "rank":18.0,
            "area_info":"24평(81.41), 32평(108.83), 33평(109.41), 42평(140.76), 47평(156.37)",
            "last_sales":"2022-01-26,60000.0,24평(81.41)",
            "rank_history":[
                [
                    "202203",
                    18
                ],
                [
                    "202202",
                    29
                ],
                [
                    "202201",
                    38
                ]
            ],
            "rank_gap":11
        },
        {
            "index":133,
            "아파트명":"석수e-편한세상",
            "투자타입":"일반",
            "전용면적(m2)":"80.2",
            "전용면적(평)":"24평",
            "법정동주소":"경기도 안양시 만안구 석수동 182-2",
            "도로명주소":"경기도 안양시 만안구 경수대로 1193",
            "세대수":100,
            "입주년차":20,
            "용적률점수":"--",
            "건폐율점수":"--",
            "세대당주차수":30,
            "난방방식":30,
            "공급면적":"--",
            "전용률":"--",
            "욕실수":50,
            "현관타입":100,
            "주거총점":61.5,
            "지역구공급총점":100.0,
            "역세권":80,
            "30분내 이동가능 거점":20,
            "1시간내 이동가능 거점":100,
            "교통총점":66.0,
            "백화점":100,
            "아울렛몰":80,
            "대형마트":0,
            "은행":0,
            "병원":60,
            "종합병원":100,
            "공원":0,
            "혐오시설":0,
            "인프라총점":64.0,
            "초등학군":89.99,
            "중학군":48.64,
            "학군총점":56.91,
            "인구수":26.5,
            "인구증감":-3.08,
            "인구총점":17.626,
            "일자리":13.65,
            "소득수준":63.58,
            "일자리총점":28.629,
            "가치 총점":63.1365,
            "매매실거래년":20211214.0,
            "매매실거래가":64500.0,
            "전세실거래년":20220208.0,
            "전세실거래가":31300.0,
            "전세가율":48.53,
            "장기전세가율평균":70.65,
            "전세가율거품지수":22.12,
            "검색코드":3090,
            "세대수":1908.0,
            "준공년월":"2002-05-30",
            "준공년차":21.0,
            "가까운역이름":"만안 (2026년 예정)",
            "가까운역거리":448.66,
            "역세권여부":"역세권",
            "30분이내주요거점역":1,
            "30분거점역이름":"['가산디지털단지']",
            "1시간이내주요거점역":10,
            "1시간거점역이름":"['강남', '역삼', '여의도', '수원시청', '평촌', '가산디지털단지', '홍대입구', '수원', '구로디지털단지', '명동']",
            "3km이내백화점수":1,
            "5km이내아울렛몰수":1,
            "1km이내대형먀트수":0,
            "500m이내은행수":1,
            "500m이내병원수":14,
            "5km이내대형병원수":4,
            "500m이내공원수":0,
            "3km이내혐오시설수":0,
            "초등학교학업성취도":89.99,
            "중학교학업성취도":79.6,
            "용적률":355,
            "건폐율":20,
            "Y":37.414989,
            "X":126.913636,
            "rank":19.0,
            "area_info":"24평(80.2), 24평(80.2), 24평(80.07), 32평(107.35), 32평(107.35), 42평(140.06), 42평(140.06)",
            "last_sales":"2021-12-14,64500.0,24평(80.2)",
            "rank_history":[
                [
                    "202203",
                    19
                ],
                [
                    "202202",
                    31
                ],
                [
                    "202201",
                    39
                ]
            ],
            "rank_gap":12
        },
        {
            "index":100,
            "아파트명":"관악산현대홈타운",
            "투자타입":"일반",
            "전용면적(m2)":"84.86",
            "전용면적(평)":"25평",
            "법정동주소":"경기도 안양시 만안구 석수동 166",
            "도로명주소":"경기도 안양시 만안구 경수대로1244번길 48",
            "세대수":30,
            "입주년차":20,
            "용적률점수":"--",
            "건폐율점수":"--",
            "세대당주차수":30,
            "난방방식":30,
            "공급면적":"--",
            "전용률":"--",
            "욕실수":100,
            "현관타입":100,
            "주거총점":42.0,
            "지역구공급총점":100.0,
            "역세권":80,
            "30분내 이동가능 거점":60,
            "1시간내 이동가능 거점":100,
            "교통총점":78.0,
            "백화점":100,
            "아울렛몰":80,
            "대형마트":0,
            "은행":0,
            "병원":10,
            "종합병원":100,
            "공원":100,
            "혐오시설":0,
            "인프라총점":62.0,
            "초등학군":89.99,
            "중학군":50.94,
            "학군총점":58.75,
            "인구수":26.5,
            "인구증감":-3.08,
            "인구총점":17.626,
            "일자리":13.65,
            "소득수준":63.58,
            "일자리총점":28.629,
            "가치 총점":63.1125,
            "매매실거래년":20211027.0,
            "매매실거래가":81150.0,
            "전세실거래년":20211117.0,
            "전세실거래가":41000.0,
            "전세가율":67.32,
            "장기전세가율평균":70.65,
            "전세가율거품지수":3.33,
            "검색코드":3088,
            "세대수":376.0,
            "준공년월":"2001-09-17",
            "준공년차":22.0,
            "가까운역이름":"관악",
            "가까운역거리":353.31,
            "역세권여부":"역세권",
            "30분이내주요거점역":3,
            "30분거점역이름":"['평촌', '가산디지털단지', '구로디지털단지']",
            "1시간이내주요거점역":11,
            "1시간거점역이름":"['여의도', '을지로3가', '수원시청', '평촌', '가산디지털단지', '왕십리', '홍대입구', '수원', '구로디지털단지', '명동', '안산']",
            "3km이내백화점수":1,
            "5km이내아울렛몰수":1,
            "1km이내대형먀트수":0,
            "500m이내은행수":0,
            "500m이내병원수":4,
            "5km이내대형병원수":2,
            "500m이내공원수":2,
            "3km이내혐오시설수":0,
            "초등학교학업성취도":89.99,
            "중학교학업성취도":82.1,
            "용적률":184,
            "건폐율":21,
            "Y":37.420967,
            "X":126.912092,
            "rank":20.0,
            "area_info":"25평(84.86), 35평(116.33)",
            "last_sales":"2021-10-27,81150.0,35평(116.33)",
            "rank_history":[
                [
                    "202203",
                    20
                ],
                [
                    "202202",
                    34
                ],
                [
                    "202201",
                    43
                ]
            ],
            "rank_gap":14
        },
        {
            "index":280,
            "아파트명":"루미에르",
            "투자타입":"일반",
            "전용면적(m2)":"63.74",
            "전용면적(평)":"19평",
            "법정동주소":"경기도 안양시 만안구 안양동 622-379",
            "도로명주소":"경기도 안양시 만안구 장내로140번길 53",
            "세대수":0,
            "입주년차":100,
            "용적률점수":"--",
            "건폐율점수":"--",
            "세대당주차수":0,
            "난방방식":30,
            "공급면적":"--",
            "전용률":"--",
            "욕실수":100,
            "현관타입":100,
            "주거총점":43.0,
            "지역구공급총점":100.0,
            "역세권":50,
            "30분내 이동가능 거점":20,
            "1시간내 이동가능 거점":90,
            "교통총점":49.0,
            "백화점":100,
            "아울렛몰":100,
            "대형마트":100,
            "은행":100,
            "병원":100,
            "종합병원":100,
            "공원":100,
            "혐오시설":0,
            "인프라총점":98.0,
            "초등학군":90.04,
            "중학군":41.96,
            "학군총점":51.576,
            "인구수":26.5,
            "인구증감":-3.08,
            "인구총점":17.626,
            "일자리":13.65,
            "소득수준":63.58,
            "일자리총점":28.629,
            "가치 총점":62.8864,
            "매매실거래년":20200422.0,
            "매매실거래가":31900.0,
            "전세실거래년":20220121.0,
            "전세실거래가":29400.0,
            "전세가율":87.76,
            "장기전세가율평균":70.65,
            "전세가율거품지수":-17.11,
            "검색코드":128129,
            "세대수":52.0,
            "준공년월":"2019-10-02",
            "준공년차":4.0,
            "가까운역이름":"안양",
            "가까운역거리":687.39,
            "역세권여부":"준역세권",
            "30분이내주요거점역":1,
            "30분거점역이름":"['가산디지털단지']",
            "1시간이내주요거점역":9,
            "1시간거점역이름":"['여의도', '수원시청', '평촌', '가산디지털단지', '홍대입구', '수원', '구로디지털단지', '명동', '안산']",
            "3km이내백화점수":1,
            "5km이내아울렛몰수":2,
            "1km이내대형먀트수":3,
            "500m이내은행수":6,
            "500m이내병원수":72,
            "5km이내대형병원수":5,
            "500m이내공원수":4,
            "3km이내혐오시설수":0,
            "초등학교학업성취도":90.04,
            "중학교학업성취도":69.6,
            "용적률":548,
            "건폐율":71,
            "Y":37.395794,
            "X":126.925093,
            "rank":21.0,
            "area_info":"19평(63.74), 19평(65.21), 21평(69.58)",
            "last_sales":"2020-04-22,31900.0,21평(69.58)",
            "rank_history":[
                [
                    "202203",
                    21
                ],
                [
                    "202202",
                    9999
                ]
            ],
            "rank_gap":9999
        },
        {
            "index":184,
            "아파트명":"안양석수대주파크빌",
            "투자타입":"일반",
            "전용면적(m2)":"77.82",
            "전용면적(평)":"23평",
            "법정동주소":"경기도 안양시 만안구 석수동 110-20",
            "도로명주소":"경기도 안양시 만안구 경수대로1273번길 55",
            "세대수":0,
            "입주년차":40,
            "용적률점수":"--",
            "건폐율점수":"--",
            "세대당주차수":30,
            "난방방식":30,
            "공급면적":"--",
            "전용률":"--",
            "욕실수":100,
            "현관타입":100,
            "주거총점":35.5,
            "지역구공급총점":100.0,
            "역세권":80,
            "30분내 이동가능 거점":60,
            "1시간내 이동가능 거점":100,
            "교통총점":78.0,
            "백화점":100,
            "아울렛몰":80,
            "대형마트":0,
            "은행":0,
            "병원":30,
            "종합병원":100,
            "공원":100,
            "혐오시설":0,
            "인프라총점":64.0,
            "초등학군":89.99,
            "중학군":50.94,
            "학군총점":58.75,
            "인구수":26.5,
            "인구증감":-3.08,
            "인구총점":17.626,
            "일자리":13.65,
            "소득수준":63.58,
            "일자리총점":28.629,
            "가치 총점":62.4125,
            "매매실거래년":20220208.0,
            "매매실거래가":69000.0,
            "전세실거래년":20220204.0,
            "전세실거래가":38000.0,
            "전세가율":65.52,
            "장기전세가율평균":70.65,
            "전세가율거품지수":5.13,
            "검색코드":11675,
            "세대수":256.0,
            "준공년월":"2005-04-29",
            "준공년차":18.0,
            "가까운역이름":"관악",
            "가까운역거리":160.38,
            "역세권여부":"역세권",
            "30분이내주요거점역":3,
            "30분거점역이름":"['평촌', '가산디지털단지', '구로디지털단지']",
            "1시간이내주요거점역":13,
            "1시간거점역이름":"['강남', '역삼', '여의도', '을지로3가', '수원시청', '평촌', '가산디지털단지', '홍대입구', '수원', '구로디지털단지', '명동', '안산', '마곡']",
            "3km이내백화점수":1,
            "5km이내아울렛몰수":1,
            "1km이내대형먀트수":0,
            "500m이내은행수":0,
            "500m이내병원수":9,
            "5km이내대형병원수":3,
            "500m이내공원수":2,
            "3km이내혐오시설수":0,
            "초등학교학업성취도":89.99,
            "중학교학업성취도":82.1,
            "용적률":378,
            "건폐율":24,
            "Y":37.418839,
            "X":126.910067,
            "rank":22.0,
            "area_info":"23평(77.82), 23평(78.11), 32평(107.82), 32평(108.49)",
            "last_sales":"2022-02-08,69000.0,32평(107.82)",
            "rank_history":[
                [
                    "202203",
                    22
                ],
                [
                    "202202",
                    14
                ],
                [
                    "202201",
                    27
                ]
            ],
            "rank_gap":-8
        },
        {
            "index":517,
            "아파트명":"존스빌(도시형)",
            "투자타입":"일반",
            "전용면적(m2)":"24.86",
            "전용면적(평)":"7평",
            "법정동주소":"경기도 안양시 만안구 안양동 528-1",
            "도로명주소":"경기도 안양시 만안구 수리산로48번길 47",
            "세대수":0,
            "입주년차":60,
            "용적률점수":"--",
            "건폐율점수":"--",
            "세대당주차수":0,
            "난방방식":30,
            "공급면적":"--",
            "전용률":"--",
            "욕실수":50,
            "현관타입":50,
            "주거총점":25.0,
            "지역구공급총점":100.0,
            "역세권":80,
            "30분내 이동가능 거점":60,
            "1시간내 이동가능 거점":100,
            "교통총점":78.0,
            "백화점":100,
            "아울렛몰":80,
            "대형마트":0,
            "은행":100,
            "병원":60,
            "종합병원":100,
            "공원":100,
            "혐오시설":0,
            "인프라총점":77.0,
            "초등학군":90.0,
            "중학군":35.7,
            "학군총점":46.56,
            "인구수":26.5,
            "인구증감":-3.08,
            "인구총점":17.626,
            "일자리":13.65,
            "소득수준":63.58,
            "일자리총점":28.629,
            "가치 총점":62.384,
            "매매실거래년":20210510.0,
            "매매실거래가":9500.0,
            "전세실거래년":20201128.0,
            "전세실거래가":8000.0,
            "전세가율":94.12,
            "장기전세가율평균":70.65,
            "전세가율거품지수":-23.47,
            "검색코드":105124,
            "세대수":93.0,
            "준공년월":"2012-03-02",
            "준공년차":11.0,
            "가까운역이름":"명학",
            "가까운역거리":390.43,
            "역세권여부":"역세권",
            "30분이내주요거점역":3,
            "30분거점역이름":"['평촌', '가산디지털단지', '수원']",
            "1시간이내주요거점역":12,
            "1시간거점역이름":"['역삼', '여의도', '수원시청', '평촌', '가산디지털단지', '왕십리', '홍대입구', '수원', '구로디지털단지', '명동', '안산', 'GTX킨텍스(2023년)']",
            "3km이내백화점수":1,
            "5km이내아울렛몰수":1,
            "1km이내대형먀트수":0,
            "500m이내은행수":5,
            "500m이내병원수":22,
            "5km이내대형병원수":5,
            "500m이내공원수":5,
            "3km이내혐오시설수":0,
            "초등학교학업성취도":90.0,
            "중학교학업성취도":58.7,
            "용적률":367,
            "건폐율":77,
            "Y":37.387314,
            "X":126.933018,
            "rank":23.0,
            "area_info":"7평(24.86), 7평(24.09), 7평(26.25), 8평(27.41)",
            "last_sales":"2021-05-10,9500.0,8평(27.41)",
            "rank_history":[
                [
                    "202203",
                    23
                ],
                [
                    "202202",
                    9999
                ]
            ],
            "rank_gap":9999
        },
        {
            "index":404,
            "아파트명":"안양리치빌(도시형)",
            "투자타입":"일반",
            "전용면적(m2)":"26.15",
            "전용면적(평)":"7평",
            "법정동주소":"경기도 안양시 만안구 안양동 689-216",
            "도로명주소":"경기도 안양시 만안구 안양로332번길 5",
            "세대수":0,
            "입주년차":80,
            "용적률점수":"--",
            "건폐율점수":"--",
            "세대당주차수":0,
            "난방방식":30,
            "공급면적":"--",
            "전용률":"--",
            "욕실수":50,
            "현관타입":50,
            "주거총점":29.0,
            "지역구공급총점":100.0,
            "역세권":80,
            "30분내 이동가능 거점":60,
            "1시간내 이동가능 거점":100,
            "교통총점":78.0,
            "백화점":0,
            "아울렛몰":100,
            "대형마트":100,
            "은행":100,
            "병원":100,
            "종합병원":100,
            "공원":100,
            "혐오시설":0,
            "인프라총점":68.0,
            "초등학군":90.0,
            "중학군":48.64,
            "학군총점":56.912,
            "인구수":26.5,
            "인구증감":-3.08,
            "인구총점":17.626,
            "일자리":13.65,
            "소득수준":63.58,
            "일자리총점":28.629,
            "가치 총점":62.0368,
            "매매실거래년":20210603.0,
            "매매실거래가":9700.0,
            "전세실거래년":null,
            "전세실거래가":null,
            "전세가율":null,
            "장기전세가율평균":70.65,
            "전세가율거품지수":null,
            "검색코드":108318,
            "세대수":63.0,
            "준공년월":"2014-04-25",
            "준공년차":9.0,
            "가까운역이름":"안양",
            "가까운역거리":275.69,
            "역세권여부":"역세권",
            "30분이내주요거점역":3,
            "30분거점역이름":"['평촌', '가산디지털단지', '수원']",
            "1시간이내주요거점역":15,
            "1시간거점역이름":"['강남', '역삼', '잠실', '여의도', '을지로3가', '수원시청', '평촌', '가산디지털단지', '홍대입구', '수원', '구로디지털단지', '명동', '안산', '마곡', 'GTX킨텍스(2023년)']",
            "3km이내백화점수":0,
            "5km이내아울렛몰수":2,
            "1km이내대형먀트수":2,
            "500m이내은행수":6,
            "500m이내병원수":95,
            "5km이내대형병원수":4,
            "500m이내공원수":2,
            "3km이내혐오시설수":0,
            "초등학교학업성취도":90.0,
            "중학교학업성취도":79.6,
            "용적률":342,
            "건폐율":62,
            "Y":37.401753,
            "X":126.91961,
            "rank":24.0,
            "area_info":"7평(26.15), 7평(26.13), 8평(27.38), 8평(27.0)",
            "last_sales":"2021-06-03,9700.0,8평(27.38)",
            "rank_history":[
                [
                    "202203",
                    24
                ],
                [
                    "202202",
                    9999
                ]
            ],
            "rank_gap":9999
        },
        {
            "index":118,
            "아파트명":"메트로빌석수(도시형)",
            "투자타입":"일반",
            "전용면적(m2)":"24.74",
            "전용면적(평)":"7평",
            "법정동주소":"경기도 안양시 만안구 석수동 374-12",
            "도로명주소":"경기도 안양시 만안구 경수대로 1430",
            "세대수":0,
            "입주년차":80,
            "용적률점수":"--",
            "건폐율점수":"--",
            "세대당주차수":0,
            "난방방식":30,
            "공급면적":"--",
            "전용률":"--",
            "욕실수":50,
            "현관타입":100,
            "주거총점":34.0,
            "지역구공급총점":100.0,
            "역세권":80,
            "30분내 이동가능 거점":60,
            "1시간내 이동가능 거점":100,
            "교통총점":78.0,
            "백화점":100,
            "아울렛몰":80,
            "대형마트":0,
            "은행":0,
            "병원":30,
            "종합병원":100,
            "공원":100,
            "혐오시설":-50,
            "인프라총점":63.0,
            "초등학군":90.0,
            "중학군":50.94,
            "학군총점":58.752,
            "인구수":26.5,
            "인구증감":-3.08,
            "인구총점":17.626,
            "일자리":13.65,
            "소득수준":63.58,
            "일자리총점":28.629,
            "가치 총점":61.8128,
            "매매실거래년":20211110.0,
            "매매실거래가":10000.0,
            "전세실거래년":20171014.0,
            "전세실거래가":500.0,
            "전세가율":5.0,
            "장기전세가율평균":70.65,
            "전세가율거품지수":65.65,
            "검색코드":111820,
            "세대수":80.0,
            "준공년월":"2015-02-16",
            "준공년차":8.0,
            "가까운역이름":"석수",
            "가까운역거리":184.87,
            "역세권여부":"역세권",
            "30분이내주요거점역":3,
            "30분거점역이름":"['평촌', '가산디지털단지', '구로디지털단지']",
            "1시간이내주요거점역":14,
            "1시간거점역이름":"['강남', '역삼', '여의도', '을지로3가', '양재', '수원시청', '평촌', '가산디지털단지', '홍대입구', '수원', '구로디지털단지', '명동', '안산', '마곡']",
            "3km이내백화점수":1,
            "5km이내아울렛몰수":1,
            "1km이내대형먀트수":0,
            "500m이내은행수":0,
            "500m이내병원수":6,
            "5km이내대형병원수":2,
            "500m이내공원수":4,
            "3km이내혐오시설수":1,
            "초등학교학업성취도":90.0,
            "중학교학업성취도":82.1,
            "용적률":238,
            "건폐율":59,
            "Y":37.43391,
            "X":126.903792,
            "rank":25.0,
            "area_info":"7평(24.74), 9평(31.18)",
            "last_sales":"2021-11-10,10000.0,7평(24.74)",
            "rank_history":[
                [
                    "202203",
                    25
                ],
                [
                    "202202",
                    9999
                ]
            ],
            "rank_gap":9999
        },
        {
            "index":427,
            "아파트명":"안양센트럴헤센",
            "투자타입":"일반",
            "전용면적(m2)":"83.18",
            "전용면적(평)":"25평",
            "법정동주소":"경기도 안양시 만안구 안양동 433-2",
            "도로명주소":"경기도 안양시 만안구 안양로 174",
            "세대수":0,
            "입주년차":100,
            "용적률점수":"--",
            "건폐율점수":"--",
            "세대당주차수":30,
            "난방방식":30,
            "공급면적":"--",
            "전용률":"--",
            "욕실수":100,
            "현관타입":100,
            "주거총점":47.5,
            "지역구공급총점":100.0,
            "역세권":50,
            "30분내 이동가능 거점":20,
            "1시간내 이동가능 거점":90,
            "교통총점":49.0,
            "백화점":100,
            "아울렛몰":80,
            "대형마트":100,
            "은행":70,
            "병원":60,
            "종합병원":100,
            "공원":100,
            "혐오시설":0,
            "인프라총점":89.0,
            "초등학군":90.04,
            "중학군":41.96,
            "학군총점":51.576,
            "인구수":26.5,
            "인구증감":-3.08,
            "인구총점":17.626,
            "일자리":13.65,
            "소득수준":63.58,
            "일자리총점":28.629,
            "가치 총점":61.0864,
            "매매실거래년":20210306.0,
            "매매실거래가":50500.0,
            "전세실거래년":20210904.0,
            "전세실거래가":45000.0,
            "전세가율":109.76,
            "장기전세가율평균":70.65,
            "전세가율거품지수":-39.11,
            "검색코드":120001,
            "세대수":188.0,
            "준공년월":"2020-08-01",
            "준공년차":3.0,
            "가까운역이름":"명학",
            "가까운역거리":786.69,
            "역세권여부":"준역세권",
            "30분이내주요거점역":1,
            "30분거점역이름":"['평촌']",
            "1시간이내주요거점역":9,
            "1시간거점역이름":"['여의도', '양재', '수원시청', '평촌', '가산디지털단지', '홍대입구', '수원', '구로디지털단지', '안산']",
            "3km이내백화점수":1,
            "5km이내아울렛몰수":1,
            "1km이내대형먀트수":2,
            "500m이내은행수":3,
            "500m이내병원수":15,
            "5km이내대형병원수":5,
            "500m이내공원수":4,
            "3km이내혐오시설수":0,
            "초등학교학업성취도":90.04,
            "중학교학업성취도":69.6,
            "용적률":0,
            "건폐율":0,
            "Y":37.389797,
            "X":126.929747,
            "rank":26.0,
            "area_info":"25평(83.18), 25평(83.89), 25평(83.82)",
            "last_sales":"2021-03-06,50500.0,25평(83.89)",
            "rank_history":[
                [
                    "202203",
                    26
                ],
                [
                    "202202",
                    13
                ],
                [
                    "202201",
                    15
                ]
            ],
            "rank_gap":-13
        },
        {
            "index":164,
            "아파트명":"석수지웰",
            "투자타입":"일반",
            "전용면적(m2)":"79.4",
            "전용면적(평)":"24평",
            "법정동주소":"경기도 안양시 만안구 석수동 864",
            "도로명주소":"경기도 안양시 만안구 삼성산길 26",
            "세대수":0,
            "입주년차":80,
            "용적률점수":"--",
            "건폐율점수":"--",
            "세대당주차수":30,
            "난방방식":30,
            "공급면적":"--",
            "전용률":"--",
            "욕실수":100,
            "현관타입":100,
            "주거총점":43.5,
            "지역구공급총점":100.0,
            "역세권":80,
            "30분내 이동가능 거점":40,
            "1시간내 이동가능 거점":100,
            "교통총점":72.0,
            "백화점":100,
            "아울렛몰":80,
            "대형마트":0,
            "은행":0,
            "병원":10,
            "종합병원":100,
            "공원":100,
            "혐오시설":-50,
            "인프라총점":61.0,
            "초등학군":90.0,
            "중학군":50.94,
            "학군총점":58.752,
            "인구수":26.5,
            "인구증감":-3.08,
            "인구총점":17.626,
            "일자리":13.65,
            "소득수준":63.58,
            "일자리총점":28.629,
            "가치 총점":61.0128,
            "매매실거래년":20210929.0,
            "매매실거래가":70500.0,
            "전세실거래년":20220127.0,
            "전세실거래가":43000.0,
            "전세가율":66.46,
            "장기전세가율평균":70.65,
            "전세가율거품지수":4.19,
            "검색코드":110781,
            "세대수":90.0,
            "준공년월":"2015-12-01",
            "준공년차":8.0,
            "가까운역이름":"석수",
            "가까운역거리":368.97,
            "역세권여부":"역세권",
            "30분이내주요거점역":2,
            "30분거점역이름":"['가산디지털단지', '구로디지털단지']",
            "1시간이내주요거점역":14,
            "1시간거점역이름":"['강남', '역삼', '여의도', '을지로3가', '양재', '수원시청', '평촌', '가산디지털단지', '홍대입구', '수원', '구로디지털단지', '명동', '안산', '마곡']",
            "3km이내백화점수":1,
            "5km이내아울렛몰수":1,
            "1km이내대형먀트수":0,
            "500m이내은행수":0,
            "500m이내병원수":3,
            "5km이내대형병원수":2,
            "500m이내공원수":3,
            "3km이내혐오시설수":1,
            "초등학교학업성취도":90.0,
            "중학교학업성취도":82.1,
            "용적률":224,
            "건폐율":23,
            "Y":37.433725,
            "X":126.906128,
            "rank":27.0,
            "area_info":"24평(79.4), 24평(80.06), 29평(98.86), 29평(98.86), 33평(111.07), 34평(113.2)",
            "last_sales":"2021-09-29,70500.0,29평(98.86)",
            "rank_history":[
                [
                    "202203",
                    27
                ],
                [
                    "202202",
                    9999
                ]
            ],
            "rank_gap":9999
        },
        {
            "index":212,
            "아파트명":"한양수자인",
            "투자타입":"일반",
            "전용면적(m2)":"86.21",
            "전용면적(평)":"26평",
            "법정동주소":"경기도 안양시 만안구 석수동 417-1",
            "도로명주소":"경기도 안양시 만안구 연현로 79",
            "세대수":0,
            "입주년차":60,
            "용적률점수":"--",
            "건폐율점수":"--",
            "세대당주차수":30,
            "난방방식":30,
            "공급면적":"--",
            "전용률":"--",
            "욕실수":100,
            "현관타입":100,
            "주거총점":39.5,
            "지역구공급총점":100.0,
            "역세권":80,
            "30분내 이동가능 거점":40,
            "1시간내 이동가능 거점":100,
            "교통총점":72.0,
            "백화점":100,
            "아울렛몰":80,
            "대형마트":0,
            "은행":0,
            "병원":30,
            "종합병원":100,
            "공원":100,
            "혐오시설":-50,
            "인프라총점":63.0,
            "초등학군":90.0,
            "중학군":50.94,
            "학군총점":58.752,
            "인구수":26.5,
            "인구증감":-3.08,
            "인구총점":17.626,
            "일자리":13.65,
            "소득수준":63.58,
            "일자리총점":28.629,
            "가치 총점":60.8128,
            "매매실거래년":20210717.0,
            "매매실거래가":79000.0,
            "전세실거래년":20210915.0,
            "전세실거래가":53000.0,
            "전세가율":81.54,
            "장기전세가율평균":70.65,
            "전세가율거품지수":-10.89,
            "검색코드":100190,
            "세대수":126.0,
            "준공년월":"2009-03-25",
            "준공년차":14.0,
            "가까운역이름":"석수",
            "가까운역거리":447.73,
            "역세권여부":"역세권",
            "30분이내주요거점역":2,
            "30분거점역이름":"['가산디지털단지', '구로디지털단지']",
            "1시간이내주요거점역":13,
            "1시간거점역이름":"['강남', '역삼', '여의도', '을지로3가', '수원시청', '평촌', '가산디지털단지', '홍대입구', '수원', '구로디지털단지', '명동', '안산', '마곡']",
            "3km이내백화점수":1,
            "5km이내아울렛몰수":1,
            "1km이내대형먀트수":0,
            "500m이내은행수":0,
            "500m이내병원수":7,
            "5km이내대형병원수":2,
            "500m이내공원수":3,
            "3km이내혐오시설수":1,
            "초등학교학업성취도":90.0,
            "중학교학업성취도":82.1,
            "용적률":229,
            "건폐율":21,
            "Y":37.431097,
            "X":126.901697,
            "rank":28.0,
            "area_info":"26평(86.21), 33평(112.03), 34평(113.13), 34평(113.97), 34평(114.07)",
            "last_sales":"2021-07-17,79000.0,34평(113.97)",
            "rank_history":[
                [
                    "202203",
                    28
                ],
                [
                    "202202",
                    19
                ],
                [
                    "202201",
                    30
                ]
            ],
            "rank_gap":-9
        },
        {
            "index":207,
            "아파트명":"주공그린빌",
            "투자타입":"일반",
            "전용면적(m2)":"75.7",
            "전용면적(평)":"22평",
            "법정동주소":"경기도 안양시 만안구 석수동 805",
            "도로명주소":"경기도 안양시 만안구 삼막로 12",
            "세대수":50,
            "입주년차":20,
            "용적률점수":"--",
            "건폐율점수":"--",
            "세대당주차수":0,
            "난방방식":30,
            "공급면적":"--",
            "전용률":"--",
            "욕실수":50,
            "현관타입":10,
            "주거총점":30.5,
            "지역구공급총점":100.0,
            "역세권":80,
            "30분내 이동가능 거점":60,
            "1시간내 이동가능 거점":100,
            "교통총점":78.0,
            "백화점":100,
            "아울렛몰":80,
            "대형마트":0,
            "은행":0,
            "병원":10,
            "종합병원":100,
            "공원":100,
            "혐오시설":0,
            "인프라총점":62.0,
            "초등학군":89.99,
            "중학군":50.94,
            "학군총점":58.75,
            "인구수":26.5,
            "인구증감":-3.08,
            "인구총점":17.626,
            "일자리":13.65,
            "소득수준":63.58,
            "일자리총점":28.629,
            "가치 총점":60.8125,
            "매매실거래년":20211127.0,
            "매매실거래가":68000.0,
            "전세실거래년":20220126.0,
            "전세실거래가":33000.0,
            "전세가율":57.49,
            "장기전세가율평균":70.65,
            "전세가율거품지수":13.16,
            "검색코드":8390,
            "세대수":543.0,
            "준공년월":"2003-09-06",
            "준공년차":20.0,
            "가까운역이름":"관악",
            "가까운역거리":207.56,
            "역세권여부":"역세권",
            "30분이내주요거점역":3,
            "30분거점역이름":"['평촌', '가산디지털단지', '구로디지털단지']",
            "1시간이내주요거점역":12,
            "1시간거점역이름":"['강남', '역삼', '여의도', '을지로3가', '수원시청', '평촌', '가산디지털단지', '홍대입구', '수원', '구로디지털단지', '명동', '안산']",
            "3km이내백화점수":1,
            "5km이내아울렛몰수":1,
            "1km이내대형먀트수":0,
            "500m이내은행수":0,
            "500m이내병원수":4,
            "5km이내대형병원수":2,
            "500m이내공원수":2,
            "3km이내혐오시설수":0,
            "초등학교학업성취도":89.99,
            "중학교학업성취도":82.1,
            "용적률":208,
            "건폐율":22,
            "Y":37.420957,
            "X":126.91007,
            "rank":29.0,
            "area_info":"22평(75.7), 23평(78.13), 31평(105.0), 32평(108.28), 42평(140.92)",
            "last_sales":"2021-11-27,68000.0,23평(78.13)",
            "rank_history":[
                [
                    "202203",
                    29
                ],
                [
                    "202202",
                    20
                ],
                [
                    "202201",
                    32
                ]
            ],
            "rank_gap":-9
        },
        {
            "index":479,
            "아파트명":"우양파크빌",
            "투자타입":"일반",
            "전용면적(m2)":"93.88",
            "전용면적(평)":"28평",
            "법정동주소":"경기도 안양시 만안구 안양동 522-9",
            "도로명주소":"경기도 안양시 만안구 문예로 27",
            "세대수":0,
            "입주년차":20,
            "용적률점수":"--",
            "건폐율점수":"--",
            "세대당주차수":30,
            "난방방식":30,
            "공급면적":"--",
            "전용률":"--",
            "욕실수":100,
            "현관타입":100,
            "주거총점":31.5,
            "지역구공급총점":100.0,
            "역세권":80,
            "30분내 이동가능 거점":40,
            "1시간내 이동가능 거점":100,
            "교통총점":72.0,
            "백화점":100,
            "아울렛몰":80,
            "대형마트":0,
            "은행":70,
            "병원":60,
            "종합병원":100,
            "공원":100,
            "혐오시설":0,
            "인프라총점":74.0,
            "초등학군":89.98,
            "중학군":35.7,
            "학군총점":46.556,
            "인구수":26.5,
            "인구증감":-3.08,
            "인구총점":17.626,
            "일자리":13.65,
            "소득수준":63.58,
            "일자리총점":28.629,
            "가치 총점":60.6834,
            "매매실거래년":20211013.0,
            "매매실거래가":47800.0,
            "전세실거래년":20211023.0,
            "전세실거래가":26250.0,
            "전세가율":54.92,
            "장기전세가율평균":70.65,
            "전세가율거품지수":15.73,
            "검색코드":11193,
            "세대수":69.0,
            "준공년월":"2002-12-31",
            "준공년차":21.0,
            "가까운역이름":"명학",
            "가까운역거리":435.64,
            "역세권여부":"역세권",
            "30분이내주요거점역":2,
            "30분거점역이름":"['평촌', '가산디지털단지']",
            "1시간이내주요거점역":12,
            "1시간거점역이름":"['여의도', '을지로3가', '수원시청', '평촌', '가산디지털단지', '왕십리', '홍대입구', '수원', '구로디지털단지', '명동', '안산', 'GTX킨텍스(2023년)']",
            "3km이내백화점수":1,
            "5km이내아울렛몰수":1,
            "1km이내대형먀트수":0,
            "500m이내은행수":4,
            "500m이내병원수":19,
            "5km이내대형병원수":5,
            "500m이내공원수":4,
            "3km이내혐오시설수":0,
            "초등학교학업성취도":89.98,
            "중학교학업성취도":58.7,
            "용적률":238,
            "건폐율":22,
            "Y":37.385374,
            "X":126.930798,
            "rank":30.0,
            "area_info":"28평(93.88), 29평(98.1), 31평(104.69)",
            "last_sales":"2021-10-13,47800.0,28평(93.88)",
            "rank_history":[
                [
                    "202203",
                    30
                ],
                [
                    "202202",
                    9999
                ]
            ],
            "rank_gap":9999
        },
        {
            "index":283,
            "아파트명":"리치빌2(도시형)",
            "투자타입":"일반",
            "전용면적(m2)":"20.99",
            "전용면적(평)":"6평",
            "법정동주소":"경기도 안양시 만안구 안양동 689-89",
            "도로명주소":"경기도 안양시 만안구 안양로324번길 37",
            "세대수":0,
            "입주년차":80,
            "용적률점수":"--",
            "건폐율점수":"--",
            "세대당주차수":0,
            "난방방식":30,
            "공급면적":"--",
            "전용률":"--",
            "욕실수":50,
            "현관타입":10,
            "주거총점":25.0,
            "지역구공급총점":100.0,
            "역세권":80,
            "30분내 이동가능 거점":60,
            "1시간내 이동가능 거점":100,
            "교통총점":78.0,
            "백화점":0,
            "아울렛몰":80,
            "대형마트":100,
            "은행":100,
            "병원":100,
            "종합병원":100,
            "공원":100,
            "혐오시설":0,
            "인프라총점":66.0,
            "초등학군":90.0,
            "중학군":48.64,
            "학군총점":56.912,
            "인구수":26.5,
            "인구증감":-3.08,
            "인구총점":17.626,
            "일자리":13.65,
            "소득수준":63.58,
            "일자리총점":28.629,
            "가치 총점":60.6368,
            "매매실거래년":20211101.0,
            "매매실거래가":8500.0,
            "전세실거래년":null,
            "전세실거래가":null,
            "전세가율":null,
            "장기전세가율평균":70.65,
            "전세가율거품지수":null,
            "검색코드":121390,
            "세대수":69.0,
            "준공년월":"2015-01-06",
            "준공년차":8.0,
            "가까운역이름":"안양",
            "가까운역거리":239.58,
            "역세권여부":"역세권",
            "30분이내주요거점역":3,
            "30분거점역이름":"['평촌', '가산디지털단지', '수원']",
            "1시간이내주요거점역":15,
            "1시간거점역이름":"['강남', '역삼', '여의도', '을지로3가', '수원시청', '평촌', '가산디지털단지', '왕십리', '홍대입구', '수원', '구로디지털단지', '명동', '안산', '마곡', 'GTX킨텍스(2023년)']",
            "3km이내백화점수":0,
            "5km이내아울렛몰수":1,
            "1km이내대형먀트수":2,
            "500m이내은행수":6,
            "500m이내병원수":87,
            "5km이내대형병원수":4,
            "500m이내공원수":2,
            "3km이내혐오시설수":0,
            "초등학교학업성취도":90.0,
            "중학교학업성취도":79.6,
            "용적률":375,
            "건폐율":54,
            "Y":37.402471,
            "X":126.920205,
            "rank":31.0,
            "area_info":"6평(20.99), 6평(21.09)",
            "last_sales":"2021-11-01,8500.0,6평(21.09)",
            "rank_history":[
                [
                    "202203",
                    31
                ],
                [
                    "202202",
                    9999
                ]
            ],
            "rank_gap":9999
        },
        {
            "index":245,
            "아파트명":"대동아",
            "투자타입":"재건축",
            "전용면적(m2)":"61.95",
            "전용면적(평)":"18평",
            "법정동주소":"경기도 안양시 만안구 안양동 190-11",
            "도로명주소":"경기도 안양시 만안구 전파로 63",
            "세대수":0,
            "입주년차":"--",
            "용적률점수":80,
            "건폐율점수":80,
            "세대당주차수":"--",
            "난방방식":"--",
            "공급면적":50,
            "전용률":60,
            "욕실수":"--",
            "현관타입":"--",
            "주거총점":53.5,
            "지역구공급총점":100.0,
            "역세권":50,
            "30분내 이동가능 거점":20,
            "1시간내 이동가능 거점":90,
            "교통총점":49.0,
            "백화점":100,
            "아울렛몰":80,
            "대형마트":100,
            "은행":0,
            "병원":30,
            "종합병원":100,
            "공원":80,
            "혐오시설":0,
            "인프라총점":78.4,
            "초등학군":90.0,
            "중학군":53.84,
            "학군총점":61.072,
            "인구수":26.5,
            "인구증감":-3.08,
            "인구총점":17.626,
            "일자리":13.65,
            "소득수준":63.58,
            "일자리총점":28.629,
            "가치 총점":60.5308,
            "매매실거래년":20220110.0,
            "매매실거래가":20890.0,
            "전세실거래년":20201029.0,
            "전세실거래가":12000.0,
            "전세가율":51.39,
            "장기전세가율평균":70.65,
            "전세가율거품지수":19.26,
            "검색코드":14884,
            "세대수":168.0,
            "준공년월":"1984-06-30",
            "준공년차":39.0,
            "가까운역이름":"명학",
            "가까운역거리":773.9,
            "역세권여부":"준역세권",
            "30분이내주요거점역":1,
            "30분거점역이름":"['평촌']",
            "1시간이내주요거점역":9,
            "1시간거점역이름":"['강남', '역삼', '수원시청', '평촌', '가산디지털단지', '홍대입구', '수원', '구로디지털단지', '안산']",
            "3km이내백화점수":1,
            "5km이내아울렛몰수":1,
            "1km이내대형먀트수":4,
            "500m이내은행수":1,
            "500m이내병원수":5,
            "5km이내대형병원수":5,
            "500m이내공원수":1,
            "3km이내혐오시설수":0,
            "초등학교학업성취도":90.0,
            "중학교학업성취도":86.6,
            "용적률":156,
            "건폐율":26,
            "Y":37.390423,
            "X":126.940111,
            "rank":32.0,
            "area_info":"18평(61.95), 19평(64.89)",
            "last_sales":"2022-01-10,20890.0,19평(64.89)",
            "rank_history":[
                [
                    "202203",
                    32
                ],
                [
                    "202202",
                    16
                ],
                [
                    "202201",
                    11
                ]
            ],
            "rank_gap":-16
        },
        {
            "index":103,
            "아파트명":"관악역이안",
            "투자타입":"일반",
            "전용면적(m2)":"82.34",
            "전용면적(평)":"24평",
            "법정동주소":"경기도 안양시 만안구 석수동 101-16",
            "도로명주소":"경기도 안양시 만안구 경수대로1290번길 15",
            "세대수":0,
            "입주년차":60,
            "용적률점수":"--",
            "건폐율점수":"--",
            "세대당주차수":30,
            "난방방식":30,
            "공급면적":"--",
            "전용률":"--",
            "욕실수":100,
            "현관타입":100,
            "주거총점":39.5,
            "지역구공급총점":100.0,
            "역세권":80,
            "30분내 이동가능 거점":40,
            "1시간내 이동가능 거점":100,
            "교통총점":72.0,
            "백화점":100,
            "아울렛몰":80,
            "대형마트":0,
            "은행":0,
            "병원":10,
            "종합병원":100,
            "공원":100,
            "혐오시설":0,
            "인프라총점":62.0,
            "초등학군":89.99,
            "중학군":50.94,
            "학군총점":58.75,
            "인구수":26.5,
            "인구증감":-3.08,
            "인구총점":17.626,
            "일자리":13.65,
            "소득수준":63.58,
            "일자리총점":28.629,
            "가치 총점":60.5125,
            "매매실거래년":20211212.0,
            "매매실거래가":59800.0,
            "전세실거래년":20210724.0,
            "전세실거래가":30450.0,
            "전세가율":50.92,
            "장기전세가율평균":70.65,
            "전세가율거품지수":19.73,
            "검색코드":100309,
            "세대수":271.0,
            "준공년월":"2010-04-01",
            "준공년차":13.0,
            "가까운역이름":"관악",
            "가까운역거리":396.43,
            "역세권여부":"역세권",
            "30분이내주요거점역":2,
            "30분거점역이름":"['가산디지털단지', '구로디지털단지']",
            "1시간이내주요거점역":12,
            "1시간거점역이름":"['강남', '역삼', '여의도', '수원시청', '평촌', '가산디지털단지', '홍대입구', '수원', '구로디지털단지', '명동', '안산', '마곡']",
            "3km이내백화점수":1,
            "5km이내아울렛몰수":1,
            "1km이내대형먀트수":0,
            "500m이내은행수":0,
            "500m이내병원수":4,
            "5km이내대형병원수":2,
            "500m이내공원수":3,
            "3km이내혐오시설수":0,
            "초등학교학업성취도":89.99,
            "중학교학업성취도":82.1,
            "용적률":222,
            "건폐율":24,
            "Y":37.423131,
            "X":126.908344,
            "rank":33.0,
            "area_info":"24평(82.34), 24평(82.25), 31평(105.14), 32평(107.85), 33평(111.66), 34평(115.53), 44평(148.71), 45평(151.13), 46평(153.61)",
            "last_sales":"2021-12-12,59800.0,24평(82.34)",
            "rank_history":[
                [
                    "202203",
                    33
                ],
                [
                    "202202",
                    27
                ],
                [
                    "202201",
                    36
                ]
            ],
            "rank_gap":-6
        },
        {
            "index":102,
            "아파트명":"관악역우방유쉘",
            "투자타입":"일반",
            "전용면적(m2)":"141.45",
            "전용면적(평)":"42평",
            "법정동주소":"경기도 안양시 만안구 석수동 278-1",
            "도로명주소":"경기도 안양시 만안구 안양로 500",
            "세대수":0,
            "입주년차":40,
            "용적률점수":"--",
            "건폐율점수":"--",
            "세대당주차수":60,
            "난방방식":30,
            "공급면적":"--",
            "전용률":"--",
            "욕실수":100,
            "현관타입":100,
            "주거총점":40.0,
            "지역구공급총점":100.0,
            "역세권":80,
            "30분내 이동가능 거점":40,
            "1시간내 이동가능 거점":100,
            "교통총점":72.0,
            "백화점":100,
            "아울렛몰":80,
            "대형마트":0,
            "은행":0,
            "병원":60,
            "종합병원":100,
            "공원":80,
            "혐오시설":0,
            "인프라총점":66.4,
            "초등학군":89.98,
            "중학군":36.8,
            "학군총점":47.436,
            "인구수":26.5,
            "인구증감":-3.08,
            "인구총점":17.626,
            "일자리":13.65,
            "소득수준":63.58,
            "일자리총점":28.629,
            "가치 총점":60.2354,
            "매매실거래년":20201116.0,
            "매매실거래가":68000.0,
            "전세실거래년":20220106.0,
            "전세실거래가":38000.0,
            "전세가율":55.88,
            "장기전세가율평균":70.65,
            "전세가율거품지수":14.77,
            "검색코드":25611,
            "세대수":96.0,
            "준공년월":"2008-03-31",
            "준공년차":15.0,
            "가까운역이름":"만안 (2026년 예정)",
            "가까운역거리":192.6,
            "역세권여부":"역세권",
            "30분이내주요거점역":2,
            "30분거점역이름":"['가산디지털단지', '구로디지털단지']",
            "1시간이내주요거점역":12,
            "1시간거점역이름":"['강남', '역삼', '여의도', '수원시청', '평촌', '가산디지털단지', '홍대입구', '수원', '구로디지털단지', '명동', '안산', '마곡']",
            "3km이내백화점수":1,
            "5km이내아울렛몰수":1,
            "1km이내대형먀트수":0,
            "500m이내은행수":1,
            "500m이내병원수":14,
            "5km이내대형병원수":3,
            "500m이내공원수":1,
            "3km이내혐오시설수":0,
            "초등학교학업성취도":89.98,
            "중학교학업성취도":59.8,
            "용적률":234,
            "건폐율":30,
            "Y":37.414648,
            "X":126.908874,
            "rank":34.0,
            "area_info":"42평(141.45)",
            "last_sales":"2020-11-16,68000.0,42평(141.45)",
            "rank_history":[
                [
                    "202203",
                    34
                ],
                [
                    "202202",
                    9999
                ]
            ],
            "rank_gap":9999
        },
        {
            "index":123,
            "아파트명":"삼우수피아",
            "투자타입":"일반",
            "전용면적(m2)":"77.76",
            "전용면적(평)":"23평",
            "법정동주소":"경기도 안양시 만안구 석수동 281-1",
            "도로명주소":"경기도 안양시 만안구 안양로 507",
            "세대수":0,
            "입주년차":80,
            "용적률점수":"--",
            "건폐율점수":"--",
            "세대당주차수":0,
            "난방방식":30,
            "공급면적":"--",
            "전용률":"--",
            "욕실수":100,
            "현관타입":100,
            "주거총점":39.0,
            "지역구공급총점":100.0,
            "역세권":80,
            "30분내 이동가능 거점":40,
            "1시간내 이동가능 거점":100,
            "교통총점":72.0,
            "백화점":100,
            "아울렛몰":80,
            "대형마트":0,
            "은행":0,
            "병원":60,
            "종합병원":100,
            "공원":80,
            "혐오시설":0,
            "인프라총점":66.4,
            "초등학군":89.98,
            "중학군":36.8,
            "학군총점":47.436,
            "인구수":26.5,
            "인구증감":-3.08,
            "인구총점":17.626,
            "일자리":13.65,
            "소득수준":63.58,
            "일자리총점":28.629,
            "가치 총점":60.0354,
            "매매실거래년":20220110.0,
            "매매실거래가":46000.0,
            "전세실거래년":20211028.0,
            "전세실거래가":30000.0,
            "전세가율":65.22,
            "장기전세가율평균":70.65,
            "전세가율거품지수":5.43,
            "검색코드":119629,
            "세대수":56.0,
            "준공년월":"2018-01-09",
            "준공년차":5.0,
            "가까운역이름":"만안 (2026년 예정)",
            "가까운역거리":188.49,
            "역세권여부":"역세권",
            "30분이내주요거점역":2,
            "30분거점역이름":"['가산디지털단지', '구로디지털단지']",
            "1시간이내주요거점역":12,
            "1시간거점역이름":"['강남', '역삼', '여의도', '수원시청', '평촌', '가산디지털단지', '홍대입구', '수원', '구로디지털단지', '명동', '안산', '마곡']",
            "3km이내백화점수":1,
            "5km이내아울렛몰수":1,
            "1km이내대형먀트수":0,
            "500m이내은행수":1,
            "500m이내병원수":11,
            "5km이내대형병원수":3,
            "500m이내공원수":1,
            "3km이내혐오시설수":0,
            "초등학교학업성취도":89.98,
            "중학교학업성취도":59.8,
            "용적률":317,
            "건폐율":51,
            "Y":37.414313,
            "X":126.908001,
            "rank":35.0,
            "area_info":"23평(77.76)",
            "last_sales":"2022-01-10,46000.0,23평(77.76)",
            "rank_history":[
                [
                    "202203",
                    35
                ],
                [
                    "202202",
                    9999
                ]
            ],
            "rank_gap":9999
        },
        {
            "index":180,
            "아파트명":"석수현진에버빌",
            "투자타입":"일반",
            "전용면적(m2)":"79.34",
            "전용면적(평)":"24평",
            "법정동주소":"경기도 안양시 만안구 석수동 413-2",
            "도로명주소":"경기도 안양시 만안구 연현로 75",
            "세대수":0,
            "입주년차":40,
            "용적률점수":"--",
            "건폐율점수":"--",
            "세대당주차수":30,
            "난방방식":30,
            "공급면적":"--",
            "전용률":"--",
            "욕실수":100,
            "현관타입":100,
            "주거총점":35.5,
            "지역구공급총점":100.0,
            "역세권":80,
            "30분내 이동가능 거점":40,
            "1시간내 이동가능 거점":100,
            "교통총점":72.0,
            "백화점":100,
            "아울렛몰":80,
            "대형마트":0,
            "은행":0,
            "병원":30,
            "종합병원":100,
            "공원":100,
            "혐오시설":-50,
            "인프라총점":63.0,
            "초등학군":90.0,
            "중학군":50.94,
            "학군총점":58.752,
            "인구수":26.5,
            "인구증감":-3.08,
            "인구총점":17.626,
            "일자리":13.65,
            "소득수준":63.58,
            "일자리총점":28.629,
            "가치 총점":60.0128,
            "매매실거래년":20210811.0,
            "매매실거래가":67400.0,
            "전세실거래년":20220208.0,
            "전세실거래가":43000.0,
            "전세가율":63.8,
            "장기전세가율평균":70.65,
            "전세가율거품지수":6.85,
            "검색코드":26206,
            "세대수":154.0,
            "준공년월":"2007-12-14",
            "준공년차":16.0,
            "가까운역이름":"석수",
            "가까운역거리":497.05,
            "역세권여부":"역세권",
            "30분이내주요거점역":2,
            "30분거점역이름":"['가산디지털단지', '구로디지털단지']",
            "1시간이내주요거점역":13,
            "1시간거점역이름":"['강남', '역삼', '여의도', '을지로3가', '수원시청', '평촌', '가산디지털단지', '홍대입구', '수원', '구로디지털단지', '명동', '안산', '마곡']",
            "3km이내백화점수":1,
            "5km이내아울렛몰수":1,
            "1km이내대형먀트수":0,
            "500m이내은행수":0,
            "500m이내병원수":7,
            "5km이내대형병원수":2,
            "500m이내공원수":4,
            "3km이내혐오시설수":1,
            "초등학교학업성취도":90.0,
            "중학교학업성취도":82.1,
            "용적률":250,
            "건폐율":26,
            "Y":37.430624,
            "X":126.902195,
            "rank":36.0,
            "area_info":"24평(79.34), 24평(79.34), 24평(79.34), 30평(99.18)",
            "last_sales":"2021-08-11,67400.0,24평(79.34)",
            "rank_history":[
                [
                    "202203",
                    36
                ],
                [
                    "202202",
                    21
                ],
                [
                    "202201",
                    33
                ]
            ],
            "rank_gap":-15
        },
        {
            "index":126,
            "아파트명":"석수2차e-편한세상",
            "투자타입":"일반",
            "전용면적(m2)":"79.36",
            "전용면적(평)":"24평",
            "법정동주소":"경기도 안양시 만안구 석수동 382",
            "도로명주소":"경기도 안양시 만안구 경수대로1394번길 11",
            "세대수":0,
            "입주년차":40,
            "용적률점수":"--",
            "건폐율점수":"--",
            "세대당주차수":30,
            "난방방식":30,
            "공급면적":"--",
            "전용률":"--",
            "욕실수":100,
            "현관타입":100,
            "주거총점":35.5,
            "지역구공급총점":100.0,
            "역세권":80,
            "30분내 이동가능 거점":40,
            "1시간내 이동가능 거점":100,
            "교통총점":72.0,
            "백화점":100,
            "아울렛몰":80,
            "대형마트":0,
            "은행":0,
            "병원":30,
            "종합병원":100,
            "공원":100,
            "혐오시설":-50,
            "인프라총점":63.0,
            "초등학군":90.0,
            "중학군":50.94,
            "학군총점":58.752,
            "인구수":26.5,
            "인구증감":-3.08,
            "인구총점":17.626,
            "일자리":13.65,
            "소득수준":63.58,
            "일자리총점":28.629,
            "가치 총점":60.0128,
            "매매실거래년":20210118.0,
            "매매실거래가":72900.0,
            "전세실거래년":20210313.0,
            "전세실거래가":42000.0,
            "전세가율":76.36,
            "장기전세가율평균":70.65,
            "전세가율거품지수":-5.71,
            "검색코드":19038,
            "세대수":231.0,
            "준공년월":"2006-01-20",
            "준공년차":17.0,
            "가까운역이름":"석수",
            "가까운역거리":439.09,
            "역세권여부":"역세권",
            "30분이내주요거점역":2,
            "30분거점역이름":"['가산디지털단지', '구로디지털단지']",
            "1시간이내주요거점역":14,
            "1시간거점역이름":"['강남', '역삼', '여의도', '을지로3가', '양재', '수원시청', '평촌', '가산디지털단지', '홍대입구', '수원', '구로디지털단지', '명동', '안산', '마곡']",
            "3km이내백화점수":1,
            "5km이내아울렛몰수":1,
            "1km이내대형먀트수":0,
            "500m이내은행수":0,
            "500m이내병원수":6,
            "5km이내대형병원수":2,
            "500m이내공원수":4,
            "3km이내혐오시설수":1,
            "초등학교학업성취도":90.0,
            "중학교학업성취도":82.1,
            "용적률":222,
            "건폐율":21,
            "Y":37.431658,
            "X":126.904774,
            "rank":36.0,
            "area_info":"24평(79.36), 31평(102.75), 32평(107.68), 33평(109.19)",
            "last_sales":"2021-01-18,72900.0,33평(109.19)",
            "rank_history":[
                [
                    "202203",
                    36
                ],
                [
                    "202202",
                    26
                ],
                [
                    "202201",
                    37
                ]
            ],
            "rank_gap":-10
        },
        {
            "index":347,
            "아파트명":"수리산성원상떼빌1차",
            "투자타입":"일반",
            "전용면적(m2)":"79.82",
            "전용면적(평)":"24평",
            "법정동주소":"경기도 안양시 만안구 안양동 709-16",
            "도로명주소":"경기도 안양시 만안구 장내로 76",
            "세대수":50,
            "입주년차":40,
            "용적률점수":"--",
            "건폐율점수":"--",
            "세대당주차수":30,
            "난방방식":30,
            "공급면적":"--",
            "전용률":"--",
            "욕실수":100,
            "현관타입":100,
            "주거총점":53.0,
            "지역구공급총점":100.0,
            "역세권":50,
            "30분내 이동가능 거점":20,
            "1시간내 이동가능 거점":90,
            "교통총점":49.0,
            "백화점":100,
            "아울렛몰":100,
            "대형마트":80,
            "은행":0,
            "병원":60,
            "종합병원":100,
            "공원":100,
            "혐오시설":0,
            "인프라총점":81.0,
            "초등학군":89.97,
            "중학군":41.96,
            "학군총점":51.562,
            "인구수":26.5,
            "인구증감":-3.08,
            "인구총점":17.626,
            "일자리":13.65,
            "소득수준":63.58,
            "일자리총점":28.629,
            "가치 총점":59.7843,
            "매매실거래년":20211017.0,
            "매매실거래가":66700.0,
            "전세실거래년":20211220.0,
            "전세실거래가":30000.0,
            "전세가율":54.55,
            "장기전세가율평균":70.65,
            "전세가율거품지수":16.1,
            "검색코드":13798,
            "세대수":469.0,
            "준공년월":"2006-12-27",
            "준공년차":17.0,
            "가까운역이름":"안양",
            "가까운역거리":980.87,
            "역세권여부":"준역세권",
            "30분이내주요거점역":1,
            "30분거점역이름":"['가산디지털단지']",
            "1시간이내주요거점역":9,
            "1시간거점역이름":"['여의도', '수원시청', '평촌', '가산디지털단지', '홍대입구', '수원', '구로디지털단지', '명동', '안산']",
            "3km이내백화점수":1,
            "5km이내아울렛몰수":2,
            "1km이내대형먀트수":1,
            "500m이내은행수":0,
            "500m이내병원수":21,
            "5km이내대형병원수":5,
            "500m이내공원수":3,
            "3km이내혐오시설수":0,
            "초등학교학업성취도":89.97,
            "중학교학업성취도":69.6,
            "용적률":275,
            "건폐율":21,
            "Y":37.393851,
            "X":126.917623,
            "rank":37.0,
            "area_info":"24평(79.82), 32평(108.28), 41평(135.7), 41평(136.15)",
            "last_sales":"2021-10-17,66700.0,32평(108.28)",
            "rank_history":[
                [
                    "202203",
                    37
                ],
                [
                    "202202",
                    30
                ],
                [
                    "202201",
                    18
                ]
            ],
            "rank_gap":-7
        },
        {
            "index":394,
            "아파트명":"안양광신프로그레스리버뷰",
            "투자타입":"일반",
            "전용면적(m2)":"70.53",
            "전용면적(평)":"21평",
            "법정동주소":"경기도 안양시 만안구 안양동 190-6번지 일원",
            "도로명주소":"경기도 안양시 만안구 전파로61번길 20",
            "세대수":0,
            "입주년차":100,
            "용적률점수":"--",
            "건폐율점수":"--",
            "세대당주차수":30,
            "난방방식":30,
            "공급면적":"--",
            "전용률":"--",
            "욕실수":50,
            "현관타입":100,
            "주거총점":42.5,
            "지역구공급총점":100.0,
            "역세권":50,
            "30분내 이동가능 거점":20,
            "1시간내 이동가능 거점":100,
            "교통총점":51.0,
            "백화점":100,
            "아울렛몰":80,
            "대형마트":100,
            "은행":20,
            "병원":30,
            "종합병원":100,
            "공원":80,
            "혐오시설":0,
            "인프라총점":80.4,
            "초등학군":90.0,
            "중학군":53.84,
            "학군총점":61.072,
            "인구수":26.5,
            "인구증감":-3.08,
            "인구총점":17.626,
            "일자리":13.65,
            "소득수준":63.58,
            "일자리총점":28.629,
            "가치 총점":59.6308,
            "매매실거래년":"18000101",
            "매매실거래가":null,
            "전세실거래년":null,
            "전세실거래가":null,
            "전세가율":null,
            "장기전세가율평균":70.65,
            "전세가율거품지수":null,
            "검색코드":138689,
            "세대수":230.0,
            "준공년월":"2021-06-01",
            "준공년차":2.0,
            "가까운역이름":"명학",
            "가까운역거리":850.26,
            "역세권여부":"준역세권",
            "30분이내주요거점역":1,
            "30분거점역이름":"['평촌']",
            "1시간이내주요거점역":11,
            "1시간거점역이름":"['강남', '역삼', '양재', '수원시청', '평촌', '가산디지털단지', '홍대입구', '수원', '구로디지털단지', '명동', '안산']",
            "3km이내백화점수":1,
            "5km이내아울렛몰수":1,
            "1km이내대형먀트수":5,
            "500m이내은행수":2,
            "500m이내병원수":6,
            "5km이내대형병원수":5,
            "500m이내공원수":1,
            "3km이내혐오시설수":0,
            "초등학교학업성취도":90.0,
            "중학교학업성취도":86.6,
            "용적률":0,
            "건폐율":0,
            "Y":37.391125,
            "X":126.940311,
            "rank":38.0,
            "area_info":"21평(70.53), 24평(81.04), 24평(81.51), 29평(97.91), 34평(113.59)",
            "last_sales":"1800-01-01,nan,21평(70.53)",
            "rank_history":[
                [
                    "202203",
                    38
                ],
                [
                    "202202",
                    22
                ],
                [
                    "202201",
                    14
                ]
            ],
            "rank_gap":-16
        },
        {
            "index":383,
            "아파트명":"안양KCC스위첸",
            "투자타입":"일반",
            "전용면적(m2)":"83.63",
            "전용면적(평)":"25평",
            "법정동주소":"경기도 안양시 만안구 안양동 433-1",
            "도로명주소":"경기도 안양시 만안구 안양로 180",
            "세대수":0,
            "입주년차":100,
            "용적률점수":"--",
            "건폐율점수":"--",
            "세대당주차수":0,
            "난방방식":30,
            "공급면적":"--",
            "전용률":"--",
            "욕실수":100,
            "현관타입":100,
            "주거총점":43.0,
            "지역구공급총점":100.0,
            "역세권":50,
            "30분내 이동가능 거점":20,
            "1시간내 이동가능 거점":100,
            "교통총점":51.0,
            "백화점":100,
            "아울렛몰":80,
            "대형마트":100,
            "은행":20,
            "병원":60,
            "종합병원":100,
            "공원":100,
            "혐오시설":0,
            "인프라총점":84.0,
            "초등학군":90.04,
            "중학군":41.96,
            "학군총점":51.576,
            "인구수":26.5,
            "인구증감":-3.08,
            "인구총점":17.626,
            "일자리":13.65,
            "소득수준":63.58,
            "일자리총점":28.629,
            "가치 총점":59.3864,
            "매매실거래년":20210816.0,
            "매매실거래가":56403.0,
            "전세실거래년":20211119.0,
            "전세실거래가":50000.0,
            "전세가율":88.65,
            "장기전세가율평균":70.65,
            "전세가율거품지수":-18.0,
            "검색코드":122966,
            "세대수":138.0,
            "준공년월":"2021-07-01",
            "준공년차":2.0,
            "가까운역이름":"명학",
            "가까운역거리":846.91,
            "역세권여부":"준역세권",
            "30분이내주요거점역":1,
            "30분거점역이름":"['평촌']",
            "1시간이내주요거점역":10,
            "1시간거점역이름":"['역삼', '여의도', '양재', '수원시청', '평촌', '가산디지털단지', '홍대입구', '수원', '구로디지털단지', '안산']",
            "3km이내백화점수":1,
            "5km이내아울렛몰수":1,
            "1km이내대형먀트수":2,
            "500m이내은행수":2,
            "500m이내병원수":11,
            "5km이내대형병원수":5,
            "500m이내공원수":4,
            "3km이내혐오시설수":0,
            "초등학교학업성취도":90.04,
            "중학교학업성취도":69.6,
            "용적률":699,
            "건폐율":45,
            "Y":37.390369,
            "X":126.929544,
            "rank":39.0,
            "area_info":"25평(83.63), 25평(84.15)",
            "last_sales":"2021-08-16,56403.0,25평(83.63)",
            "rank_history":[
                [
                    "202203",
                    39
                ],
                [
                    "202202",
                    18
                ],
                [
                    "202201",
                    13
                ]
            ],
            "rank_gap":-21
        },
        {
            "index":130,
            "아파트명":"석수LG빌리지",
            "투자타입":"일반",
            "전용면적(m2)":"78.37",
            "전용면적(평)":"23평",
            "법정동주소":"경기도 안양시 만안구 석수동 484",
            "도로명주소":"경기도 안양시 만안구 연현로79번길 105",
            "세대수":100,
            "입주년차":20,
            "용적률점수":"--",
            "건폐율점수":"--",
            "세대당주차수":30,
            "난방방식":30,
            "공급면적":"--",
            "전용률":"--",
            "욕실수":50,
            "현관타입":100,
            "주거총점":61.5,
            "지역구공급총점":100.0,
            "역세권":50,
            "30분내 이동가능 거점":40,
            "1시간내 이동가능 거점":100,
            "교통총점":57.0,
            "백화점":100,
            "아울렛몰":80,
            "대형마트":0,
            "은행":0,
            "병원":10,
            "종합병원":100,
            "공원":100,
            "혐오시설":-50,
            "인프라총점":61.0,
            "초등학군":90.0,
            "중학군":50.94,
            "학군총점":58.752,
            "인구수":26.5,
            "인구증감":-3.08,
            "인구총점":17.626,
            "일자리":13.65,
            "소득수준":63.58,
            "일자리총점":28.629,
            "가치 총점":59.3628,
            "매매실거래년":20211218.0,
            "매매실거래가":72500.0,
            "전세실거래년":20220222.0,
            "전세실거래가":28350.0,
            "전세가율":39.1,
            "장기전세가율평균":70.65,
            "전세가율거품지수":31.55,
            "검색코드":3089,
            "세대수":1872.0,
            "준공년월":"2001-05-19",
            "준공년차":22.0,
            "가까운역이름":"석수",
            "가까운역거리":686.01,
            "역세권여부":"준역세권",
            "30분이내주요거점역":2,
            "30분거점역이름":"['가산디지털단지', '구로디지털단지']",
            "1시간이내주요거점역":10,
            "1시간거점역이름":"['강남', '역삼', '여의도', '수원시청', '평촌', '가산디지털단지', '홍대입구', '수원', '구로디지털단지', '명동']",
            "3km이내백화점수":1,
            "5km이내아울렛몰수":1,
            "1km이내대형먀트수":0,
            "500m이내은행수":0,
            "500m이내병원수":4,
            "5km이내대형병원수":2,
            "500m이내공원수":3,
            "3km이내혐오시설수":1,
            "초등학교학업성취도":90.0,
            "중학교학업성취도":82.1,
            "용적률":184,
            "건폐율":25,
            "Y":37.428968,
            "X":126.901389,
            "rank":40.0,
            "area_info":"23평(78.37), 25평(84.02), 32평(106.11)",
            "last_sales":"2021-12-18,72500.0,23평(78.37)",
            "rank_history":[
                [
                    "202203",
                    40
                ],
                [
                    "202202",
                    35
                ],
                [
                    "202201",
                    46
                ]
            ],
            "rank_gap":-5
        },
        {
            "index":297,
            "아파트명":"벽산",
            "투자타입":"재건축",
            "전용면적(m2)":"98.49",
            "전용면적(평)":"29평",
            "법정동주소":"경기도 안양시 만안구 안양동 627-72",
            "도로명주소":"경기도 안양시 만안구 장내로120번길 11",
            "세대수":0,
            "입주년차":"--",
            "용적률점수":0,
            "건폐율점수":80,
            "세대당주차수":"--",
            "난방방식":"--",
            "공급면적":70,
            "전용률":60,
            "욕실수":"--",
            "현관타입":"--",
            "주거총점":22.5,
            "지역구공급총점":100.0,
            "역세권":50,
            "30분내 이동가능 거점":20,
            "1시간내 이동가능 거점":90,
            "교통총점":49.0,
            "백화점":100,
            "아울렛몰":100,
            "대형마트":100,
            "은행":100,
            "병원":100,
            "종합병원":100,
            "공원":100,
            "혐오시설":0,
            "인프라총점":98.0,
            "초등학군":90.04,
            "중학군":41.96,
            "학군총점":51.576,
            "인구수":26.5,
            "인구증감":-3.08,
            "인구총점":17.626,
            "일자리":13.65,
            "소득수준":63.58,
            "일자리총점":28.629,
            "가치 총점":58.7864,
            "매매실거래년":20210602.0,
            "매매실거래가":67500.0,
            "전세실거래년":20220208.0,
            "전세실거래가":28000.0,
            "전세가율":41.48,
            "장기전세가율평균":70.65,
            "전세가율거품지수":29.17,
            "검색코드":2008,
            "세대수":275.0,
            "준공년월":"1985-09-23",
            "준공년차":38.0,
            "가까운역이름":"안양",
            "가까운역거리":603.52,
            "역세권여부":"준역세권",
            "30분이내주요거점역":1,
            "30분거점역이름":"['가산디지털단지']",
            "1시간이내주요거점역":9,
            "1시간거점역이름":"['여의도', '수원시청', '평촌', '가산디지털단지', '홍대입구', '수원', '구로디지털단지', '명동', '안산']",
            "3km이내백화점수":1,
            "5km이내아울렛몰수":2,
            "1km이내대형먀트수":2,
            "500m이내은행수":6,
            "500m이내병원수":119,
            "5km이내대형병원수":5,
            "500m이내공원수":2,
            "3km이내혐오시설수":0,
            "초등학교학업성취도":90.04,
            "중학교학업성취도":69.6,
            "용적률":228,
            "건폐율":24,
            "Y":37.396279,
            "X":126.922105,
            "rank":41.0,
            "area_info":"29평(98.49), 35평(116.34)",
            "last_sales":"2021-06-02,67500.0,29평(98.49)",
            "rank_history":[
                [
                    "202203",
                    41
                ],
                [
                    "202202",
                    17
                ],
                [
                    "202201",
                    12
                ]
            ],
            "rank_gap":-24
        },
        {
            "index":482,
            "아파트명":"원평노블레스(도시형)",
            "투자타입":"일반",
            "전용면적(m2)":"41.48",
            "전용면적(평)":"12평",
            "법정동주소":"경기도 안양시 만안구 안양동 622-46",
            "도로명주소":"경기도 안양시 만안구 만안로 169",
            "세대수":0,
            "입주년차":80,
            "용적률점수":"--",
            "건폐율점수":"--",
            "세대당주차수":0,
            "난방방식":30,
            "공급면적":"--",
            "전용률":"--",
            "욕실수":50,
            "현관타입":10,
            "주거총점":25.0,
            "지역구공급총점":100.0,
            "역세권":50,
            "30분내 이동가능 거점":20,
            "1시간내 이동가능 거점":90,
            "교통총점":49.0,
            "백화점":100,
            "아울렛몰":100,
            "대형마트":100,
            "은행":70,
            "병원":100,
            "종합병원":100,
            "공원":100,
            "혐오시설":0,
            "인프라총점":95.0,
            "초등학군":90.04,
            "중학군":41.96,
            "학군총점":51.576,
            "인구수":26.5,
            "인구증감":-3.08,
            "인구총점":17.626,
            "일자리":13.65,
            "소득수준":63.58,
            "일자리총점":28.629,
            "가치 총점":58.3864,
            "매매실거래년":20210911.0,
            "매매실거래가":16400.0,
            "전세실거래년":null,
            "전세실거래가":null,
            "전세가율":null,
            "장기전세가율평균":70.65,
            "전세가율거품지수":null,
            "검색코드":111412,
            "세대수":82.0,
            "준공년월":"2014-04-15",
            "준공년차":9.0,
            "가까운역이름":"안양",
            "가까운역거리":660.83,
            "역세권여부":"준역세권",
            "30분이내주요거점역":1,
            "30분거점역이름":"['가산디지털단지']",
            "1시간이내주요거점역":9,
            "1시간거점역이름":"['여의도', '수원시청', '평촌', '가산디지털단지', '홍대입구', '수원', '구로디지털단지', '명동', '안산']",
            "3km이내백화점수":1,
            "5km이내아울렛몰수":2,
            "1km이내대형먀트수":3,
            "500m이내은행수":4,
            "500m이내병원수":71,
            "5km이내대형병원수":5,
            "500m이내공원수":5,
            "3km이내혐오시설수":0,
            "초등학교학업성취도":90.04,
            "중학교학업성취도":69.6,
            "용적률":0,
            "건폐율":0,
            "Y":37.396548,
            "X":126.926494,
            "rank":42.0,
            "area_info":"12평(41.48), 12평(42.14), 13평(44.45), 13평(44.19), 13평(44.89), 13평(44.4), 13평(44.66), 13평(45.6), 14평(46.72), 13평(46.13), 14평(47.83), 15평(51.86), 15평(52.45), 16평(54.52), 16평(54.0), 16평(54.28), 19평(63.91), 20평(68.05)",
            "last_sales":"2021-09-11,16400.0,12평(41.48)",
            "rank_history":[
                [
                    "202203",
                    42
                ],
                [
                    "202202",
                    9999
                ]
            ],
            "rank_gap":9999
        },
        {
            "index":554,
            "아파트명":"한양하이츠빌(도시형)",
            "투자타입":"일반",
            "전용면적(m2)":"22.83",
            "전용면적(평)":"6평",
            "법정동주소":"경기도 안양시 만안구 안양동 815-7",
            "도로명주소":"경기도 안양시 만안구 만안로 264",
            "세대수":0,
            "입주년차":60,
            "용적률점수":"--",
            "건폐율점수":"--",
            "세대당주차수":0,
            "난방방식":30,
            "공급면적":"--",
            "전용률":"--",
            "욕실수":50,
            "현관타입":10,
            "주거총점":21.0,
            "지역구공급총점":100.0,
            "역세권":80,
            "30분내 이동가능 거점":60,
            "1시간내 이동가능 거점":100,
            "교통총점":78.0,
            "백화점":0,
            "아울렛몰":80,
            "대형마트":100,
            "은행":70,
            "병원":80,
            "종합병원":100,
            "공원":80,
            "혐오시설":0,
            "인프라총점":60.4,
            "초등학군":90.0,
            "중학군":48.64,
            "학군총점":56.912,
            "인구수":26.5,
            "인구증감":-3.08,
            "인구총점":17.626,
            "일자리":13.65,
            "소득수준":63.58,
            "일자리총점":28.629,
            "가치 총점":58.1568,
            "매매실거래년":20220218.0,
            "매매실거래가":13000.0,
            "전세실거래년":20211204.0,
            "전세실거래가":13000.0,
            "전세가율":100.0,
            "장기전세가율평균":70.65,
            "전세가율거품지수":-29.35,
            "검색코드":108390,
            "세대수":100.0,
            "준공년월":"2013-11-25",
            "준공년차":10.0,
            "가까운역이름":"안양",
            "가까운역거리":292.32,
            "역세권여부":"역세권",
            "30분이내주요거점역":3,
            "30분거점역이름":"['평촌', '가산디지털단지', '수원']",
            "1시간이내주요거점역":13,
            "1시간거점역이름":"['강남', '여의도', '을지로3가', '수원시청', '평촌', '가산디지털단지', '홍대입구', '수원', '구로디지털단지', '명동', '안산', '마곡', 'GTX킨텍스(2023년)']",
            "3km이내백화점수":0,
            "5km이내아울렛몰수":1,
            "1km이내대형먀트수":2,
            "500m이내은행수":3,
            "500m이내병원수":55,
            "5km이내대형병원수":3,
            "500m이내공원수":1,
            "3km이내혐오시설수":0,
            "초등학교학업성취도":90.0,
            "중학교학업성취도":79.6,
            "용적률":445,
            "건폐율":52,
            "Y":37.403617,
            "X":126.920487,
            "rank":43.0,
            "area_info":"6평(22.83), 7평(23.53), 6평(23.09), 7평(24.25)",
            "last_sales":"2022-02-18,13000.0,7평(24.25)",
            "rank_history":[
                [
                    "202203",
                    43
                ],
                [
                    "202202",
                    28
                ],
                [
                    "202201",
                    17
                ]
            ],
            "rank_gap":-15
        },
        {
            "index":112,
            "아파트명":"동신벨로스",
            "투자타입":"일반",
            "전용면적(m2)":"88.91",
            "전용면적(평)":"26평",
            "법정동주소":"경기도 안양시 만안구 석수동 297-1",
            "도로명주소":"경기도 안양시 만안구 안양로455번길 39",
            "세대수":0,
            "입주년차":40,
            "용적률점수":"--",
            "건폐율점수":"--",
            "세대당주차수":0,
            "난방방식":30,
            "공급면적":"--",
            "전용률":"--",
            "욕실수":100,
            "현관타입":10,
            "주거총점":22.0,
            "지역구공급총점":100.0,
            "역세권":80,
            "30분내 이동가능 거점":0,
            "1시간내 이동가능 거점":100,
            "교통총점":60.0,
            "백화점":100,
            "아울렛몰":80,
            "대형마트":80,
            "은행":0,
            "병원":60,
            "종합병원":100,
            "공원":100,
            "혐오시설":0,
            "인프라총점":79.0,
            "초등학군":89.98,
            "중학군":48.64,
            "학군총점":56.908,
            "인구수":26.5,
            "인구증감":-3.08,
            "인구총점":17.626,
            "일자리":13.65,
            "소득수준":63.58,
            "일자리총점":28.629,
            "가치 총점":57.6362,
            "매매실거래년":20210925.0,
            "매매실거래가":45000.0,
            "전세실거래년":20210312.0,
            "전세실거래가":24500.0,
            "전세가율":54.44,
            "장기전세가율평균":70.65,
            "전세가율거품지수":16.21,
            "검색코드":26739,
            "세대수":77.0,
            "준공년월":"2007-08-22",
            "준공년차":16.0,
            "가까운역이름":"만안 (2026년 예정)",
            "가까운역거리":416.48,
            "역세권여부":"역세권",
            "30분이내주요거점역":0,
            "30분거점역이름":"[]",
            "1시간이내주요거점역":10,
            "1시간거점역이름":"['강남', '역삼', '여의도', '수원시청', '평촌', '가산디지털단지', '홍대입구', '수원', '구로디지털단지', '안산']",
            "3km이내백화점수":1,
            "5km이내아울렛몰수":1,
            "1km이내대형먀트수":1,
            "500m이내은행수":1,
            "500m이내병원수":26,
            "5km이내대형병원수":2,
            "500m이내공원수":2,
            "3km이내혐오시설수":0,
            "초등학교학업성취도":89.98,
            "중학교학업성취도":79.6,
            "용적률":321,
            "건폐율":24,
            "Y":37.409213,
            "X":126.909687,
            "rank":44.0,
            "area_info":"26평(88.91), 30평(102.01)",
            "last_sales":"2021-09-25,45000.0,26평(88.91)",
            "rank_history":[
                [
                    "202203",
                    44
                ],
                [
                    "202202",
                    9999
                ]
            ],
            "rank_gap":9999
        },
        {
            "index":430,
            "아파트명":"안양센트럴헤센2차",
            "투자타입":"일반",
            "전용면적(m2)":"70.05",
            "전용면적(평)":"21평",
            "법정동주소":"경기도 안양시 만안구 안양동 433",
            "도로명주소":"경기도 안양시 만안구 안양로 186",
            "세대수":0,
            "입주년차":100,
            "용적률점수":"--",
            "건폐율점수":"--",
            "세대당주차수":30,
            "난방방식":30,
            "공급면적":"--",
            "전용률":"--",
            "욕실수":50,
            "현관타입":100,
            "주거총점":42.5,
            "지역구공급총점":100.0,
            "역세권":50,
            "30분내 이동가능 거점":20,
            "1시간내 이동가능 거점":80,
            "교통총점":47.0,
            "백화점":100,
            "아울렛몰":80,
            "대형마트":100,
            "은행":0,
            "병원":60,
            "종합병원":100,
            "공원":100,
            "혐오시설":0,
            "인프라총점":82.0,
            "초등학군":90.04,
            "중학군":41.96,
            "학군총점":51.576,
            "인구수":26.5,
            "인구증감":-3.08,
            "인구총점":17.626,
            "일자리":13.65,
            "소득수준":63.58,
            "일자리총점":28.629,
            "가치 총점":57.2864,
            "매매실거래년":20210321.0,
            "매매실거래가":59650.0,
            "전세실거래년":20210622.0,
            "전세실거래가":36000.0,
            "전세가율":87.87,
            "장기전세가율평균":70.65,
            "전세가율거품지수":-17.22,
            "검색코드":121064,
            "세대수":132.0,
            "준공년월":"2021-03-01",
            "준공년차":2.0,
            "가까운역이름":"명학",
            "가까운역거리":899.17,
            "역세권여부":"준역세권",
            "30분이내주요거점역":1,
            "30분거점역이름":"['평촌']",
            "1시간이내주요거점역":8,
            "1시간거점역이름":"['여의도', '수원시청', '평촌', '가산디지털단지', '홍대입구', '수원', '구로디지털단지', '안산']",
            "3km이내백화점수":1,
            "5km이내아울렛몰수":1,
            "1km이내대형먀트수":2,
            "500m이내은행수":1,
            "500m이내병원수":12,
            "5km이내대형병원수":5,
            "500m이내공원수":3,
            "3km이내혐오시설수":0,
            "초등학교학업성취도":90.04,
            "중학교학업성취도":69.6,
            "용적률":0,
            "건폐율":0,
            "Y":37.3907,
            "X":126.929119,
            "rank":45.0,
            "area_info":"21평(70.05), 25평(85.95), 27평(91.44)",
            "last_sales":"2021-03-21,59650.0,27평(91.44)",
            "rank_history":[
                [
                    "202203",
                    45
                ],
                [
                    "202202",
                    23
                ],
                [
                    "202201",
                    16
                ]
            ],
            "rank_gap":-22
        },
        {
            "index":114,
            "아파트명":"럭키",
            "투자타입":"재건축",
            "전용면적(m2)":"82.89",
            "전용면적(평)":"25평",
            "법정동주소":"경기도 안양시 만안구 석수동 296",
            "도로명주소":"경기도 안양시 만안구 석수로 40",
            "세대수":80,
            "입주년차":"--",
            "용적률점수":0,
            "건폐율점수":80,
            "세대당주차수":"--",
            "난방방식":"--",
            "공급면적":70,
            "전용률":60,
            "욕실수":"--",
            "현관타입":"--",
            "주거총점":46.5,
            "지역구공급총점":100.0,
            "역세권":80,
            "30분내 이동가능 거점":0,
            "1시간내 이동가능 거점":90,
            "교통총점":58.0,
            "백화점":100,
            "아울렛몰":80,
            "대형마트":0,
            "은행":0,
            "병원":60,
            "종합병원":100,
            "공원":100,
            "혐오시설":0,
            "인프라총점":67.0,
            "초등학군":89.98,
            "중학군":36.8,
            "학군총점":47.436,
            "인구수":26.5,
            "인구증감":-3.08,
            "인구총점":17.626,
            "일자리":13.65,
            "소득수준":63.58,
            "일자리총점":28.629,
            "가치 총점":56.8154,
            "매매실거래년":20210907.0,
            "매매실거래가":61500.0,
            "전세실거래년":20211026.0,
            "전세실거래가":19950.0,
            "전세가율":44.63,
            "장기전세가율평균":70.65,
            "전세가율거품지수":26.02,
            "검색코드":1999,
            "세대수":735.0,
            "준공년월":"1987-05-20",
            "준공년차":36.0,
            "가까운역이름":"만안 (2026년 예정)",
            "가까운역거리":392.4,
            "역세권여부":"역세권",
            "30분이내주요거점역":0,
            "30분거점역이름":"[]",
            "1시간이내주요거점역":9,
            "1시간거점역이름":"['여의도', '수원시청', '평촌', '가산디지털단지', '홍대입구', '수원', '구로디지털단지', '명동', '안산']",
            "3km이내백화점수":1,
            "5km이내아울렛몰수":1,
            "1km이내대형먀트수":0,
            "500m이내은행수":1,
            "500m이내병원수":17,
            "5km이내대형병원수":2,
            "500m이내공원수":2,
            "3km이내혐오시설수":0,
            "초등학교학업성취도":89.98,
            "중학교학업성취도":59.8,
            "용적률":235,
            "건폐율":20,
            "Y":37.409706,
            "X":126.907488,
            "rank":46.0,
            "area_info":"25평(82.89), 28평(93.15), 30평(101.76), 40평(132.93)",
            "last_sales":"2021-09-07,61500.0,30평(101.76)",
            "rank_history":[
                [
                    "202203",
                    46
                ],
                [
                    "202202",
                    64
                ],
                [
                    "202201",
                    67
                ]
            ],
            "rank_gap":18
        },
        {
            "index":195,
            "아파트명":"일곡숲(도시형)",
            "투자타입":"일반",
            "전용면적(m2)":"46.61",
            "전용면적(평)":"14평",
            "법정동주소":"경기도 안양시 만안구 석수동 868",
            "도로명주소":"경기도 안양시 만안구 석수로6번길 71",
            "세대수":0,
            "입주년차":80,
            "용적률점수":"--",
            "건폐율점수":"--",
            "세대당주차수":0,
            "난방방식":30,
            "공급면적":"--",
            "전용률":"--",
            "욕실수":50,
            "현관타입":10,
            "주거총점":25.0,
            "지역구공급총점":100.0,
            "역세권":80,
            "30분내 이동가능 거점":40,
            "1시간내 이동가능 거점":90,
            "교통총점":70.0,
            "백화점":100,
            "아울렛몰":80,
            "대형마트":0,
            "은행":0,
            "병원":60,
            "종합병원":100,
            "공원":100,
            "혐오시설":0,
            "인프라총점":67.0,
            "초등학군":89.98,
            "중학군":36.8,
            "학군총점":47.436,
            "인구수":26.5,
            "인구증감":-3.08,
            "인구총점":17.626,
            "일자리":13.65,
            "소득수준":63.58,
            "일자리총점":28.629,
            "가치 총점":56.7154,
            "매매실거래년":"18000101",
            "매매실거래가":null,
            "전세실거래년":null,
            "전세실거래가":null,
            "전세가율":null,
            "장기전세가율평균":70.65,
            "전세가율거품지수":null,
            "검색코드":124118,
            "세대수":60.0,
            "준공년월":"2018-11-14",
            "준공년차":5.0,
            "가까운역이름":"만안 (2026년 예정)",
            "가까운역거리":166.81,
            "역세권여부":"역세권",
            "30분이내주요거점역":2,
            "30분거점역이름":"['가산디지털단지', '구로디지털단지']",
            "1시간이내주요거점역":9,
            "1시간거점역이름":"['강남', '역삼', '여의도', '평촌', '가산디지털단지', '홍대입구', '수원', '구로디지털단지', '안산']",
            "3km이내백화점수":1,
            "5km이내아울렛몰수":1,
            "1km이내대형먀트수":0,
            "500m이내은행수":1,
            "500m이내병원수":16,
            "5km이내대형병원수":3,
            "500m이내공원수":2,
            "3km이내혐오시설수":0,
            "초등학교학업성취도":89.98,
            "중학교학업성취도":59.8,
            "용적률":239,
            "건폐율":55,
            "Y":37.411454,
            "X":126.909027,
            "rank":47.0,
            "area_info":"14평(46.61), 18평(61.76), 21평(71.66), 21평(71.83), 21평(72.65), 22평(73.05), 23평(76.23), 23평(78.7), 27평(89.54), 27평(90.32)",
            "last_sales":"1800-01-01,nan,14평(46.61)",
            "rank_history":[
                [
                    "202203",
                    47
                ],
                [
                    "202202",
                    9999
                ]
            ],
            "rank_gap":9999
        },
        {
            "index":223,
            "아파트명":"힐스테이트석수",
            "투자타입":"일반",
            "전용면적(m2)":"106.36",
            "전용면적(평)":"32평",
            "법정동주소":"경기도 안양시 만안구 석수동 386-1",
            "도로명주소":"경기도 안양시 만안구 경수대로1394번길 12",
            "세대수":0,
            "입주년차":80,
            "용적률점수":"--",
            "건폐율점수":"--",
            "세대당주차수":30,
            "난방방식":30,
            "공급면적":"--",
            "전용률":"--",
            "욕실수":100,
            "현관타입":100,
            "주거총점":43.5,
            "지역구공급총점":100.0,
            "역세권":50,
            "30분내 이동가능 거점":40,
            "1시간내 이동가능 거점":100,
            "교통총점":57.0,
            "백화점":100,
            "아울렛몰":80,
            "대형마트":0,
            "은행":0,
            "병원":30,
            "종합병원":100,
            "공원":100,
            "혐오시설":-50,
            "인프라총점":63.0,
            "초등학군":90.0,
            "중학군":50.94,
            "학군총점":58.752,
            "인구수":26.5,
            "인구증감":-3.08,
            "인구총점":17.626,
            "일자리":13.65,
            "소득수준":63.58,
            "일자리총점":28.629,
            "가치 총점":56.3628,
            "매매실거래년":20211202.0,
            "매매실거래가":93500.0,
            "전세실거래년":20220108.0,
            "전세실거래가":37500.0,
            "전세가율":40.11,
            "장기전세가율평균":70.65,
            "전세가율거품지수":30.54,
            "검색코드":109366,
            "세대수":239.0,
            "준공년월":"2015-07-01",
            "준공년차":8.0,
            "가까운역이름":"석수",
            "가까운역거리":550.45,
            "역세권여부":"준역세권",
            "30분이내주요거점역":2,
            "30분거점역이름":"['가산디지털단지', '구로디지털단지']",
            "1시간이내주요거점역":12,
            "1시간거점역이름":"['강남', '역삼', '여의도', '을지로3가', '수원시청', '평촌', '가산디지털단지', '홍대입구', '수원', '구로디지털단지', '명동', '마곡']",
            "3km이내백화점수":1,
            "5km이내아울렛몰수":1,
            "1km이내대형먀트수":0,
            "500m이내은행수":0,
            "500m이내병원수":7,
            "5km이내대형병원수":2,
            "500m이내공원수":4,
            "3km이내혐오시설수":1,
            "초등학교학업성취도":90.0,
            "중학교학업성취도":82.1,
            "용적률":216,
            "건폐율":19,
            "Y":37.430633,
            "X":126.905026,
            "rank":48.0,
            "area_info":"32평(106.36), 32평(106.43), 32평(106.24), 32평(107.46), 32평(107.42), 32평(107.68)",
            "last_sales":"2021-12-02,93500.0,32평(106.36)",
            "rank_history":[
                [
                    "202203",
                    48
                ],
                [
                    "202202",
                    32
                ],
                [
                    "202201",
                    40
                ]
            ],
            "rank_gap":-16
        },
        {
            "index":464,
            "아파트명":"영화I-NIX",
            "투자타입":"일반",
            "전용면적(m2)":"82.8",
            "전용면적(평)":"25평",
            "법정동주소":"경기도 안양시 만안구 안양동 817-15",
            "도로명주소":"경기도 안양시 만안구 만안로 368",
            "세대수":0,
            "입주년차":20,
            "용적률점수":"--",
            "건폐율점수":"--",
            "세대당주차수":30,
            "난방방식":30,
            "공급면적":"--",
            "전용률":"--",
            "욕실수":100,
            "현관타입":100,
            "주거총점":31.5,
            "지역구공급총점":100.0,
            "역세권":50,
            "30분내 이동가능 거점":20,
            "1시간내 이동가능 거점":100,
            "교통총점":51.0,
            "백화점":100,
            "아울렛몰":80,
            "대형마트":80,
            "은행":0,
            "병원":60,
            "종합병원":100,
            "공원":80,
            "혐오시설":0,
            "인프라총점":78.4,
            "초등학군":89.97,
            "중학군":48.64,
            "학군총점":56.906,
            "인구수":26.5,
            "인구증감":-3.08,
            "인구총점":17.626,
            "일자리":13.65,
            "소득수준":63.58,
            "일자리총점":28.629,
            "가치 총점":56.2059,
            "매매실거래년":20220121.0,
            "매매실거래가":45000.0,
            "전세실거래년":20210913.0,
            "전세실거래가":35000.0,
            "전세가율":74.47,
            "장기전세가율평균":70.65,
            "전세가율거품지수":-3.82,
            "검색코드":10427,
            "세대수":136.0,
            "준공년월":"2003-06-11",
            "준공년차":20.0,
            "가까운역이름":"만안 (2026년 예정)",
            "가까운역거리":514.06,
            "역세권여부":"준역세권",
            "30분이내주요거점역":1,
            "30분거점역이름":"['가산디지털단지']",
            "1시간이내주요거점역":12,
            "1시간거점역이름":"['강남', '역삼', '잠실', '여의도', '수원시청', '평촌', '가산디지털단지', '홍대입구', '수원', '구로디지털단지', '명동', '안산']",
            "3km이내백화점수":1,
            "5km이내아울렛몰수":1,
            "1km이내대형먀트수":1,
            "500m이내은행수":1,
            "500m이내병원수":17,
            "5km이내대형병원수":3,
            "500m이내공원수":1,
            "3km이내혐오시설수":0,
            "초등학교학업성취도":89.97,
            "중학교학업성취도":79.6,
            "용적률":0,
            "건폐율":0,
            "Y":37.41109,
            "X":126.91459,
            "rank":49.0,
            "area_info":"25평(82.8), 31평(105.67), 32평(106.11), 53평(178.29)",
            "last_sales":"2022-01-21,45000.0,32평(106.11)",
            "rank_history":[
                [
                    "202203",
                    49
                ],
                [
                    "202202",
                    54
                ],
                [
                    "202201",
                    66
                ]
            ],
            "rank_gap":5
        },
        {
            "index":81,
            "아파트명":"한신휴플러스타운3차",
            "투자타입":"일반",
            "전용면적(m2)":"79.11",
            "전용면적(평)":"23평",
            "법정동주소":"경기도 안양시 만안구 박달동 37",
            "도로명주소":"경기도 안양시 만안구 박달로497번길 57",
            "세대수":30,
            "입주년차":60,
            "용적률점수":"--",
            "건폐율점수":"--",
            "세대당주차수":30,
            "난방방식":30,
            "공급면적":"--",
            "전용률":"--",
            "욕실수":100,
            "현관타입":100,
            "주거총점":50.0,
            "지역구공급총점":100.0,
            "역세권":50,
            "30분내 이동가능 거점":0,
            "1시간내 이동가능 거점":70,
            "교통총점":39.0,
            "백화점":100,
            "아울렛몰":80,
            "대형마트":80,
            "은행":0,
            "병원":60,
            "종합병원":100,
            "공원":100,
            "혐오시설":0,
            "인프라총점":79.0,
            "초등학군":89.96,
            "중학군":48.64,
            "학군총점":56.904,
            "인구수":26.5,
            "인구증감":-3.08,
            "인구총점":17.626,
            "일자리":13.65,
            "소득수준":63.58,
            "일자리총점":28.629,
            "가치 총점":55.8856,
            "매매실거래년":20210813.0,
            "매매실거래가":70000.0,
            "전세실거래년":20220223.0,
            "전세실거래가":38000.0,
            "전세가율":83.52,
            "장기전세가율평균":70.65,
            "전세가율거품지수":-12.87,
            "검색코드":101284,
            "세대수":392.0,
            "준공년월":"2009-12-02",
            "준공년차":14.0,
            "가까운역이름":"만안 (2026년 예정)",
            "가까운역거리":938.94,
            "역세권여부":"준역세권",
            "30분이내주요거점역":0,
            "30분거점역이름":"[]",
            "1시간이내주요거점역":7,
            "1시간거점역이름":"['여의도', '수원시청', '평촌', '가산디지털단지', '홍대입구', '수원', '구로디지털단지']",
            "3km이내백화점수":1,
            "5km이내아울렛몰수":1,
            "1km이내대형먀트수":1,
            "500m이내은행수":0,
            "500m이내병원수":29,
            "5km이내대형병원수":2,
            "500m이내공원수":3,
            "3km이내혐오시설수":0,
            "초등학교학업성취도":89.96,
            "중학교학업성취도":79.6,
            "용적률":262,
            "건폐율":14,
            "Y":37.404803,
            "X":126.90643,
            "rank":50.0,
            "area_info":"23평(79.11), 23평(79.33), 33평(109.77), 45평(150.82)",
            "last_sales":"2021-08-13,70000.0,45평(150.82)",
            "rank_history":[
                [
                    "202203",
                    50
                ],
                [
                    "202202",
                    51
                ],
                [
                    "202201",
                    61
                ]
            ],
            "rank_gap":1
        },
        {
            "index":152,
            "아파트명":"석수아이파크",
            "투자타입":"일반",
            "전용면적(m2)":"83.9",
            "전용면적(평)":"25평",
            "법정동주소":"경기도 안양시 만안구 석수동 794",
            "도로명주소":"경기도 안양시 만안구 충훈로 52",
            "세대수":90,
            "입주년차":60,
            "용적률점수":"--",
            "건폐율점수":"--",
            "세대당주차수":30,
            "난방방식":100,
            "공급면적":"--",
            "전용률":"--",
            "욕실수":100,
            "현관타입":100,
            "주거총점":78.0,
            "지역구공급총점":100.0,
            "역세권":50,
            "30분내 이동가능 거점":0,
            "1시간내 이동가능 거점":60,
            "교통총점":37.0,
            "백화점":100,
            "아울렛몰":80,
            "대형마트":0,
            "은행":0,
            "병원":60,
            "종합병원":100,
            "공원":100,
            "혐오시설":0,
            "인프라총점":67.0,
            "초등학군":89.96,
            "중학군":36.8,
            "학군총점":47.432,
            "인구수":26.5,
            "인구증감":-3.08,
            "인구총점":17.626,
            "일자리":13.65,
            "소득수준":63.58,
            "일자리총점":28.629,
            "가치 총점":55.7648,
            "매매실거래년":20210830.0,
            "매매실거래가":109000.0,
            "전세실거래년":20220209.0,
            "전세실거래가":24138.0,
            "전세가율":null,
            "장기전세가율평균":70.65,
            "전세가율거품지수":null,
            "검색코드":25775,
            "세대수":1134.0,
            "준공년월":"2009-09-30",
            "준공년차":14.0,
            "가까운역이름":"만안 (2026년 예정)",
            "가까운역거리":911.43,
            "역세권여부":"준역세권",
            "30분이내주요거점역":0,
            "30분거점역이름":"[]",
            "1시간이내주요거점역":6,
            "1시간거점역이름":"['여의도', '수원시청', '평촌', '가산디지털단지', '수원', '구로디지털단지']",
            "3km이내백화점수":1,
            "5km이내아울렛몰수":1,
            "1km이내대형먀트수":0,
            "500m이내은행수":0,
            "500m이내병원수":13,
            "5km이내대형병원수":2,
            "500m이내공원수":5,
            "3km이내혐오시설수":0,
            "초등학교학업성취도":89.96,
            "중학교학업성취도":59.8,
            "용적률":285,
            "건폐율":18,
            "Y":37.406714,
            "X":126.90255,
            "rank":51.0,
            "area_info":"25평(83.9), 25평(84.79), 26평(86.04), 33평(111.53), 33평(111.19), 34평(113.9), 35평(117.95), 46평(153.56), 50평(167.6)",
            "last_sales":"2021-08-30,109000.0,50평(167.6)",
            "rank_history":[
                [
                    "202203",
                    51
                ],
                [
                    "202202",
                    56
                ],
                [
                    "202201",
                    56
                ]
            ],
            "rank_gap":5
        },
        {
            "index":411,
            "아파트명":"안양미래앰피아",
            "투자타입":"일반",
            "전용면적(m2)":"50.65",
            "전용면적(평)":"15평",
            "법정동주소":"경기도 안양시 만안구 안양동 815-13",
            "도로명주소":"경기도 안양시 만안구 만안로 272",
            "세대수":0,
            "입주년차":20,
            "용적률점수":"--",
            "건폐율점수":"--",
            "세대당주차수":30,
            "난방방식":30,
            "공급면적":"--",
            "전용률":"--",
            "욕실수":50,
            "현관타입":100,
            "주거총점":26.5,
            "지역구공급총점":100.0,
            "역세권":80,
            "30분내 이동가능 거점":40,
            "1시간내 이동가능 거점":100,
            "교통총점":72.0,
            "백화점":0,
            "아울렛몰":80,
            "대형마트":100,
            "은행":20,
            "병원":80,
            "종합병원":100,
            "공원":80,
            "혐오시설":0,
            "인프라총점":55.4,
            "초등학군":90.0,
            "중학군":48.64,
            "학군총점":56.912,
            "인구수":26.5,
            "인구증감":-3.08,
            "인구총점":17.626,
            "일자리":13.65,
            "소득수준":63.58,
            "일자리총점":28.629,
            "가치 총점":55.6568,
            "매매실거래년":20191118.0,
            "매매실거래가":33000.0,
            "전세실거래년":null,
            "전세실거래가":null,
            "전세가율":null,
            "장기전세가율평균":70.65,
            "전세가율거품지수":null,
            "검색코드":11340,
            "세대수":167.0,
            "준공년월":"2003-10-30",
            "준공년차":20.0,
            "가까운역이름":"안양",
            "가까운역거리":357.97,
            "역세권여부":"역세권",
            "30분이내주요거점역":2,
            "30분거점역이름":"['가산디지털단지', '수원']",
            "1시간이내주요거점역":11,
            "1시간거점역이름":"['강남', '여의도', '수원시청', '평촌', '가산디지털단지', '홍대입구', '수원', '구로디지털단지', '명동', '안산', '마곡']",
            "3km이내백화점수":0,
            "5km이내아울렛몰수":1,
            "1km이내대형먀트수":2,
            "500m이내은행수":2,
            "500m이내병원수":45,
            "5km이내대형병원수":3,
            "500m이내공원수":1,
            "3km이내혐오시설수":0,
            "초등학교학업성취도":90.0,
            "중학교학업성취도":79.6,
            "용적률":0,
            "건폐율":78,
            "Y":37.40414,
            "X":126.92011,
            "rank":52.0,
            "area_info":"15평(50.65), 18평(61.36), 23평(79.23), 24평(81.83), 25평(84.9), 30평(101.28), 31평(103.31), 40평(133.99)",
            "last_sales":"2019-11-18,33000.0,40평(133.99)",
            "rank_history":[
                [
                    "202203",
                    52
                ],
                [
                    "202202",
                    42
                ],
                [
                    "202201",
                    28
                ]
            ],
            "rank_gap":-10
        },
        {
            "index":315,
            "아파트명":"삼익",
            "투자타입":"재건축",
            "전용면적(m2)":"59.53",
            "전용면적(평)":"18평",
            "법정동주소":"경기도 안양시 만안구 안양동 436-1",
            "도로명주소":"경기도 안양시 만안구 만안로91번길 13",
            "세대수":0,
            "입주년차":"--",
            "용적률점수":0,
            "건폐율점수":80,
            "세대당주차수":"--",
            "난방방식":"--",
            "공급면적":50,
            "전용률":100,
            "욕실수":"--",
            "현관타입":"--",
            "주거총점":23.5,
            "지역구공급총점":100.0,
            "역세권":50,
            "30분내 이동가능 거점":20,
            "1시간내 이동가능 거점":80,
            "교통총점":47.0,
            "백화점":100,
            "아울렛몰":80,
            "대형마트":100,
            "은행":70,
            "병원":60,
            "종합병원":100,
            "공원":100,
            "혐오시설":0,
            "인프라총점":89.0,
            "초등학군":90.0,
            "중학군":41.96,
            "학군총점":51.568,
            "인구수":26.5,
            "인구증감":-3.08,
            "인구총점":17.626,
            "일자리":13.65,
            "소득수준":63.58,
            "일자리총점":28.629,
            "가치 총점":55.5852,
            "매매실거래년":20200430.0,
            "매매실거래가":27000.0,
            "전세실거래년":20211227.0,
            "전세실거래가":10000.0,
            "전세가율":57.8,
            "장기전세가율평균":70.65,
            "전세가율거품지수":12.85,
            "검색코드":2010,
            "세대수":132.0,
            "준공년월":"1978-11-07",
            "준공년차":45.0,
            "가까운역이름":"명학",
            "가까운역거리":779.58,
            "역세권여부":"준역세권",
            "30분이내주요거점역":1,
            "30분거점역이름":"['평촌']",
            "1시간이내주요거점역":8,
            "1시간거점역이름":"['여의도', '수원시청', '평촌', '가산디지털단지', '홍대입구', '수원', '구로디지털단지', '안산']",
            "3km이내백화점수":1,
            "5km이내아울렛몰수":1,
            "1km이내대형먀트수":2,
            "500m이내은행수":3,
            "500m이내병원수":11,
            "5km이내대형병원수":5,
            "500m이내공원수":4,
            "3km이내혐오시설수":0,
            "초등학교학업성취도":90.0,
            "중학교학업성취도":69.6,
            "용적률":260,
            "건폐율":28,
            "Y":37.39078,
            "X":126.931772,
            "rank":53.0,
            "area_info":"18평(59.53), 18평(60.16), 25평(83.31), 25평(84.3), 25평(84.53), 27평(89.88), 27평(90.21), 32평(108.66), 34평(113.16), 34평(114.38), 34평(115.24), 37평(122.73), 37평(122.47)",
            "last_sales":"2020-04-30,27000.0,34평(115.24)",
            "rank_history":[
                [
                    "202203",
                    53
                ],
                [
                    "202202",
                    41
                ],
                [
                    "202201",
                    31
                ]
            ],
            "rank_gap":-12
        },
        {
            "index":421,
            "아파트명":"안양세양청마루",
            "투자타입":"일반",
            "전용면적(m2)":"74.49",
            "전용면적(평)":"22평",
            "법정동주소":"경기도 안양시 만안구 안양동 435-9",
            "도로명주소":"경기도 안양시 만안구 만안로 91",
            "세대수":0,
            "입주년차":40,
            "용적률점수":"--",
            "건폐율점수":"--",
            "세대당주차수":30,
            "난방방식":30,
            "공급면적":"--",
            "전용률":"--",
            "욕실수":50,
            "현관타입":100,
            "주거총점":30.5,
            "지역구공급총점":100.0,
            "역세권":50,
            "30분내 이동가능 거점":20,
            "1시간내 이동가능 거점":80,
            "교통총점":47.0,
            "백화점":100,
            "아울렛몰":80,
            "대형마트":100,
            "은행":20,
            "병원":60,
            "종합병원":100,
            "공원":100,
            "혐오시설":0,
            "인프라총점":84.0,
            "초등학군":90.0,
            "중학군":41.96,
            "학군총점":51.568,
            "인구수":26.5,
            "인구증감":-3.08,
            "인구총점":17.626,
            "일자리":13.65,
            "소득수준":63.58,
            "일자리총점":28.629,
            "가치 총점":55.4852,
            "매매실거래년":20220126.0,
            "매매실거래가":28000.0,
            "전세실거래년":20200808.0,
            "전세실거래가":19950.0,
            "전세가율":71.25,
            "장기전세가율평균":70.65,
            "전세가율거품지수":-0.6,
            "검색코드":17841,
            "세대수":271.0,
            "준공년월":"2008-11-21",
            "준공년차":15.0,
            "가까운역이름":"명학",
            "가까운역거리":814.41,
            "역세권여부":"준역세권",
            "30분이내주요거점역":1,
            "30분거점역이름":"['평촌']",
            "1시간이내주요거점역":8,
            "1시간거점역이름":"['여의도', '수원시청', '평촌', '가산디지털단지', '홍대입구', '수원', '구로디지털단지', '안산']",
            "3km이내백화점수":1,
            "5km이내아울렛몰수":1,
            "1km이내대형먀트수":3,
            "500m이내은행수":2,
            "500m이내병원수":11,
            "5km이내대형병원수":5,
            "500m이내공원수":4,
            "3km이내혐오시설수":0,
            "초등학교학업성취도":90.0,
            "중학교학업성취도":69.6,
            "용적률":825,
            "건폐율":53,
            "Y":37.391095,
            "X":126.931688,
            "rank":54.0,
            "area_info":"22평(74.49), 23평(76.97), 27평(91.63), 27평(91.44), 28평(94.86), 32평(106.3)",
            "last_sales":"2022-01-26,28000.0,22평(74.49)",
            "rank_history":[
                [
                    "202203",
                    54
                ],
                [
                    "202202",
                    33
                ],
                [
                    "202201",
                    25
                ]
            ],
            "rank_gap":-21
        },
        {
            "index":31,
            "아파트명":"서광아침의빛",
            "투자타입":"일반",
            "전용면적(m2)":"78.24",
            "전용면적(평)":"23평",
            "법정동주소":"경기도 안양시 만안구 박달동 57-7",
            "도로명주소":"경기도 안양시 만안구 양화로136번길 28",
            "세대수":0,
            "입주년차":40,
            "용적률점수":"--",
            "건폐율점수":"--",
            "세대당주차수":30,
            "난방방식":30,
            "공급면적":"--",
            "전용률":"--",
            "욕실수":50,
            "현관타입":100,
            "주거총점":30.5,
            "지역구공급총점":100.0,
            "역세권":50,
            "30분내 이동가능 거점":20,
            "1시간내 이동가능 거점":80,
            "교통총점":47.0,
            "백화점":100,
            "아울렛몰":80,
            "대형마트":80,
            "은행":0,
            "병원":80,
            "종합병원":100,
            "공원":100,
            "혐오시설":0,
            "인프라총점":81.0,
            "초등학군":89.97,
            "중학군":48.64,
            "학군총점":56.906,
            "인구수":26.5,
            "인구증감":-3.08,
            "인구총점":17.626,
            "일자리":13.65,
            "소득수준":63.58,
            "일자리총점":28.629,
            "가치 총점":55.3859,
            "매매실거래년":20210526.0,
            "매매실거래가":35500.0,
            "전세실거래년":20201219.0,
            "전세실거래가":18000.0,
            "전세가율":71.15,
            "장기전세가율평균":70.65,
            "전세가율거품지수":-0.5,
            "검색코드":100701,
            "세대수":62.0,
            "준공년월":"2007-02-28",
            "준공년차":16.0,
            "가까운역이름":"만안 (2026년 예정)",
            "가까운역거리":877.02,
            "역세권여부":"준역세권",
            "30분이내주요거점역":1,
            "30분거점역이름":"['가산디지털단지']",
            "1시간이내주요거점역":8,
            "1시간거점역이름":"['여의도', '수원시청', '평촌', '가산디지털단지', '홍대입구', '수원', '구로디지털단지', '명동']",
            "3km이내백화점수":1,
            "5km이내아울렛몰수":1,
            "1km이내대형먀트수":1,
            "500m이내은행수":0,
            "500m이내병원수":33,
            "5km이내대형병원수":3,
            "500m이내공원수":5,
            "3km이내혐오시설수":0,
            "초등학교학업성취도":89.97,
            "중학교학업성취도":79.6,
            "용적률":249,
            "건폐율":39,
            "Y":37.40514,
            "X":126.910706,
            "rank":55.0,
            "area_info":"23평(78.24), 27평(90.03), 29평(96.05), 31평(103.4)",
            "last_sales":"2021-05-26,35500.0,31평(103.4)",
            "rank_history":[
                [
                    "202203",
                    55
                ],
                [
                    "202202",
                    9999
                ]
            ],
            "rank_gap":9999
        },
        {
            "index":387,
            "아파트명":"안양경남아너스빌시티",
            "투자타입":"일반",
            "전용면적(m2)":"29.61",
            "전용면적(평)":"8평",
            "법정동주소":"경기도 안양시 만안구 안양동 603-3",
            "도로명주소":"경기도 안양시 만안구 만안로 108",
            "세대수":0,
            "입주년차":100,
            "용적률점수":"--",
            "건폐율점수":"--",
            "세대당주차수":0,
            "난방방식":30,
            "공급면적":"--",
            "전용률":"--",
            "욕실수":50,
            "현관타입":10,
            "주거총점":29.0,
            "지역구공급총점":100.0,
            "역세권":50,
            "30분내 이동가능 거점":20,
            "1시간내 이동가능 거점":80,
            "교통총점":47.0,
            "백화점":100,
            "아울렛몰":80,
            "대형마트":100,
            "은행":20,
            "병원":60,
            "종합병원":100,
            "공원":100,
            "혐오시설":0,
            "인프라총점":84.0,
            "초등학군":90.0,
            "중학군":41.96,
            "학군총점":51.568,
            "인구수":26.5,
            "인구증감":-3.08,
            "인구총점":17.626,
            "일자리":13.65,
            "소득수준":63.58,
            "일자리총점":28.629,
            "가치 총점":55.1852,
            "매매실거래년":"18000101",
            "매매실거래가":null,
            "전세실거래년":null,
            "전세실거래가":null,
            "전세가율":null,
            "장기전세가율평균":70.65,
            "전세가율거품지수":null,
            "검색코드":143321,
            "세대수":57.0,
            "준공년월":"2021-07-29",
            "준공년차":2.0,
            "가까운역이름":"명학",
            "가까운역거리":972.93,
            "역세권여부":"준역세권",
            "30분이내주요거점역":1,
            "30분거점역이름":"['평촌']",
            "1시간이내주요거점역":8,
            "1시간거점역이름":"['여의도', '수원시청', '평촌', '가산디지털단지', '홍대입구', '수원', '구로디지털단지', '안산']",
            "3km이내백화점수":1,
            "5km이내아울렛몰수":1,
            "1km이내대형먀트수":3,
            "500m이내은행수":2,
            "500m이내병원수":23,
            "5km이내대형병원수":5,
            "500m이내공원수":4,
            "3km이내혐오시설수":0,
            "초등학교학업성취도":90.0,
            "중학교학업성취도":69.6,
            "용적률":794,
            "건폐율":70,
            "Y":37.392586,
            "X":126.931508,
            "rank":56.0,
            "area_info":"8평(29.61), 9평(31.92), 12평(41.62), 19평(65.27), 20평(67.91), 20평(67.81), 24평(79.89)",
            "last_sales":"1800-01-01,nan,8평(29.61)",
            "rank_history":[
                [
                    "202203",
                    56
                ],
                [
                    "202202",
                    9999
                ]
            ],
            "rank_gap":9999
        },
        {
            "index":124,
            "아파트명":"석수",
            "투자타입":"재건축",
            "전용면적(m2)":"69.75",
            "전용면적(평)":"21평",
            "법정동주소":"경기도 안양시 만안구 석수동 308-5",
            "도로명주소":"경기도 안양시 만안구 석수로6번길 55",
            "세대수":0,
            "입주년차":"--",
            "용적률점수":0,
            "건폐율점수":0,
            "세대당주차수":"--",
            "난방방식":"--",
            "공급면적":50,
            "전용률":80,
            "욕실수":"--",
            "현관타입":"--",
            "주거총점":6.5,
            "지역구공급총점":100.0,
            "역세권":80,
            "30분내 이동가능 거점":40,
            "1시간내 이동가능 거점":100,
            "교통총점":72.0,
            "백화점":100,
            "아울렛몰":80,
            "대형마트":0,
            "은행":0,
            "병원":60,
            "종합병원":100,
            "공원":100,
            "혐오시설":0,
            "인프라총점":67.0,
            "초등학군":89.98,
            "중학군":48.64,
            "학군총점":56.908,
            "인구수":26.5,
            "인구증감":-3.08,
            "인구총점":17.626,
            "일자리":13.65,
            "소득수준":63.58,
            "일자리총점":28.629,
            "가치 총점":55.1362,
            "매매실거래년":20210419.0,
            "매매실거래가":31500.0,
            "전세실거래년":20220204.0,
            "전세실거래가":17000.0,
            "전세가율":53.97,
            "장기전세가율평균":70.65,
            "전세가율거품지수":16.68,
            "검색코드":2000,
            "세대수":90.0,
            "준공년월":"1982-11-02",
            "준공년차":41.0,
            "가까운역이름":"만안 (2026년 예정)",
            "가까운역거리":184.95,
            "역세권여부":"역세권",
            "30분이내주요거점역":2,
            "30분거점역이름":"['가산디지털단지', '구로디지털단지']",
            "1시간이내주요거점역":10,
            "1시간거점역이름":"['강남', '역삼', '여의도', '수원시청', '평촌', '가산디지털단지', '홍대입구', '수원', '구로디지털단지', '안산']",
            "3km이내백화점수":1,
            "5km이내아울렛몰수":1,
            "1km이내대형먀트수":0,
            "500m이내은행수":1,
            "500m이내병원수":16,
            "5km이내대형병원수":3,
            "500m이내공원수":2,
            "3km이내혐오시설수":0,
            "초등학교학업성취도":89.98,
            "중학교학업성취도":79.6,
            "용적률":0,
            "건폐율":0,
            "Y":37.411302,
            "X":126.9096,
            "rank":57.0,
            "area_info":"21평(69.75), 23평(78.09)",
            "last_sales":"2021-04-19,31500.0,21평(69.75)",
            "rank_history":[
                [
                    "202203",
                    57
                ],
                [
                    "202202",
                    9999
                ]
            ],
            "rank_gap":9999
        },
        {
            "index":456,
            "아파트명":"안양한승미메이드",
            "투자타입":"일반",
            "전용면적(m2)":"79.47",
            "전용면적(평)":"24평",
            "법정동주소":"경기도 안양시 만안구 안양동 155-2",
            "도로명주소":"경기도 안양시 만안구 태평로60번길 16",
            "세대수":0,
            "입주년차":40,
            "용적률점수":"--",
            "건폐율점수":"--",
            "세대당주차수":0,
            "난방방식":30,
            "공급면적":"--",
            "전용률":"--",
            "욕실수":100,
            "현관타입":100,
            "주거총점":31.0,
            "지역구공급총점":100.0,
            "역세권":50,
            "30분내 이동가능 거점":20,
            "1시간내 이동가능 거점":80,
            "교통총점":47.0,
            "백화점":100,
            "아울렛몰":80,
            "대형마트":100,
            "은행":0,
            "병원":60,
            "종합병원":100,
            "공원":100,
            "혐오시설":0,
            "인프라총점":82.0,
            "초등학군":90.04,
            "중학군":41.96,
            "학군총점":51.576,
            "인구수":26.5,
            "인구증감":-3.08,
            "인구총점":17.626,
            "일자리":13.65,
            "소득수준":63.58,
            "일자리총점":28.629,
            "가치 총점":54.9864,
            "매매실거래년":20211130.0,
            "매매실거래가":55000.0,
            "전세실거래년":20220210.0,
            "전세실거래가":38000.0,
            "전세가율":69.09,
            "장기전세가율평균":70.65,
            "전세가율거품지수":1.56,
            "검색코드":11730,
            "세대수":218.0,
            "준공년월":"2005-03-30",
            "준공년차":18.0,
            "가까운역이름":"안양",
            "가까운역거리":952.08,
            "역세권여부":"준역세권",
            "30분이내주요거점역":1,
            "30분거점역이름":"['가산디지털단지']",
            "1시간이내주요거점역":8,
            "1시간거점역이름":"['여의도', '수원시청', '평촌', '가산디지털단지', '홍대입구', '수원', '구로디지털단지', '명동']",
            "3km이내백화점수":1,
            "5km이내아울렛몰수":1,
            "1km이내대형먀트수":3,
            "500m이내은행수":1,
            "500m이내병원수":29,
            "5km이내대형병원수":5,
            "500m이내공원수":4,
            "3km이내혐오시설수":0,
            "초등학교학업성취도":90.04,
            "중학교학업성취도":69.6,
            "용적률":0,
            "건폐율":0,
            "Y":37.395168,
            "X":126.929722,
            "rank":58.0,
            "area_info":"24평(79.47), 32평(107.35), 33평(109.25)",
            "last_sales":"2021-11-30,55000.0,24평(79.47)",
            "rank_history":[
                [
                    "202203",
                    58
                ],
                [
                    "202202",
                    36
                ],
                [
                    "202201",
                    21
                ]
            ],
            "rank_gap":-22
        },
        {
            "index":188,
            "아파트명":"안양석수하우스토리",
            "투자타입":"일반",
            "전용면적(m2)":"80.14",
            "전용면적(평)":"24평",
            "법정동주소":"경기도 안양시 만안구 석수동 485-8",
            "도로명주소":"경기도 안양시 만안구 연현로 29",
            "세대수":0,
            "입주년차":60,
            "용적률점수":"--",
            "건폐율점수":"--",
            "세대당주차수":30,
            "난방방식":30,
            "공급면적":"--",
            "전용률":"--",
            "욕실수":100,
            "현관타입":100,
            "주거총점":39.5,
            "지역구공급총점":100.0,
            "역세권":50,
            "30분내 이동가능 거점":40,
            "1시간내 이동가능 거점":100,
            "교통총점":57.0,
            "백화점":100,
            "아울렛몰":80,
            "대형마트":0,
            "은행":0,
            "병원":0,
            "종합병원":100,
            "공원":100,
            "혐오시설":0,
            "인프라총점":61.0,
            "초등학군":90.0,
            "중학군":50.94,
            "학군총점":58.752,
            "인구수":26.5,
            "인구증감":-3.08,
            "인구총점":17.626,
            "일자리":13.65,
            "소득수준":63.58,
            "일자리총점":28.629,
            "가치 총점":54.9628,
            "매매실거래년":20210728.0,
            "매매실거래가":75000.0,
            "전세실거래년":20201204.0,
            "전세실거래가":38000.0,
            "전세가율":71.7,
            "장기전세가율평균":70.65,
            "전세가율거품지수":-1.05,
            "검색코드":8464,
            "세대수":281.0,
            "준공년월":"2011-10-27",
            "준공년차":12.0,
            "가까운역이름":"관악",
            "가까운역거리":898.31,
            "역세권여부":"준역세권",
            "30분이내주요거점역":2,
            "30분거점역이름":"['가산디지털단지', '구로디지털단지']",
            "1시간이내주요거점역":10,
            "1시간거점역이름":"['강남', '역삼', '여의도', '수원시청', '평촌', '가산디지털단지', '홍대입구', '수원', '구로디지털단지', '명동']",
            "3km이내백화점수":1,
            "5km이내아울렛몰수":1,
            "1km이내대형먀트수":0,
            "500m이내은행수":0,
            "500m이내병원수":1,
            "5km이내대형병원수":2,
            "500m이내공원수":2,
            "3km이내혐오시설수":0,
            "초등학교학업성취도":90.0,
            "중학교학업성취도":82.1,
            "용적률":253,
            "건폐율":22,
            "Y":37.426517,
            "X":126.903312,
            "rank":59.0,
            "area_info":"24평(80.14), 27평(90.62), 29평(97.55), 32평(107.7)",
            "last_sales":"2021-07-28,75000.0,32평(107.7)",
            "rank_history":[
                [
                    "202203",
                    59
                ],
                [
                    "202202",
                    37
                ],
                [
                    "202201",
                    47
                ]
            ],
            "rank_gap":-22
        },
        {
            "index":192,
            "아파트명":"영풍마드레빌",
            "투자타입":"일반",
            "전용면적(m2)":"75.34",
            "전용면적(평)":"22평",
            "법정동주소":"경기도 안양시 만안구 석수동 346-3",
            "도로명주소":"경기도 안양시 만안구 화창로 98",
            "세대수":0,
            "입주년차":20,
            "용적률점수":"--",
            "건폐율점수":"--",
            "세대당주차수":0,
            "난방방식":30,
            "공급면적":"--",
            "전용률":"--",
            "욕실수":100,
            "현관타입":100,
            "주거총점":27.0,
            "지역구공급총점":100.0,
            "역세권":80,
            "30분내 이동가능 거점":20,
            "1시간내 이동가능 거점":100,
            "교통총점":66.0,
            "백화점":100,
            "아울렛몰":80,
            "대형마트":0,
            "은행":0,
            "병원":30,
            "종합병원":100,
            "공원":100,
            "혐오시설":0,
            "인프라총점":64.0,
            "초등학군":89.98,
            "중학군":36.8,
            "학군총점":47.436,
            "인구수":26.5,
            "인구증감":-3.08,
            "인구총점":17.626,
            "일자리":13.65,
            "소득수준":63.58,
            "일자리총점":28.629,
            "가치 총점":54.8154,
            "매매실거래년":20211028.0,
            "매매실거래가":43000.0,
            "전세실거래년":20210731.0,
            "전세실거래가":36500.0,
            "전세가율":84.88,
            "장기전세가율평균":70.65,
            "전세가율거품지수":-14.23,
            "검색코드":9380,
            "세대수":206.0,
            "준공년월":"2003-05-30",
            "준공년차":20.0,
            "가까운역이름":"만안 (2026년 예정)",
            "가까운역거리":396.4,
            "역세권여부":"역세권",
            "30분이내주요거점역":1,
            "30분거점역이름":"['가산디지털단지']",
            "1시간이내주요거점역":11,
            "1시간거점역이름":"['강남', '역삼', '여의도', '수원시청', '평촌', '가산디지털단지', '홍대입구', '수원', '구로디지털단지', '명동', '안산']",
            "3km이내백화점수":1,
            "5km이내아울렛몰수":1,
            "1km이내대형먀트수":0,
            "500m이내은행수":1,
            "500m이내병원수":6,
            "5km이내대형병원수":3,
            "500m이내공원수":2,
            "3km이내혐오시설수":0,
            "초등학교학업성취도":89.98,
            "중학교학업성취도":59.8,
            "용적률":349,
            "건폐율":26,
            "Y":37.413087,
            "X":126.904773,
            "rank":60.0,
            "area_info":"22평(75.34), 25평(85.03), 31평(103.5)",
            "last_sales":"2021-10-28,43000.0,22평(75.34)",
            "rank_history":[
                [
                    "202203",
                    60
                ],
                [
                    "202202",
                    47
                ],
                [
                    "202201",
                    53
                ]
            ],
            "rank_gap":-13
        },
        {
            "index":205,
            "아파트명":"적성3차",
            "투자타입":"재건축",
            "전용면적(m2)":"54.81",
            "전용면적(평)":"16평",
            "법정동주소":"경기도 안양시 만안구 석수동 284-1",
            "도로명주소":"경기도 안양시 만안구 석천로159번길 47",
            "세대수":0,
            "입주년차":"--",
            "용적률점수":0,
            "건폐율점수":0,
            "세대당주차수":"--",
            "난방방식":"--",
            "공급면적":50,
            "전용률":80,
            "욕실수":"--",
            "현관타입":"--",
            "주거총점":6.5,
            "지역구공급총점":100.0,
            "역세권":80,
            "30분내 이동가능 거점":40,
            "1시간내 이동가능 거점":100,
            "교통총점":72.0,
            "백화점":100,
            "아울렛몰":80,
            "대형마트":0,
            "은행":0,
            "병원":60,
            "종합병원":100,
            "공원":100,
            "혐오시설":0,
            "인프라총점":67.0,
            "초등학군":89.98,
            "중학군":36.8,
            "학군총점":47.436,
            "인구수":26.5,
            "인구증감":-3.08,
            "인구총점":17.626,
            "일자리":13.65,
            "소득수준":63.58,
            "일자리총점":28.629,
            "가치 총점":53.7154,
            "매매실거래년":20211113.0,
            "매매실거래가":36500.0,
            "전세실거래년":20211202.0,
            "전세실거래가":19000.0,
            "전세가율":52.05,
            "장기전세가율평균":70.65,
            "전세가율거품지수":18.6,
            "검색코드":2005,
            "세대수":72.0,
            "준공년월":"1983-11-05",
            "준공년차":40.0,
            "가까운역이름":"만안 (2026년 예정)",
            "가까운역거리":243.05,
            "역세권여부":"역세권",
            "30분이내주요거점역":2,
            "30분거점역이름":"['가산디지털단지', '구로디지털단지']",
            "1시간이내주요거점역":12,
            "1시간거점역이름":"['강남', '역삼', '여의도', '수원시청', '평촌', '가산디지털단지', '홍대입구', '수원', '구로디지털단지', '명동', '안산', '마곡']",
            "3km이내백화점수":1,
            "5km이내아울렛몰수":1,
            "1km이내대형먀트수":0,
            "500m이내은행수":1,
            "500m이내병원수":10,
            "5km이내대형병원수":3,
            "500m이내공원수":2,
            "3km이내혐오시설수":0,
            "초등학교학업성취도":89.98,
            "중학교학업성취도":59.8,
            "용적률":0,
            "건폐율":0,
            "Y":37.413717,
            "X":126.906684,
            "rank":61.0,
            "area_info":"16평(54.81), 21평(70.47)",
            "last_sales":"2021-11-13,36500.0,16평(54.81)",
            "rank_history":[
                [
                    "202203",
                    61
                ],
                [
                    "202202",
                    9999
                ]
            ],
            "rank_gap":9999
        },
        {
            "index":19,
            "아파트명":"박달동원베네스트",
            "투자타입":"일반",
            "전용면적(m2)":"86.6",
            "전용면적(평)":"26평",
            "법정동주소":"경기도 안양시 만안구 박달동 15-2",
            "도로명주소":"경기도 안양시 만안구 양화로147번길 7",
            "세대수":0,
            "입주년차":40,
            "용적률점수":"--",
            "건폐율점수":"--",
            "세대당주차수":30,
            "난방방식":30,
            "공급면적":"--",
            "전용률":"--",
            "욕실수":100,
            "현관타입":100,
            "주거총점":35.5,
            "지역구공급총점":100.0,
            "역세권":50,
            "30분내 이동가능 거점":0,
            "1시간내 이동가능 거점":70,
            "교통총점":39.0,
            "백화점":100,
            "아울렛몰":80,
            "대형마트":80,
            "은행":0,
            "병원":80,
            "종합병원":100,
            "공원":100,
            "혐오시설":0,
            "인프라총점":81.0,
            "초등학군":89.96,
            "중학군":48.64,
            "학군총점":56.904,
            "인구수":26.5,
            "인구증감":-3.08,
            "인구총점":17.626,
            "일자리":13.65,
            "소득수준":63.58,
            "일자리총점":28.629,
            "가치 총점":53.5856,
            "매매실거래년":20210830.0,
            "매매실거래가":47000.0,
            "전세실거래년":20200212.0,
            "전세실거래가":28000.0,
            "전세가율":59.57,
            "장기전세가율평균":70.65,
            "전세가율거품지수":11.08,
            "검색코드":102381,
            "세대수":134.0,
            "준공년월":"2007-07-13",
            "준공년차":16.0,
            "가까운역이름":"만안 (2026년 예정)",
            "가까운역거리":863.82,
            "역세권여부":"준역세권",
            "30분이내주요거점역":0,
            "30분거점역이름":"[]",
            "1시간이내주요거점역":7,
            "1시간거점역이름":"['여의도', '수원시청', '평촌', '가산디지털단지', '홍대입구', '수원', '구로디지털단지']",
            "3km이내백화점수":1,
            "5km이내아울렛몰수":1,
            "1km이내대형먀트수":1,
            "500m이내은행수":0,
            "500m이내병원수":30,
            "5km이내대형병원수":3,
            "500m이내공원수":5,
            "3km이내혐오시설수":0,
            "초등학교학업성취도":89.96,
            "중학교학업성취도":79.6,
            "용적률":249,
            "건폐율":27,
            "Y":37.405193,
            "X":126.908581,
            "rank":62.0,
            "area_info":"26평(86.6), 32평(106.28), 32평(106.41), 32평(106.14)",
            "last_sales":"2021-08-30,47000.0,26평(86.6)",
            "rank_history":[
                [
                    "202203",
                    62
                ],
                [
                    "202202",
                    63
                ],
                [
                    "202201",
                    75
                ]
            ],
            "rank_gap":1
        },
        {
            "index":79,
            "아파트명":"한신휴플러스타운2차",
            "투자타입":"일반",
            "전용면적(m2)":"80.92",
            "전용면적(평)":"24평",
            "법정동주소":"경기도 안양시 만안구 박달동 34",
            "도로명주소":"경기도 안양시 만안구 박달로507번길 57",
            "세대수":0,
            "입주년차":40,
            "용적률점수":"--",
            "건폐율점수":"--",
            "세대당주차수":0,
            "난방방식":30,
            "공급면적":"--",
            "전용률":"--",
            "욕실수":100,
            "현관타입":100,
            "주거총점":31.0,
            "지역구공급총점":100.0,
            "역세권":50,
            "30분내 이동가능 거점":0,
            "1시간내 이동가능 거점":80,
            "교통총점":41.0,
            "백화점":100,
            "아울렛몰":80,
            "대형마트":80,
            "은행":0,
            "병원":80,
            "종합병원":100,
            "공원":100,
            "혐오시설":0,
            "인프라총점":81.0,
            "초등학군":89.98,
            "중학군":48.64,
            "학군총점":56.908,
            "인구수":26.5,
            "인구증감":-3.08,
            "인구총점":17.626,
            "일자리":13.65,
            "소득수준":63.58,
            "일자리총점":28.629,
            "가치 총점":53.3862,
            "매매실거래년":20211229.0,
            "매매실거래가":62000.0,
            "전세실거래년":20211221.0,
            "전세실거래가":28000.0,
            "전세가율":61.14,
            "장기전세가율평균":70.65,
            "전세가율거품지수":9.51,
            "검색코드":17736,
            "세대수":205.0,
            "준공년월":"2006-05-22",
            "준공년차":17.0,
            "가까운역이름":"만안 (2026년 예정)",
            "가까운역거리":939.21,
            "역세권여부":"준역세권",
            "30분이내주요거점역":0,
            "30분거점역이름":"[]",
            "1시간이내주요거점역":8,
            "1시간거점역이름":"['여의도', '수원시청', '평촌', '가산디지털단지', '홍대입구', '수원', '구로디지털단지', '명동']",
            "3km이내백화점수":1,
            "5km이내아울렛몰수":1,
            "1km이내대형먀트수":1,
            "500m이내은행수":0,
            "500m이내병원수":30,
            "5km이내대형병원수":2,
            "500m이내공원수":4,
            "3km이내혐오시설수":0,
            "초등학교학업성취도":89.98,
            "중학교학업성취도":79.6,
            "용적률":0,
            "건폐율":0,
            "Y":37.404596,
            "X":126.907629,
            "rank":63.0,
            "area_info":"24평(80.92), 32평(105.92)",
            "last_sales":"2021-12-29,62000.0,32평(105.92)",
            "rank_history":[
                [
                    "202203",
                    63
                ],
                [
                    "202202",
                    60
                ],
                [
                    "202201",
                    73
                ]
            ],
            "rank_gap":-3
        },
        {
            "index":333,
            "아파트명":"성원",
            "투자타입":"일반",
            "전용면적(m2)":"81.39",
            "전용면적(평)":"24평",
            "법정동주소":"경기도 안양시 만안구 안양동 164-12",
            "도로명주소":"경기도 안양시 만안구 태평로 76",
            "세대수":0,
            "입주년차":0,
            "용적률점수":"--",
            "건폐율점수":"--",
            "세대당주차수":0,
            "난방방식":30,
            "공급면적":"--",
            "전용률":"--",
            "욕실수":50,
            "현관타입":10,
            "주거총점":9.0,
            "지역구공급총점":100.0,
            "역세권":50,
            "30분내 이동가능 거점":20,
            "1시간내 이동가능 거점":90,
            "교통총점":49.0,
            "백화점":100,
            "아울렛몰":100,
            "대형마트":100,
            "은행":20,
            "병원":80,
            "종합병원":100,
            "공원":100,
            "혐오시설":0,
            "인프라총점":88.0,
            "초등학군":90.04,
            "중학군":41.96,
            "학군총점":51.576,
            "인구수":26.5,
            "인구증감":-3.08,
            "인구총점":17.626,
            "일자리":13.65,
            "소득수준":63.58,
            "일자리총점":28.629,
            "가치 총점":53.0864,
            "매매실거래년":20210722.0,
            "매매실거래가":69000.0,
            "전세실거래년":20220127.0,
            "전세실거래가":24000.0,
            "전세가율":60.76,
            "장기전세가율평균":70.65,
            "전세가율거품지수":9.89,
            "검색코드":3897,
            "세대수":130.0,
            "준공년월":"1998-03-18",
            "준공년차":25.0,
            "가까운역이름":"안양",
            "가까운역거리":794.48,
            "역세권여부":"준역세권",
            "30분이내주요거점역":1,
            "30분거점역이름":"['가산디지털단지']",
            "1시간이내주요거점역":9,
            "1시간거점역이름":"['여의도', '수원시청', '평촌', '가산디지털단지', '홍대입구', '수원', '구로디지털단지', '명동', '안산']",
            "3km이내백화점수":1,
            "5km이내아울렛몰수":2,
            "1km이내대형먀트수":3,
            "500m이내은행수":2,
            "500m이내병원수":45,
            "5km이내대형병원수":5,
            "500m이내공원수":4,
            "3km이내혐오시설수":0,
            "초등학교학업성취도":90.04,
            "중학교학업성취도":69.6,
            "용적률":401,
            "건폐율":28,
            "Y":37.39623,
            "X":126.92854,
            "rank":64.0,
            "area_info":"24평(81.39), 35평(116.47)",
            "last_sales":"2021-07-22,69000.0,35평(116.47)",
            "rank_history":[
                [
                    "202203",
                    64
                ],
                [
                    "202202",
                    38
                ],
                [
                    "202201",
                    23
                ]
            ],
            "rank_gap":-26
        },
        {
            "index":299,
            "아파트명":"비젼하우스(도시형)",
            "투자타입":"일반",
            "전용면적(m2)":"23.02",
            "전용면적(평)":"6평",
            "법정동주소":"경기도 안양시 만안구 안양동 491-10",
            "도로명주소":"경기도 안양시 만안구 수리산로28번길 3",
            "세대수":0,
            "입주년차":60,
            "용적률점수":"--",
            "건폐율점수":"--",
            "세대당주차수":0,
            "난방방식":30,
            "공급면적":"--",
            "전용률":"--",
            "욕실수":50,
            "현관타입":50,
            "주거총점":25.0,
            "지역구공급총점":100.0,
            "역세권":50,
            "30분내 이동가능 거점":20,
            "1시간내 이동가능 거점":80,
            "교통총점":47.0,
            "백화점":100,
            "아울렛몰":80,
            "대형마트":0,
            "은행":100,
            "병원":60,
            "종합병원":100,
            "공원":100,
            "혐오시설":0,
            "인프라총점":77.0,
            "초등학군":90.0,
            "중학군":48.52,
            "학군총점":56.816,
            "인구수":26.5,
            "인구증감":-3.08,
            "인구총점":17.626,
            "일자리":13.65,
            "소득수준":63.58,
            "일자리총점":28.629,
            "가치 총점":53.0724,
            "매매실거래년":"18000101",
            "매매실거래가":null,
            "전세실거래년":20201227.0,
            "전세실거래가":8000.0,
            "전세가율":null,
            "장기전세가율평균":70.65,
            "전세가율거품지수":null,
            "검색코드":107812,
            "세대수":152.0,
            "준공년월":"2012-06-16",
            "준공년차":11.0,
            "가까운역이름":"명학",
            "가까운역거리":624.76,
            "역세권여부":"준역세권",
            "30분이내주요거점역":1,
            "30분거점역이름":"['가산디지털단지']",
            "1시간이내주요거점역":8,
            "1시간거점역이름":"['여의도', '수원시청', '평촌', '가산디지털단지', '홍대입구', '수원', '구로디지털단지', '안산']",
            "3km이내백화점수":1,
            "5km이내아울렛몰수":1,
            "1km이내대형먀트수":0,
            "500m이내은행수":5,
            "500m이내병원수":12,
            "5km이내대형병원수":5,
            "500m이내공원수":4,
            "3km이내혐오시설수":0,
            "초등학교학업성취도":90.0,
            "중학교학업성취도":78.4,
            "용적률":449,
            "건폐율":62,
            "Y":37.387763,
            "X":126.929872,
            "rank":65.0,
            "area_info":"6평(23.02), 7평(25.57), 8평(27.7), 8평(27.19), 8평(28.81), 8평(28.53), 9평(30.62)",
            "last_sales":"1800-01-01,nan,6평(23.02)",
            "rank_history":[
                [
                    "202203",
                    65
                ],
                [
                    "202202",
                    40
                ],
                [
                    "202201",
                    26
                ]
            ],
            "rank_gap":-25
        },
        {
            "index":263,
            "아파트명":"래미안안양메가트리아",
            "투자타입":"일반",
            "전용면적(m2)":"59.69",
            "전용면적(평)":"18평",
            "법정동주소":"경기도 안양시 만안구 안양동 1393",
            "도로명주소":"경기도 안양시 만안구 안양천서로 177",
            "세대수":100,
            "입주년차":80,
            "용적률점수":"--",
            "건폐율점수":"--",
            "세대당주차수":30,
            "난방방식":100,
            "공급면적":"--",
            "전용률":"--",
            "욕실수":50,
            "현관타입":10,
            "주거총점":71.5,
            "지역구공급총점":100.0,
            "역세권":0,
            "30분내 이동가능 거점":0,
            "1시간내 이동가능 거점":70,
            "교통총점":14.0,
            "백화점":100,
            "아울렛몰":80,
            "대형마트":100,
            "은행":0,
            "병원":60,
            "종합병원":100,
            "공원":100,
            "혐오시설":0,
            "인프라총점":82.0,
            "초등학군":90.0,
            "중학군":53.84,
            "학군총점":61.072,
            "인구수":26.5,
            "인구증감":-3.08,
            "인구총점":17.626,
            "일자리":13.65,
            "소득수준":63.58,
            "일자리총점":28.629,
            "가치 총점":52.9608,
            "매매실거래년":20210925.0,
            "매매실거래가":153000.0,
            "전세실거래년":20201209.0,
            "전세실거래가":6811.0,
            "전세가율":null,
            "장기전세가율평균":70.65,
            "전세가율거품지수":null,
            "검색코드":112054,
            "세대수":4250.0,
            "준공년월":"2016-11-01",
            "준공년차":7.0,
            "가까운역이름":"명학",
            "가까운역거리":1087.73,
            "역세권여부":"비역세권",
            "30분이내주요거점역":0,
            "30분거점역이름":"[]",
            "1시간이내주요거점역":7,
            "1시간거점역이름":"['여의도', '수원시청', '평촌', '가산디지털단지', '수원', '구로디지털단지', '안산']",
            "3km이내백화점수":1,
            "5km이내아울렛몰수":1,
            "1km이내대형먀트수":3,
            "500m이내은행수":1,
            "500m이내병원수":24,
            "5km이내대형병원수":5,
            "500m이내공원수":5,
            "3km이내혐오시설수":0,
            "초등학교학업성취도":90.0,
            "중학교학업성취도":86.6,
            "용적률":244,
            "건폐율":16,
            "Y":37.394112,
            "X":126.933588,
            "rank":66.0,
            "area_info":"18평(59.69), 18평(59.69), 18평(60.04), 22평(75.0), 24평(79.68), 24평(79.93), 24평(79.55), 24평(79.56), 34평(112.95), 34평(112.93), 34평(113.11), 46평(152.98), 46평(152.8), 46평(152.86), 46평(153.22), 56평(186.13), 56평(186.29)",
            "last_sales":"2021-09-25,153000.0,56평(186.29)",
            "rank_history":[
                [
                    "202203",
                    66
                ],
                [
                    "202202",
                    43
                ],
                [
                    "202201",
                    22
                ]
            ],
            "rank_gap":-23
        },
        {
            "index":459,
            "아파트명":"알파돔",
            "투자타입":"일반",
            "전용면적(m2)":"58.93",
            "전용면적(평)":"17평",
            "법정동주소":"경기도 안양시 만안구 안양동 441-29",
            "도로명주소":"경기도 안양시 만안구 안양로 164",
            "세대수":0,
            "입주년차":80,
            "용적률점수":"--",
            "건폐율점수":"--",
            "세대당주차수":0,
            "난방방식":30,
            "공급면적":"--",
            "전용률":"--",
            "욕실수":50,
            "현관타입":100,
            "주거총점":34.0,
            "지역구공급총점":100.0,
            "역세권":50,
            "30분내 이동가능 거점":0,
            "1시간내 이동가능 거점":100,
            "교통총점":45.0,
            "백화점":100,
            "아울렛몰":80,
            "대형마트":0,
            "은행":70,
            "병원":60,
            "종합병원":100,
            "공원":100,
            "혐오시설":0,
            "인프라총점":74.0,
            "초등학군":90.0,
            "중학군":41.96,
            "학군총점":51.568,
            "인구수":26.5,
            "인구증감":-3.08,
            "인구총점":17.626,
            "일자리":13.65,
            "소득수준":63.58,
            "일자리총점":28.629,
            "가치 총점":52.4852,
            "매매실거래년":"18000101",
            "매매실거래가":null,
            "전세실거래년":20200210.0,
            "전세실거래가":23000.0,
            "전세가율":null,
            "장기전세가율평균":70.65,
            "전세가율거품지수":null,
            "검색코드":120141,
            "세대수":52.0,
            "준공년월":"2017-04-11",
            "준공년차":6.0,
            "가까운역이름":"명학",
            "가까운역거리":680.45,
            "역세권여부":"준역세권",
            "30분이내주요거점역":0,
            "30분거점역이름":"[]",
            "1시간이내주요거점역":12,
            "1시간거점역이름":"['여의도', '을지로3가', '양재', '수원시청', '평촌', '가산디지털단지', '왕십리', '홍대입구', '수원', '구로디지털단지', '안산', '마곡']",
            "3km이내백화점수":1,
            "5km이내아울렛몰수":1,
            "1km이내대형먀트수":0,
            "500m이내은행수":4,
            "500m이내병원수":15,
            "5km이내대형병원수":5,
            "500m이내공원수":5,
            "3km이내혐오시설수":0,
            "초등학교학업성취도":90.0,
            "중학교학업성취도":69.6,
            "용적률":549,
            "건폐율":68,
            "Y":37.388858,
            "X":126.930237,
            "rank":67.0,
            "area_info":"17평(58.93), 18평(60.08), 18평(61.86), 18평(62.02), 19평(63.7)",
            "last_sales":"1800-01-01,nan,17평(58.93)",
            "rank_history":[
                [
                    "202203",
                    67
                ],
                [
                    "202202",
                    9999
                ]
            ],
            "rank_gap":9999
        },
        {
            "index":63,
            "아파트명":"적성",
            "투자타입":"재건축",
            "전용면적(m2)":"66.15",
            "전용면적(평)":"20평",
            "법정동주소":"경기도 안양시 만안구 박달동 103",
            "도로명주소":"경기도 안양시 만안구 양화로135번길 37",
            "세대수":0,
            "입주년차":"--",
            "용적률점수":80,
            "건폐율점수":80,
            "세대당주차수":"--",
            "난방방식":"--",
            "공급면적":50,
            "전용률":60,
            "욕실수":"--",
            "현관타입":"--",
            "주거총점":53.5,
            "지역구공급총점":100.0,
            "역세권":0,
            "30분내 이동가능 거점":20,
            "1시간내 이동가능 거점":80,
            "교통총점":22.0,
            "백화점":100,
            "아울렛몰":80,
            "대형마트":80,
            "은행":0,
            "병원":80,
            "종합병원":100,
            "공원":100,
            "혐오시설":0,
            "인프라총점":81.0,
            "초등학군":89.98,
            "중학군":48.64,
            "학군총점":56.908,
            "인구수":26.5,
            "인구증감":-3.08,
            "인구총점":17.626,
            "일자리":13.65,
            "소득수준":63.58,
            "일자리총점":28.629,
            "가치 총점":51.2362,
            "매매실거래년":20210726.0,
            "매매실거래가":30000.0,
            "전세실거래년":20211214.0,
            "전세실거래가":17500.0,
            "전세가율":59.32,
            "장기전세가율평균":70.65,
            "전세가율거품지수":11.33,
            "검색코드":2796,
            "세대수":174.0,
            "준공년월":"1984-10-29",
            "준공년차":39.0,
            "가까운역이름":"만안 (2026년 예정)",
            "가까운역거리":1055.12,
            "역세권여부":"비역세권",
            "30분이내주요거점역":1,
            "30분거점역이름":"['가산디지털단지']",
            "1시간이내주요거점역":8,
            "1시간거점역이름":"['여의도', '수원시청', '평촌', '가산디지털단지', '홍대입구', '수원', '구로디지털단지', '명동']",
            "3km이내백화점수":1,
            "5km이내아울렛몰수":1,
            "1km이내대형먀트수":1,
            "500m이내은행수":0,
            "500m이내병원수":30,
            "5km이내대형병원수":2,
            "500m이내공원수":5,
            "3km이내혐오시설수":0,
            "초등학교학업성취도":89.98,
            "중학교학업성취도":79.6,
            "용적률":163,
            "건폐율":28,
            "Y":37.4036,
            "X":126.90717,
            "rank":68.0,
            "area_info":"20평(66.15), 20평(69.3), 22평(75.6), 24평(81.9), 26평(88.2)",
            "last_sales":"2021-07-26,30000.0,24평(81.9)",
            "rank_history":[
                [
                    "202203",
                    68
                ],
                [
                    "202202",
                    44
                ],
                [
                    "202201",
                    54
                ]
            ],
            "rank_gap":-24
        },
        {
            "index":23,
            "아파트명":"박달한신휴플러스1차",
            "투자타입":"일반",
            "전용면적(m2)":"79.44",
            "전용면적(평)":"24평",
            "법정동주소":"경기도 안양시 만안구 박달동 7-50",
            "도로명주소":"경기도 안양시 만안구 양화로135번길 80",
            "세대수":0,
            "입주년차":40,
            "용적률점수":"--",
            "건폐율점수":"--",
            "세대당주차수":30,
            "난방방식":30,
            "공급면적":"--",
            "전용률":"--",
            "욕실수":100,
            "현관타입":100,
            "주거총점":35.5,
            "지역구공급총점":100.0,
            "역세권":50,
            "30분내 이동가능 거점":20,
            "1시간내 이동가능 거점":80,
            "교통총점":47.0,
            "백화점":100,
            "아울렛몰":80,
            "대형마트":0,
            "은행":0,
            "병원":60,
            "종합병원":100,
            "공원":100,
            "혐오시설":0,
            "인프라총점":67.0,
            "초등학군":89.96,
            "중학군":36.8,
            "학군총점":47.432,
            "인구수":26.5,
            "인구증감":-3.08,
            "인구총점":17.626,
            "일자리":13.65,
            "소득수준":63.58,
            "일자리총점":28.629,
            "가치 총점":50.7648,
            "매매실거래년":20211106.0,
            "매매실거래가":53500.0,
            "전세실거래년":20220104.0,
            "전세실거래가":32000.0,
            "전세가율":59.81,
            "장기전세가율평균":70.65,
            "전세가율거품지수":10.84,
            "검색코드":13283,
            "세대수":178.0,
            "준공년월":"2005-06-29",
            "준공년차":18.0,
            "가까운역이름":"만안 (2026년 예정)",
            "가까운역거리":968.18,
            "역세권여부":"준역세권",
            "30분이내주요거점역":1,
            "30분거점역이름":"['가산디지털단지']",
            "1시간이내주요거점역":8,
            "1시간거점역이름":"['여의도', '수원시청', '평촌', '가산디지털단지', '홍대입구', '수원', '구로디지털단지', '명동']",
            "3km이내백화점수":1,
            "5km이내아울렛몰수":1,
            "1km이내대형먀트수":0,
            "500m이내은행수":0,
            "500m이내병원수":20,
            "5km이내대형병원수":2,
            "500m이내공원수":3,
            "3km이내혐오시설수":0,
            "초등학교학업성취도":89.96,
            "중학교학업성취도":59.8,
            "용적률":327,
            "건폐율":19,
            "Y":37.404855,
            "X":126.905198,
            "rank":69.0,
            "area_info":"24평(79.44), 32평(108.08), 32평(108.08)",
            "last_sales":"2021-11-06,53500.0,24평(79.44)",
            "rank_history":[
                [
                    "202203",
                    69
                ],
                [
                    "202202",
                    68
                ],
                [
                    "202201",
                    76
                ]
            ],
            "rank_gap":-1
        },
        {
            "index":328,
            "아파트명":"삼호수정",
            "투자타입":"일반",
            "전용면적(m2)":"79.33",
            "전용면적(평)":"23평",
            "법정동주소":"경기도 안양시 만안구 안양동 377-1",
            "도로명주소":"경기도 안양시 만안구 안양로13번길 11",
            "세대수":0,
            "입주년차":0,
            "용적률점수":"--",
            "건폐율점수":"--",
            "세대당주차수":0,
            "난방방식":30,
            "공급면적":"--",
            "전용률":"--",
            "욕실수":50,
            "현관타입":10,
            "주거총점":9.0,
            "지역구공급총점":100.0,
            "역세권":50,
            "30분내 이동가능 거점":60,
            "1시간내 이동가능 거점":100,
            "교통총점":63.0,
            "백화점":100,
            "아울렛몰":80,
            "대형마트":0,
            "은행":0,
            "병원":0,
            "종합병원":100,
            "공원":100,
            "혐오시설":0,
            "인프라총점":61.0,
            "초등학군":89.94,
            "중학군":48.8,
            "학군총점":57.028,
            "인구수":26.5,
            "인구증감":-3.08,
            "인구총점":17.626,
            "일자리":13.65,
            "소득수준":63.58,
            "일자리총점":28.629,
            "가치 총점":50.7042,
            "매매실거래년":20220222.0,
            "매매실거래가":28000.0,
            "전세실거래년":20220222.0,
            "전세실거래가":24000.0,
            "전세가율":85.71,
            "장기전세가율평균":70.65,
            "전세가율거품지수":-15.06,
            "검색코드":8184,
            "세대수":250.0,
            "준공년월":"1996-11-22",
            "준공년차":27.0,
            "가까운역이름":"금정",
            "가까운역거리":563.79,
            "역세권여부":"준역세권",
            "30분이내주요거점역":3,
            "30분거점역이름":"['평촌', '가산디지털단지', '수원']",
            "1시간이내주요거점역":12,
            "1시간거점역이름":"['강남', '역삼', '여의도', '양재', '수원시청', '평촌', '가산디지털단지', '홍대입구', '수원', '구로디지털단지', '명동', '안산']",
            "3km이내백화점수":1,
            "5km이내아울렛몰수":1,
            "1km이내대형먀트수":0,
            "500m이내은행수":0,
            "500m이내병원수":0,
            "5km이내대형병원수":5,
            "500m이내공원수":4,
            "3km이내혐오시설수":0,
            "초등학교학업성취도":89.94,
            "중학교학업성취도":79.6,
            "용적률":275,
            "건폐율":20,
            "Y":37.37671,
            "X":126.94004,
            "rank":70.0,
            "area_info":"23평(79.33), 31평(103.36), 32평(106.36)",
            "last_sales":"2022-02-22,28000.0,23평(79.33)",
            "rank_history":[
                [
                    "202203",
                    70
                ],
                [
                    "202202",
                    59
                ],
                [
                    "202201",
                    44
                ]
            ],
            "rank_gap":-11
        },
        {
            "index":238,
            "아파트명":"냉천현대",
            "투자타입":"일반",
            "전용면적(m2)":"84.31",
            "전용면적(평)":"25평",
            "법정동주소":"경기도 안양시 만안구 안양동 708-9",
            "도로명주소":"경기도 안양시 만안구 삼덕로 57",
            "세대수":30,
            "입주년차":0,
            "용적률점수":"--",
            "건폐율점수":"--",
            "세대당주차수":0,
            "난방방식":30,
            "공급면적":"--",
            "전용률":"--",
            "욕실수":50,
            "현관타입":10,
            "주거총점":19.5,
            "지역구공급총점":100.0,
            "역세권":50,
            "30분내 이동가능 거점":0,
            "1시간내 이동가능 거점":80,
            "교통총점":41.0,
            "백화점":100,
            "아울렛몰":100,
            "대형마트":80,
            "은행":0,
            "병원":60,
            "종합병원":100,
            "공원":100,
            "혐오시설":0,
            "인프라총점":81.0,
            "초등학군":89.97,
            "중학군":41.96,
            "학군총점":51.562,
            "인구수":26.5,
            "인구증감":-3.08,
            "인구총점":17.626,
            "일자리":13.65,
            "소득수준":63.58,
            "일자리총점":28.629,
            "가치 총점":50.2843,
            "매매실거래년":20211214.0,
            "매매실거래가":49500.0,
            "전세실거래년":20211214.0,
            "전세실거래가":27000.0,
            "전세가율":65.85,
            "장기전세가율평균":70.65,
            "전세가율거품지수":4.8,
            "검색코드":2800,
            "세대수":314.0,
            "준공년월":"1997-06-05",
            "준공년차":26.0,
            "가까운역이름":"안양",
            "가까운역거리":970.01,
            "역세권여부":"준역세권",
            "30분이내주요거점역":0,
            "30분거점역이름":"[]",
            "1시간이내주요거점역":8,
            "1시간거점역이름":"['여의도', '수원시청', '평촌', '가산디지털단지', '홍대입구', '수원', '구로디지털단지', '안산']",
            "3km이내백화점수":1,
            "5km이내아울렛몰수":2,
            "1km이내대형먀트수":1,
            "500m이내은행수":1,
            "500m이내병원수":24,
            "5km이내대형병원수":5,
            "500m이내공원수":3,
            "3km이내혐오시설수":0,
            "초등학교학업성취도":89.97,
            "중학교학업성취도":69.6,
            "용적률":331,
            "건폐율":48,
            "Y":37.393458,
            "X":126.919074,
            "rank":71.0,
            "area_info":"25평(84.31), 36평(119.62), 47평(158.01)",
            "last_sales":"2021-12-14,49500.0,36평(119.62)",
            "rank_history":[
                [
                    "202203",
                    71
                ],
                [
                    "202202",
                    45
                ],
                [
                    "202201",
                    34
                ]
            ],
            "rank_gap":-26
        },
        {
            "index":17,
            "아파트명":"대흥",
            "투자타입":"재건축",
            "전용면적(m2)":"58.54",
            "전용면적(평)":"17평",
            "법정동주소":"경기도 안양시 만안구 박달동 36-4",
            "도로명주소":"경기도 안양시 만안구 양화로147번길 18",
            "세대수":0,
            "입주년차":"--",
            "용적률점수":0,
            "건폐율점수":0,
            "세대당주차수":"--",
            "난방방식":"--",
            "공급면적":50,
            "전용률":60,
            "욕실수":"--",
            "현관타입":"--",
            "주거총점":5.5,
            "지역구공급총점":100.0,
            "역세권":50,
            "30분내 이동가능 거점":20,
            "1시간내 이동가능 거점":80,
            "교통총점":47.0,
            "백화점":100,
            "아울렛몰":80,
            "대형마트":80,
            "은행":0,
            "병원":80,
            "종합병원":100,
            "공원":80,
            "혐오시설":0,
            "인프라총점":80.4,
            "초등학군":89.96,
            "중학군":48.64,
            "학군총점":56.904,
            "인구수":26.5,
            "인구증감":-3.08,
            "인구총점":17.626,
            "일자리":13.65,
            "소득수준":63.58,
            "일자리총점":28.629,
            "가치 총점":50.2056,
            "매매실거래년":20210112.0,
            "매매실거래가":20400.0,
            "전세실거래년":20210301.0,
            "전세실거래가":15000.0,
            "전세가율":78.95,
            "장기전세가율평균":70.65,
            "전세가율거품지수":-8.3,
            "검색코드":8917,
            "세대수":50.0,
            "준공년월":"1987-07-09",
            "준공년차":36.0,
            "가까운역이름":"만안 (2026년 예정)",
            "가까운역거리":869.15,
            "역세권여부":"준역세권",
            "30분이내주요거점역":1,
            "30분거점역이름":"['가산디지털단지']",
            "1시간이내주요거점역":8,
            "1시간거점역이름":"['여의도', '수원시청', '평촌', '가산디지털단지', '홍대입구', '수원', '구로디지털단지', '명동']",
            "3km이내백화점수":1,
            "5km이내아울렛몰수":1,
            "1km이내대형먀트수":1,
            "500m이내은행수":0,
            "500m이내병원수":30,
            "5km이내대형병원수":2,
            "500m이내공원수":1,
            "3km이내혐오시설수":0,
            "초등학교학업성취도":89.96,
            "중학교학업성취도":79.6,
            "용적률":0,
            "건폐율":0,
            "Y":37.405297,
            "X":126.907213,
            "rank":72.0,
            "area_info":"17평(58.54), 21평(70.01)",
            "last_sales":"2021-01-12,20400.0,21평(70.01)",
            "rank_history":[
                [
                    "202203",
                    72
                ],
                [
                    "202202",
                    9999
                ]
            ],
            "rank_gap":9999
        },
        {
            "index":294,
            "아파트명":"미주",
            "투자타입":"재건축",
            "전용면적(m2)":"66.86",
            "전용면적(평)":"20평",
            "법정동주소":"경기도 안양시 만안구 안양동 432-3",
            "도로명주소":"경기도 안양시 만안구 만안로99번길 36",
            "세대수":0,
            "입주년차":"--",
            "용적률점수":0,
            "건폐율점수":0,
            "세대당주차수":"--",
            "난방방식":"--",
            "공급면적":50,
            "전용률":60,
            "욕실수":"--",
            "현관타입":"--",
            "주거총점":5.5,
            "지역구공급총점":100.0,
            "역세권":50,
            "30분내 이동가능 거점":20,
            "1시간내 이동가능 거점":80,
            "교통총점":47.0,
            "백화점":100,
            "아울렛몰":80,
            "대형마트":100,
            "은행":0,
            "병원":60,
            "종합병원":100,
            "공원":100,
            "혐오시설":0,
            "인프라총점":82.0,
            "초등학군":90.04,
            "중학군":41.96,
            "학군총점":51.576,
            "인구수":26.5,
            "인구증감":-3.08,
            "인구총점":17.626,
            "일자리":13.65,
            "소득수준":63.58,
            "일자리총점":28.629,
            "가치 총점":49.8864,
            "매매실거래년":20210901.0,
            "매매실거래가":25000.0,
            "전세실거래년":20210729.0,
            "전세실거래가":15000.0,
            "전세가율":69.77,
            "장기전세가율평균":70.65,
            "전세가율거품지수":0.88,
            "검색코드":9180,
            "세대수":60.0,
            "준공년월":"1984-06-07",
            "준공년차":39.0,
            "가까운역이름":"명학",
            "가까운역거리":917.59,
            "역세권여부":"준역세권",
            "30분이내주요거점역":1,
            "30분거점역이름":"['평촌']",
            "1시간이내주요거점역":8,
            "1시간거점역이름":"['역삼', '여의도', '수원시청', '평촌', '가산디지털단지', '수원', '구로디지털단지', '안산']",
            "3km이내백화점수":1,
            "5km이내아울렛몰수":1,
            "1km이내대형먀트수":3,
            "500m이내은행수":1,
            "500m이내병원수":23,
            "5km이내대형병원수":5,
            "500m이내공원수":3,
            "3km이내혐오시설수":0,
            "초등학교학업성취도":90.04,
            "중학교학업성취도":69.6,
            "용적률":0,
            "건폐율":0,
            "Y":37.391285,
            "X":126.929754,
            "rank":73.0,
            "area_info":"20평(66.86), 21평(70.74), 23평(77.43)",
            "last_sales":"2021-09-01,25000.0,21평(70.74)",
            "rank_history":[
                [
                    "202203",
                    73
                ],
                [
                    "202202",
                    9999
                ]
            ],
            "rank_gap":9999
        },
        {
            "index":401,
            "아파트명":"안양대우",
            "투자타입":"재건축",
            "전용면적(m2)":"88.25",
            "전용면적(평)":"26평",
            "법정동주소":"경기도 안양시 만안구 안양동 70",
            "도로명주소":"경기도 안양시 만안구 경수대로1001번길 116",
            "세대수":50,
            "입주년차":"--",
            "용적률점수":0,
            "건폐율점수":100,
            "세대당주차수":"--",
            "난방방식":"--",
            "공급면적":70,
            "전용률":80,
            "욕실수":"--",
            "현관타입":"--",
            "주거총점":42.5,
            "지역구공급총점":100.0,
            "역세권":50,
            "30분내 이동가능 거점":40,
            "1시간내 이동가능 거점":100,
            "교통총점":57.0,
            "백화점":0,
            "아울렛몰":80,
            "대형마트":80,
            "은행":0,
            "병원":0,
            "종합병원":100,
            "공원":80,
            "혐오시설":0,
            "인프라총점":42.4,
            "초등학군":90.0,
            "중학군":48.64,
            "학군총점":56.912,
            "인구수":26.5,
            "인구증감":-3.08,
            "인구총점":17.626,
            "일자리":13.65,
            "소득수준":63.58,
            "일자리총점":28.629,
            "가치 총점":49.7068,
            "매매실거래년":20220118.0,
            "매매실거래가":50500.0,
            "전세실거래년":20220218.0,
            "전세실거래가":34000.0,
            "전세가율":67.33,
            "장기전세가율평균":70.65,
            "전세가율거품지수":3.32,
            "검색코드":2015,
            "세대수":498.0,
            "준공년월":"1991-09-20",
            "준공년차":32.0,
            "가까운역이름":"안양",
            "가까운역거리":509.85,
            "역세권여부":"준역세권",
            "30분이내주요거점역":2,
            "30분거점역이름":"['가산디지털단지', '수원']",
            "1시간이내주요거점역":11,
            "1시간거점역이름":"['강남', '역삼', '여의도', '수원시청', '평촌', '가산디지털단지', '홍대입구', '수원', '구로디지털단지', '명동', '안산']",
            "3km이내백화점수":0,
            "5km이내아울렛몰수":1,
            "1km이내대형먀트수":1,
            "500m이내은행수":0,
            "500m이내병원수":0,
            "5km이내대형병원수":3,
            "500m이내공원수":1,
            "3km이내혐오시설수":0,
            "초등학교학업성취도":90.0,
            "중학교학업성취도":79.6,
            "용적률":257,
            "건폐율":19,
            "Y":37.406269,
            "X":126.92273,
            "rank":74.0,
            "area_info":"26평(88.25), 30평(101.26), 30평(101.8)",
            "last_sales":"2022-01-18,50500.0,26평(88.25)",
            "rank_history":[
                [
                    "202203",
                    74
                ],
                [
                    "202202",
                    46
                ],
                [
                    "202201",
                    45
                ]
            ],
            "rank_gap":-28
        },
        {
            "index":433,
            "아파트명":"안양씨엘포레자이",
            "투자타입":"일반",
            "전용면적(m2)":"56.53",
            "전용면적(평)":"17평",
            "법정동주소":"경기도 안양시 만안구 안양동 1416",
            "도로명주소":"경기도 안양시 만안구 소곡로 78",
            "세대수":90,
            "입주년차":100,
            "용적률점수":"--",
            "건폐율점수":"--",
            "세대당주차수":30,
            "난방방식":30,
            "공급면적":"--",
            "전용률":"--",
            "욕실수":50,
            "현관타입":100,
            "주거총점":74.0,
            "지역구공급총점":100.0,
            "역세권":0,
            "30분내 이동가능 거점":0,
            "1시간내 이동가능 거점":60,
            "교통총점":12.0,
            "백화점":100,
            "아울렛몰":80,
            "대형마트":80,
            "은행":0,
            "병원":0,
            "종합병원":100,
            "공원":80,
            "혐오시설":0,
            "인프라총점":72.4,
            "초등학군":89.97,
            "중학군":48.52,
            "학군총점":56.81,
            "인구수":26.5,
            "인구증감":-3.08,
            "인구총점":17.626,
            "일자리":13.65,
            "소득수준":63.58,
            "일자리총점":28.629,
            "가치 총점":49.2415,
            "매매실거래년":20211108.0,
            "매매실거래가":90000.0,
            "전세실거래년":null,
            "전세실거래가":null,
            "전세가율":null,
            "장기전세가율평균":70.65,
            "전세가율거품지수":null,
            "검색코드":121645,
            "세대수":1394.0,
            "준공년월":"2021-02-01",
            "준공년차":2.0,
            "가까운역이름":"명학",
            "가까운역거리":1169.86,
            "역세권여부":"비역세권",
            "30분이내주요거점역":0,
            "30분거점역이름":"[]",
            "1시간이내주요거점역":6,
            "1시간거점역이름":"['여의도', '수원시청', '평촌', '가산디지털단지', '수원', '구로디지털단지']",
            "3km이내백화점수":1,
            "5km이내아울렛몰수":1,
            "1km이내대형먀트수":1,
            "500m이내은행수":0,
            "500m이내병원수":0,
            "5km이내대형병원수":5,
            "500m이내공원수":1,
            "3km이내혐오시설수":0,
            "초등학교학업성취도":89.97,
            "중학교학업성취도":78.4,
            "용적률":220,
            "건폐율":16,
            "Y":37.387741,
            "X":126.923012,
            "rank":75.0,
            "area_info":"17평(56.53), 19평(64.5), 19평(65.19), 20평(69.23), 20평(69.13), 24평(81.87), 24평(81.45), 24평(81.62), 29평(96.98), 29평(96.61), 29평(96.68), 32평(108.53), 32평(108.43), 32평(108.47), 38평(128.79)",
            "last_sales":"2021-11-08,90000.0,24평(81.87)",
            "rank_history":[
                [
                    "202203",
                    75
                ],
                [
                    "202202",
                    50
                ],
                [
                    "202201",
                    49
                ]
            ],
            "rank_gap":-25
        },
        {
            "index":308,
            "아파트명":"삼성",
            "투자타입":"일반",
            "전용면적(m2)":"86.22",
            "전용면적(평)":"26평",
            "법정동주소":"경기도 안양시 만안구 안양동 32-1",
            "도로명주소":"경기도 안양시 만안구 예술공원로 59",
            "세대수":30,
            "입주년차":0,
            "용적률점수":"--",
            "건폐율점수":"--",
            "세대당주차수":0,
            "난방방식":30,
            "공급면적":"--",
            "전용률":"--",
            "욕실수":50,
            "현관타입":10,
            "주거총점":19.5,
            "지역구공급총점":100.0,
            "역세권":50,
            "30분내 이동가능 거점":20,
            "1시간내 이동가능 거점":90,
            "교통총점":49.0,
            "백화점":100,
            "아울렛몰":80,
            "대형마트":0,
            "은행":0,
            "병원":30,
            "종합병원":100,
            "공원":100,
            "혐오시설":0,
            "인프라총점":64.0,
            "초등학군":89.99,
            "중학군":48.64,
            "학군총점":56.91,
            "인구수":26.5,
            "인구증감":-3.08,
            "인구총점":17.626,
            "일자리":13.65,
            "소득수준":63.58,
            "일자리총점":28.629,
            "가치 총점":48.7865,
            "매매실거래년":20211116.0,
            "매매실거래가":60000.0,
            "전세실거래년":20210918.0,
            "전세실거래가":39500.0,
            "전세가율":73.49,
            "장기전세가율평균":70.65,
            "전세가율거품지수":-2.84,
            "검색코드":2016,
            "세대수":366.0,
            "준공년월":"1994-12-08",
            "준공년차":29.0,
            "가까운역이름":"만안 (2026년 예정)",
            "가까운역거리":561.96,
            "역세권여부":"준역세권",
            "30분이내주요거점역":1,
            "30분거점역이름":"['가산디지털단지']",
            "1시간이내주요거점역":9,
            "1시간거점역이름":"['강남', '여의도', '수원시청', '평촌', '가산디지털단지', '홍대입구', '수원', '구로디지털단지', '명동']",
            "3km이내백화점수":1,
            "5km이내아울렛몰수":1,
            "1km이내대형먀트수":0,
            "500m이내은행수":0,
            "500m이내병원수":9,
            "5km이내대형병원수":4,
            "500m이내공원수":2,
            "3km이내혐오시설수":0,
            "초등학교학업성취도":89.99,
            "중학교학업성취도":79.6,
            "용적률":250,
            "건폐율":15,
            "Y":37.413682,
            "X":126.915552,
            "rank":76.0,
            "area_info":"26평(86.22), 32평(108.19), 49평(162.03)",
            "last_sales":"2021-11-16,60000.0,49평(162.03)",
            "rank_history":[
                [
                    "202203",
                    76
                ],
                [
                    "202202",
                    48
                ],
                [
                    "202201",
                    52
                ]
            ],
            "rank_gap":-28
        },
        {
            "index":351,
            "아파트명":"수리산성원상떼빌2차",
            "투자타입":"일반",
            "전용면적(m2)":"80.6",
            "전용면적(평)":"24평",
            "법정동주소":"경기도 안양시 만안구 안양동 708-196",
            "도로명주소":"경기도 안양시 만안구 삼덕로63번길 32",
            "세대수":50,
            "입주년차":40,
            "용적률점수":"--",
            "건폐율점수":"--",
            "세대당주차수":30,
            "난방방식":30,
            "공급면적":"--",
            "전용률":"--",
            "욕실수":100,
            "현관타입":100,
            "주거총점":53.0,
            "지역구공급총점":100.0,
            "역세권":0,
            "30분내 이동가능 거점":0,
            "1시간내 이동가능 거점":80,
            "교통총점":16.0,
            "백화점":100,
            "아울렛몰":100,
            "대형마트":80,
            "은행":0,
            "병원":60,
            "종합병원":100,
            "공원":100,
            "혐오시설":0,
            "인프라총점":81.0,
            "초등학군":89.97,
            "중학군":41.96,
            "학군총점":51.562,
            "인구수":26.5,
            "인구증감":-3.08,
            "인구총점":17.626,
            "일자리":13.65,
            "소득수준":63.58,
            "일자리총점":28.629,
            "가치 총점":48.2343,
            "매매실거래년":20210713.0,
            "매매실거래가":63000.0,
            "전세실거래년":20210903.0,
            "전세실거래가":28000.0,
            "전세가율":57.14,
            "장기전세가율평균":70.65,
            "전세가율거품지수":13.51,
            "검색코드":19039,
            "세대수":436.0,
            "준공년월":"2007-02-13",
            "준공년차":16.0,
            "가까운역이름":"안양",
            "가까운역거리":1052.13,
            "역세권여부":"비역세권",
            "30분이내주요거점역":0,
            "30분거점역이름":"[]",
            "1시간이내주요거점역":8,
            "1시간거점역이름":"['여의도', '수원시청', '평촌', '가산디지털단지', '홍대입구', '수원', '구로디지털단지', '안산']",
            "3km이내백화점수":1,
            "5km이내아울렛몰수":2,
            "1km이내대형먀트수":1,
            "500m이내은행수":0,
            "500m이내병원수":14,
            "5km이내대형병원수":5,
            "500m이내공원수":2,
            "3km이내혐오시설수":0,
            "초등학교학업성취도":89.97,
            "중학교학업성취도":69.6,
            "용적률":235,
            "건폐율":16,
            "Y":37.393033,
            "X":126.917905,
            "rank":77.0,
            "area_info":"24평(80.6), 32평(106.06), 41평(136.18)",
            "last_sales":"2021-07-13,63000.0,41평(136.18)",
            "rank_history":[
                [
                    "202203",
                    77
                ],
                [
                    "202202",
                    53
                ],
                [
                    "202201",
                    41
                ]
            ],
            "rank_gap":-24
        },
        {
            "index":72,
            "아파트명":"짜임",
            "투자타입":"일반",
            "전용면적(m2)":"97.93",
            "전용면적(평)":"29평",
            "법정동주소":"경기도 안양시 만안구 박달동 64-1",
            "도로명주소":"경기도 안양시 만안구 박달로525번길 20-13",
            "세대수":0,
            "입주년차":40,
            "용적률점수":"--",
            "건폐율점수":"--",
            "세대당주차수":30,
            "난방방식":30,
            "공급면적":"--",
            "전용률":"--",
            "욕실수":100,
            "현관타입":100,
            "주거총점":35.5,
            "지역구공급총점":100.0,
            "역세권":0,
            "30분내 이동가능 거점":20,
            "1시간내 이동가능 거점":80,
            "교통총점":22.0,
            "백화점":100,
            "아울렛몰":80,
            "대형마트":80,
            "은행":0,
            "병원":80,
            "종합병원":100,
            "공원":100,
            "혐오시설":0,
            "인프라총점":81.0,
            "초등학군":89.97,
            "중학군":48.64,
            "학군총점":56.906,
            "인구수":26.5,
            "인구증감":-3.08,
            "인구총점":17.626,
            "일자리":13.65,
            "소득수준":63.58,
            "일자리총점":28.629,
            "가치 총점":47.6359,
            "매매실거래년":20210430.0,
            "매매실거래가":41700.0,
            "전세실거래년":20160423.0,
            "전세실거래가":22000.0,
            "전세가율":66.67,
            "장기전세가율평균":70.65,
            "전세가율거품지수":3.98,
            "검색코드":23285,
            "세대수":70.0,
            "준공년월":"2005-09-23",
            "준공년차":18.0,
            "가까운역이름":"만안 (2026년 예정)",
            "가까운역거리":1010.11,
            "역세권여부":"비역세권",
            "30분이내주요거점역":1,
            "30분거점역이름":"['가산디지털단지']",
            "1시간이내주요거점역":8,
            "1시간거점역이름":"['여의도', '수원시청', '평촌', '가산디지털단지', '홍대입구', '수원', '구로디지털단지', '명동']",
            "3km이내백화점수":1,
            "5km이내아울렛몰수":1,
            "1km이내대형먀트수":1,
            "500m이내은행수":0,
            "500m이내병원수":34,
            "5km이내대형병원수":3,
            "500m이내공원수":10,
            "3km이내혐오시설수":0,
            "초등학교학업성취도":89.97,
            "중학교학업성취도":79.6,
            "용적률":238,
            "건폐율":25,
            "Y":37.40396,
            "X":126.91096,
            "rank":78.0,
            "area_info":"29평(97.93), 33평(109.22)",
            "last_sales":"2021-04-30,41700.0,33평(109.22)",
            "rank_history":[
                [
                    "202203",
                    78
                ],
                [
                    "202202",
                    9999
                ]
            ],
            "rank_gap":9999
        },
        {
            "index":40,
            "아파트명":"신한",
            "투자타입":"재건축",
            "전용면적(m2)":"77.77",
            "전용면적(평)":"23평",
            "법정동주소":"경기도 안양시 만안구 박달동 111-1",
            "도로명주소":"경기도 안양시 만안구 박달로479번길 31",
            "세대수":30,
            "입주년차":"--",
            "용적률점수":100,
            "건폐율점수":40,
            "세대당주차수":"--",
            "난방방식":"--",
            "공급면적":50,
            "전용률":60,
            "욕실수":"--",
            "현관타입":"--",
            "주거총점":62.5,
            "지역구공급총점":100.0,
            "역세권":0,
            "30분내 이동가능 거점":20,
            "1시간내 이동가능 거점":80,
            "교통총점":22.0,
            "백화점":100,
            "아울렛몰":80,
            "대형마트":0,
            "은행":0,
            "병원":60,
            "종합병원":100,
            "공원":100,
            "혐오시설":0,
            "인프라총점":67.0,
            "초등학군":89.98,
            "중학군":36.8,
            "학군총점":47.436,
            "인구수":26.5,
            "인구증감":-3.08,
            "인구총점":17.626,
            "일자리":13.65,
            "소득수준":63.58,
            "일자리총점":28.629,
            "가치 총점":47.4154,
            "매매실거래년":20210527.0,
            "매매실거래가":47000.0,
            "전세실거래년":20211207.0,
            "전세실거래가":14000.0,
            "전세가율":29.79,
            "장기전세가율평균":70.65,
            "전세가율거품지수":40.86,
            "검색코드":1983,
            "세대수":370.0,
            "준공년월":"1986-05-26",
            "준공년차":37.0,
            "가까운역이름":"만안 (2026년 예정)",
            "가까운역거리":1068.05,
            "역세권여부":"비역세권",
            "30분이내주요거점역":1,
            "30분거점역이름":"['가산디지털단지']",
            "1시간이내주요거점역":8,
            "1시간거점역이름":"['여의도', '수원시청', '평촌', '가산디지털단지', '홍대입구', '수원', '구로디지털단지', '명동']",
            "3km이내백화점수":1,
            "5km이내아울렛몰수":1,
            "1km이내대형먀트수":0,
            "500m이내은행수":0,
            "500m이내병원수":20,
            "5km이내대형병원수":2,
            "500m이내공원수":3,
            "3km이내혐오시설수":0,
            "초등학교학업성취도":89.98,
            "중학교학업성취도":59.8,
            "용적률":147,
            "건폐율":39,
            "Y":37.404031,
            "X":126.904747,
            "rank":79.0,
            "area_info":"23평(77.77), 25평(84.51), 28평(94.66)",
            "last_sales":"2021-05-27,47000.0,23평(77.77)",
            "rank_history":[
                [
                    "202203",
                    79
                ],
                [
                    "202202",
                    57
                ],
                [
                    "202201",
                    58
                ]
            ],
            "rank_gap":-22
        },
        {
            "index":501,
            "아파트명":"이너스내안에",
            "투자타입":"일반",
            "전용면적(m2)":"77.87",
            "전용면적(평)":"23평",
            "법정동주소":"경기도 안양시 만안구 안양동 845-7",
            "도로명주소":"경기도 안양시 만안구 안양로384번길 35",
            "세대수":0,
            "입주년차":40,
            "용적률점수":"--",
            "건폐율점수":"--",
            "세대당주차수":0,
            "난방방식":30,
            "공급면적":"--",
            "전용률":"--",
            "욕실수":100,
            "현관타입":100,
            "주거총점":31.0,
            "지역구공급총점":100.0,
            "역세권":50,
            "30분내 이동가능 거점":20,
            "1시간내 이동가능 거점":100,
            "교통총점":51.0,
            "백화점":0,
            "아울렛몰":80,
            "대형마트":80,
            "은행":0,
            "병원":60,
            "종합병원":100,
            "공원":100,
            "혐오시설":0,
            "인프라총점":49.0,
            "초등학군":89.97,
            "중학군":48.64,
            "학군총점":56.906,
            "인구수":26.5,
            "인구증감":-3.08,
            "인구총점":17.626,
            "일자리":13.65,
            "소득수준":63.58,
            "일자리총점":28.629,
            "가치 총점":47.2859,
            "매매실거래년":20220113.0,
            "매매실거래가":46500.0,
            "전세실거래년":20220212.0,
            "전세실거래가":33000.0,
            "전세가율":70.97,
            "장기전세가율평균":70.65,
            "전세가율거품지수":-0.32,
            "검색코드":26846,
            "세대수":131.0,
            "준공년월":"2008-02-12",
            "준공년차":15.0,
            "가까운역이름":"안양",
            "가까운역거리":598.44,
            "역세권여부":"준역세권",
            "30분이내주요거점역":1,
            "30분거점역이름":"['가산디지털단지']",
            "1시간이내주요거점역":11,
            "1시간거점역이름":"['역삼', '여의도', '을지로3가', '수원시청', '평촌', '가산디지털단지', '홍대입구', '수원', '구로디지털단지', '명동', '안산']",
            "3km이내백화점수":0,
            "5km이내아울렛몰수":1,
            "1km이내대형먀트수":1,
            "500m이내은행수":1,
            "500m이내병원수":22,
            "5km이내대형병원수":3,
            "500m이내공원수":2,
            "3km이내혐오시설수":0,
            "초등학교학업성취도":89.97,
            "중학교학업성취도":79.6,
            "용적률":361,
            "건폐율":23,
            "Y":37.405668,
            "X":126.918175,
            "rank":80.0,
            "area_info":"23평(77.87), 23평(77.44), 32평(109.07), 35평(118.09)",
            "last_sales":"2022-01-13,46500.0,23평(77.87)",
            "rank_history":[
                [
                    "202203",
                    80
                ],
                [
                    "202202",
                    49
                ],
                [
                    "202201",
                    48
                ]
            ],
            "rank_gap":-31
        },
        {
            "index":514,
            "아파트명":"정우",
            "투자타입":"재건축",
            "전용면적(m2)":"68.95",
            "전용면적(평)":"20평",
            "법정동주소":"경기도 안양시 만안구 안양동 911-1",
            "도로명주소":"경기도 안양시 만안구 양화로 53",
            "세대수":30,
            "입주년차":"--",
            "용적률점수":0,
            "건폐율점수":40,
            "세대당주차수":"--",
            "난방방식":"--",
            "공급면적":50,
            "전용률":60,
            "욕실수":"--",
            "현관타입":"--",
            "주거총점":22.5,
            "지역구공급총점":100.0,
            "역세권":50,
            "30분내 이동가능 거점":20,
            "1시간내 이동가능 거점":90,
            "교통총점":49.0,
            "백화점":0,
            "아울렛몰":100,
            "대형마트":100,
            "은행":0,
            "병원":60,
            "종합병원":100,
            "공원":100,
            "혐오시설":0,
            "인프라총점":54.0,
            "초등학군":89.98,
            "중학군":48.64,
            "학군총점":56.908,
            "인구수":26.5,
            "인구증감":-3.08,
            "인구총점":17.626,
            "일자리":13.65,
            "소득수준":63.58,
            "일자리총점":28.629,
            "가치 총점":46.3862,
            "매매실거래년":20220110.0,
            "매매실거래가":33200.0,
            "전세실거래년":20220117.0,
            "전세실거래가":22000.0,
            "전세가율":66.27,
            "장기전세가율평균":70.65,
            "전세가율거품지수":4.38,
            "검색코드":2018,
            "세대수":351.0,
            "준공년월":"1985-12-11",
            "준공년차":38.0,
            "가까운역이름":"안양",
            "가까운역거리":997.44,
            "역세권여부":"준역세권",
            "30분이내주요거점역":1,
            "30분거점역이름":"['가산디지털단지']",
            "1시간이내주요거점역":9,
            "1시간거점역이름":"['여의도', '수원시청', '평촌', '가산디지털단지', '홍대입구', '수원', '구로디지털단지', '명동', '안산']",
            "3km이내백화점수":0,
            "5km이내아울렛몰수":2,
            "1km이내대형먀트수":2,
            "500m이내은행수":0,
            "500m이내병원수":10,
            "5km이내대형병원수":4,
            "500m이내공원수":8,
            "3km이내혐오시설수":0,
            "초등학교학업성취도":89.98,
            "중학교학업성취도":79.6,
            "용적률":253,
            "건폐율":35,
            "Y":37.39819,
            "X":126.91233,
            "rank":81.0,
            "area_info":"20평(68.95), 25평(84.34), 31평(104.39)",
            "last_sales":"2022-01-10,33200.0,20평(68.95)",
            "rank_history":[
                [
                    "202203",
                    81
                ],
                [
                    "202202",
                    74
                ],
                [
                    "202201",
                    64
                ]
            ],
            "rank_gap":-7
        },
        {
            "index":28,
            "아파트명":"벽산",
            "투자타입":"일반",
            "전용면적(m2)":"78.41",
            "전용면적(평)":"23평",
            "법정동주소":"경기도 안양시 만안구 박달동 107",
            "도로명주소":"경기도 안양시 만안구 양화로135번길 45",
            "세대수":30,
            "입주년차":0,
            "용적률점수":"--",
            "건폐율점수":"--",
            "세대당주차수":0,
            "난방방식":30,
            "공급면적":"--",
            "전용률":"--",
            "욕실수":50,
            "현관타입":100,
            "주거총점":28.5,
            "지역구공급총점":100.0,
            "역세권":0,
            "30분내 이동가능 거점":20,
            "1시간내 이동가능 거점":80,
            "교통총점":22.0,
            "백화점":100,
            "아울렛몰":80,
            "대형마트":80,
            "은행":0,
            "병원":80,
            "종합병원":100,
            "공원":100,
            "혐오시설":0,
            "인프라총점":81.0,
            "초등학군":89.98,
            "중학군":48.64,
            "학군총점":56.908,
            "인구수":26.5,
            "인구증감":-3.08,
            "인구총점":17.626,
            "일자리":13.65,
            "소득수준":63.58,
            "일자리총점":28.629,
            "가치 총점":46.2362,
            "매매실거래년":20210826.0,
            "매매실거래가":52000.0,
            "전세실거래년":20220113.0,
            "전세실거래가":24000.0,
            "전세가율":46.15,
            "장기전세가율평균":70.65,
            "전세가율거품지수":24.5,
            "검색코드":1982,
            "세대수":386.0,
            "준공년월":"1996-12-20",
            "준공년차":27.0,
            "가까운역이름":"만안 (2026년 예정)",
            "가까운역거리":1103.4,
            "역세권여부":"비역세권",
            "30분이내주요거점역":1,
            "30분거점역이름":"['가산디지털단지']",
            "1시간이내주요거점역":8,
            "1시간거점역이름":"['여의도', '수원시청', '평촌', '가산디지털단지', '홍대입구', '수원', '구로디지털단지', '명동']",
            "3km이내백화점수":1,
            "5km이내아울렛몰수":1,
            "1km이내대형먀트수":1,
            "500m이내은행수":0,
            "500m이내병원수":30,
            "5km이내대형병원수":2,
            "500m이내공원수":4,
            "3km이내혐오시설수":0,
            "초등학교학업성취도":89.98,
            "중학교학업성취도":79.6,
            "용적률":285,
            "건폐율":2,
            "Y":37.403255,
            "X":126.906554,
            "rank":82.0,
            "area_info":"23평(78.41), 33평(111.05), 40평(133.3)",
            "last_sales":"2021-08-26,52000.0,23평(78.41)",
            "rank_history":[
                [
                    "202203",
                    82
                ],
                [
                    "202202",
                    52
                ],
                [
                    "202201",
                    68
                ]
            ],
            "rank_gap":-30
        },
        {
            "index":229,
            "아파트명":"공원",
            "투자타입":"일반",
            "전용면적(m2)":"68.26",
            "전용면적(평)":"20평",
            "법정동주소":"경기도 안양시 만안구 안양동 823-10",
            "도로명주소":"경기도 안양시 만안구 박달로545번길 66-10",
            "세대수":0,
            "입주년차":20,
            "용적률점수":"--",
            "건폐율점수":"--",
            "세대당주차수":0,
            "난방방식":30,
            "공급면적":"--",
            "전용률":"--",
            "욕실수":50,
            "현관타입":100,
            "주거총점":22.0,
            "지역구공급총점":100.0,
            "역세권":50,
            "30분내 이동가능 거점":20,
            "1시간내 이동가능 거점":100,
            "교통총점":51.0,
            "백화점":0,
            "아울렛몰":80,
            "대형마트":80,
            "은행":0,
            "병원":80,
            "종합병원":100,
            "공원":100,
            "혐오시설":0,
            "인프라총점":51.0,
            "초등학군":89.97,
            "중학군":48.64,
            "학군총점":56.906,
            "인구수":26.5,
            "인구증감":-3.08,
            "인구총점":17.626,
            "일자리":13.65,
            "소득수준":63.58,
            "일자리총점":28.629,
            "가치 총점":46.0859,
            "매매실거래년":20210715.0,
            "매매실거래가":38000.0,
            "전세실거래년":null,
            "전세실거래가":null,
            "전세가율":null,
            "장기전세가율평균":70.65,
            "전세가율거품지수":null,
            "검색코드":14015,
            "세대수":55.0,
            "준공년월":"2003-07-23",
            "준공년차":20.0,
            "가까운역이름":"만안 (2026년 예정)",
            "가까운역거리":888.5,
            "역세권여부":"준역세권",
            "30분이내주요거점역":1,
            "30분거점역이름":"['가산디지털단지']",
            "1시간이내주요거점역":11,
            "1시간거점역이름":"['강남', '역삼', '여의도', '수원시청', '평촌', '가산디지털단지', '홍대입구', '수원', '구로디지털단지', '명동', '안산']",
            "3km이내백화점수":0,
            "5km이내아울렛몰수":1,
            "1km이내대형먀트수":1,
            "500m이내은행수":0,
            "500m이내병원수":38,
            "5km이내대형병원수":3,
            "500m이내공원수":4,
            "3km이내혐오시설수":0,
            "초등학교학업성취도":89.97,
            "중학교학업성취도":79.6,
            "용적률":288,
            "건폐율":24,
            "Y":37.40564,
            "X":126.91334,
            "rank":83.0,
            "area_info":"20평(68.26), 21평(71.79), 22평(73.72), 22평(73.68), 27평(91.55), 28평(94.11), 28평(94.07), 30평(101.42), 30평(101.38)",
            "last_sales":"2021-07-15,38000.0,30평(101.42)",
            "rank_history":[
                [
                    "202203",
                    83
                ],
                [
                    "202202",
                    9999
                ]
            ],
            "rank_gap":9999
        },
        {
            "index":247,
            "아파트명":"대안탐스빌산마루",
            "투자타입":"일반",
            "전용면적(m2)":"82.16",
            "전용면적(평)":"24평",
            "법정동주소":"경기도 안양시 만안구 안양동 398-35",
            "도로명주소":"경기도 안양시 만안구 성결대학로45번길 24",
            "세대수":0,
            "입주년차":40,
            "용적률점수":"--",
            "건폐율점수":"--",
            "세대당주차수":0,
            "난방방식":30,
            "공급면적":"--",
            "전용률":"--",
            "욕실수":100,
            "현관타입":100,
            "주거총점":31.0,
            "지역구공급총점":100.0,
            "역세권":50,
            "30분내 이동가능 거점":0,
            "1시간내 이동가능 거점":80,
            "교통총점":41.0,
            "백화점":100,
            "아울렛몰":80,
            "대형마트":0,
            "은행":0,
            "병원":10,
            "종합병원":100,
            "공원":80,
            "혐오시설":0,
            "인프라총점":61.4,
            "초등학군":89.98,
            "중학군":35.7,
            "학군총점":46.556,
            "인구수":26.5,
            "인구증감":-3.08,
            "인구총점":17.626,
            "일자리":13.65,
            "소득수준":63.58,
            "일자리총점":28.629,
            "가치 총점":45.9534,
            "매매실거래년":20210911.0,
            "매매실거래가":52000.0,
            "전세실거래년":null,
            "전세실거래가":null,
            "전세가율":null,
            "장기전세가율평균":70.65,
            "전세가율거품지수":null,
            "검색코드":25613,
            "세대수":65.0,
            "준공년월":"2005-12-29",
            "준공년차":18.0,
            "가까운역이름":"명학",
            "가까운역거리":668.09,
            "역세권여부":"준역세권",
            "30분이내주요거점역":0,
            "30분거점역이름":"[]",
            "1시간이내주요거점역":8,
            "1시간거점역이름":"['여의도', '수원시청', '평촌', '가산디지털단지', '홍대입구', '수원', '구로디지털단지', '안산']",
            "3km이내백화점수":1,
            "5km이내아울렛몰수":1,
            "1km이내대형먀트수":0,
            "500m이내은행수":1,
            "500m이내병원수":4,
            "5km이내대형병원수":5,
            "500m이내공원수":1,
            "3km이내혐오시설수":0,
            "초등학교학업성취도":89.98,
            "중학교학업성취도":58.7,
            "용적률":234,
            "건폐율":39,
            "Y":37.380349,
            "X":126.930079,
            "rank":84.0,
            "area_info":"24평(82.16), 25평(84.68), 30평(101.19), 32평(108.1), 32평(108.03)",
            "last_sales":"2021-09-11,52000.0,32평(108.1)",
            "rank_history":[
                [
                    "202203",
                    84
                ],
                [
                    "202202",
                    9999
                ]
            ],
            "rank_gap":9999
        },
        {
            "index":170,
            "아파트명":"석수코오롱하늘채",
            "투자타입":"일반",
            "전용면적(m2)":"80.95",
            "전용면적(평)":"24평",
            "법정동주소":"경기도 안양시 만안구 석수동 786",
            "도로명주소":"경기도 안양시 만안구 충훈로 92",
            "세대수":50,
            "입주년차":60,
            "용적률점수":"--",
            "건폐율점수":"--",
            "세대당주차수":60,
            "난방방식":100,
            "공급면적":"--",
            "전용률":"--",
            "욕실수":100,
            "현관타입":100,
            "주거총점":68.5,
            "지역구공급총점":100.0,
            "역세권":0,
            "30분내 이동가능 거점":0,
            "1시간내 이동가능 거점":60,
            "교통총점":12.0,
            "백화점":100,
            "아울렛몰":80,
            "대형마트":0,
            "은행":0,
            "병원":60,
            "종합병원":100,
            "공원":100,
            "혐오시설":0,
            "인프라총점":67.0,
            "초등학군":89.96,
            "중학군":36.8,
            "학군총점":47.432,
            "인구수":26.5,
            "인구증감":-3.08,
            "인구총점":17.626,
            "일자리":13.65,
            "소득수준":63.58,
            "일자리총점":28.629,
            "가치 총점":45.1148,
            "매매실거래년":20210821.0,
            "매매실거래가":85000.0,
            "전세실거래년":null,
            "전세실거래가":null,
            "전세가율":null,
            "장기전세가율평균":70.65,
            "전세가율거품지수":null,
            "검색코드":26541,
            "세대수":553.0,
            "준공년월":"2010-02-12",
            "준공년차":13.0,
            "가까운역이름":"만안 (2026년 예정)",
            "가까운역거리":1094.88,
            "역세권여부":"비역세권",
            "30분이내주요거점역":0,
            "30분거점역이름":"[]",
            "1시간이내주요거점역":6,
            "1시간거점역이름":"['여의도', '수원시청', '평촌', '가산디지털단지', '수원', '구로디지털단지']",
            "3km이내백화점수":1,
            "5km이내아울렛몰수":1,
            "1km이내대형먀트수":0,
            "500m이내은행수":0,
            "500m이내병원수":11,
            "5km이내대형병원수":2,
            "500m이내공원수":4,
            "3km이내혐오시설수":0,
            "초등학교학업성취도":89.96,
            "중학교학업성취도":59.8,
            "용적률":254,
            "건폐율":26,
            "Y":37.408798,
            "X":126.898013,
            "rank":85.0,
            "area_info":"24평(80.95), 24평(81.21), 25평(85.03), 32평(106.94), 32평(107.37), 33평(109.48), 44평(147.22), 46평(153.34), 48평(159.38), 49평(162.77)",
            "last_sales":"2021-08-21,85000.0,49평(162.77)",
            "rank_history":[
                [
                    "202203",
                    85
                ],
                [
                    "202202",
                    55
                ],
                [
                    "202201",
                    59
                ]
            ],
            "rank_gap":-30
        },
        {
            "index":547,
            "아파트명":"한솔",
            "투자타입":"일반",
            "전용면적(m2)":"90.71",
            "전용면적(평)":"27평",
            "법정동주소":"경기도 안양시 만안구 안양동 428-3",
            "도로명주소":"경기도 안양시 만안구 현충로 25",
            "세대수":0,
            "입주년차":20,
            "용적률점수":"--",
            "건폐율점수":"--",
            "세대당주차수":30,
            "난방방식":30,
            "공급면적":"--",
            "전용률":"--",
            "욕실수":100,
            "현관타입":100,
            "주거총점":31.5,
            "지역구공급총점":100.0,
            "역세권":0,
            "30분내 이동가능 거점":0,
            "1시간내 이동가능 거점":90,
            "교통총점":18.0,
            "백화점":100,
            "아울렛몰":80,
            "대형마트":100,
            "은행":0,
            "병원":60,
            "종합병원":100,
            "공원":100,
            "혐오시설":0,
            "인프라총점":82.0,
            "초등학군":90.04,
            "중학군":41.96,
            "학군총점":51.576,
            "인구수":26.5,
            "인구증감":-3.08,
            "인구총점":17.626,
            "일자리":13.65,
            "소득수준":63.58,
            "일자리총점":28.629,
            "가치 총점":44.9364,
            "매매실거래년":20210730.0,
            "매매실거래가":59800.0,
            "전세실거래년":20201205.0,
            "전세실거래가":32500.0,
            "전세가율":91.55,
            "장기전세가율평균":70.65,
            "전세가율거품지수":-20.9,
            "검색코드":11258,
            "세대수":138.0,
            "준공년월":"2000-08-21",
            "준공년차":23.0,
            "가까운역이름":"명학",
            "가까운역거리":1024.8,
            "역세권여부":"비역세권",
            "30분이내주요거점역":0,
            "30분거점역이름":"[]",
            "1시간이내주요거점역":9,
            "1시간거점역이름":"['여의도', '양재', '수원시청', '평촌', '가산디지털단지', '홍대입구', '수원', '구로디지털단지', '안산']",
            "3km이내백화점수":1,
            "5km이내아울렛몰수":1,
            "1km이내대형먀트수":3,
            "500m이내은행수":1,
            "500m이내병원수":20,
            "5km이내대형병원수":5,
            "500m이내공원수":4,
            "3km이내혐오시설수":0,
            "초등학교학업성취도":90.04,
            "중학교학업성취도":69.6,
            "용적률":308,
            "건폐율":38,
            "Y":37.391916,
            "X":126.928774,
            "rank":86.0,
            "area_info":"27평(90.71), 28평(94.41), 29평(96.86), 31평(103.17), 31평(104.78), 44평(146.92), 49평(165.25)",
            "last_sales":"2021-07-30,59800.0,49평(165.25)",
            "rank_history":[
                [
                    "202203",
                    86
                ],
                [
                    "202202",
                    39
                ],
                [
                    "202201",
                    24
                ]
            ],
            "rank_gap":-47
        },
        {
            "index":537,
            "아파트명":"하이트타운",
            "투자타입":"일반",
            "전용면적(m2)":"66.61",
            "전용면적(평)":"20평",
            "법정동주소":"경기도 안양시 만안구 안양동 393-3",
            "도로명주소":"경기도 안양시 만안구 만안로 123",
            "세대수":0,
            "입주년차":80,
            "용적률점수":"--",
            "건폐율점수":"--",
            "세대당주차수":0,
            "난방방식":30,
            "공급면적":"--",
            "전용률":"--",
            "욕실수":50,
            "현관타입":50,
            "주거총점":29.0,
            "지역구공급총점":100.0,
            "역세권":0,
            "30분내 이동가능 거점":0,
            "1시간내 이동가능 거점":90,
            "교통총점":18.0,
            "백화점":100,
            "아울렛몰":80,
            "대형마트":100,
            "은행":0,
            "병원":60,
            "종합병원":100,
            "공원":100,
            "혐오시설":0,
            "인프라총점":82.0,
            "초등학군":90.04,
            "중학군":41.96,
            "학군총점":51.576,
            "인구수":26.5,
            "인구증감":-3.08,
            "인구총점":17.626,
            "일자리":13.65,
            "소득수준":63.58,
            "일자리총점":28.629,
            "가치 총점":44.4364,
            "매매실거래년":20210721.0,
            "매매실거래가":35000.0,
            "전세실거래년":null,
            "전세실거래가":null,
            "전세가율":null,
            "장기전세가율평균":70.65,
            "전세가율거품지수":null,
            "검색코드":119659,
            "세대수":75.0,
            "준공년월":"2017-09-08",
            "준공년차":6.0,
            "가까운역이름":"안양",
            "가까운역거리":1075.22,
            "역세권여부":"비역세권",
            "30분이내주요거점역":0,
            "30분거점역이름":"[]",
            "1시간이내주요거점역":9,
            "1시간거점역이름":"['여의도', '양재', '수원시청', '평촌', '가산디지털단지', '홍대입구', '수원', '구로디지털단지', '안산']",
            "3km이내백화점수":1,
            "5km이내아울렛몰수":1,
            "1km이내대형먀트수":3,
            "500m이내은행수":1,
            "500m이내병원수":25,
            "5km이내대형병원수":5,
            "500m이내공원수":5,
            "3km이내혐오시설수":0,
            "초등학교학업성취도":90.04,
            "중학교학업성취도":69.6,
            "용적률":0,
            "건폐율":0,
            "Y":37.39376,
            "X":126.929706,
            "rank":87.0,
            "area_info":"20평(66.61), 21평(69.73), 21평(71.63), 21평(72.49), 21평(72.39), 22평(74.51), 22평(75.83), 23평(76.49), 23평(77.42), 23평(78.39)",
            "last_sales":"2021-07-21,35000.0,23평(78.39)",
            "rank_history":[
                [
                    "202203",
                    87
                ],
                [
                    "202202",
                    9999
                ]
            ],
            "rank_gap":9999
        },
        {
            "index":385,
            "아파트명":"안양경남아너스빌",
            "투자타입":"일반",
            "전용면적(m2)":"78.12",
            "전용면적(평)":"23평",
            "법정동주소":"경기도 안양시 만안구 안양동 78",
            "도로명주소":"경기도 안양시 만안구 태평로 214",
            "세대수":0,
            "입주년차":20,
            "용적률점수":"--",
            "건폐율점수":"--",
            "세대당주차수":0,
            "난방방식":30,
            "공급면적":"--",
            "전용률":"--",
            "욕실수":50,
            "현관타입":100,
            "주거총점":22.0,
            "지역구공급총점":100.0,
            "역세권":50,
            "30분내 이동가능 거점":20,
            "1시간내 이동가능 거점":90,
            "교통총점":49.0,
            "백화점":0,
            "아울렛몰":80,
            "대형마트":80,
            "은행":0,
            "병원":30,
            "종합병원":100,
            "공원":100,
            "혐오시설":0,
            "인프라총점":46.0,
            "초등학군":89.97,
            "중학군":48.64,
            "학군총점":56.906,
            "인구수":26.5,
            "인구증감":-3.08,
            "인구총점":17.626,
            "일자리":13.65,
            "소득수준":63.58,
            "일자리총점":28.629,
            "가치 총점":43.8859,
            "매매실거래년":20220128.0,
            "매매실거래가":49500.0,
            "전세실거래년":20210814.0,
            "전세실거래가":28000.0,
            "전세가율":56.57,
            "장기전세가율평균":70.65,
            "전세가율거품지수":14.08,
            "검색코드":3672,
            "세대수":248.0,
            "준공년월":"2001-11-10",
            "준공년차":22.0,
            "가까운역이름":"안양",
            "가까운역거리":636.05,
            "역세권여부":"준역세권",
            "30분이내주요거점역":1,
            "30분거점역이름":"['가산디지털단지']",
            "1시간이내주요거점역":9,
            "1시간거점역이름":"['여의도', '수원시청', '평촌', '가산디지털단지', '홍대입구', '수원', '구로디지털단지', '명동', '안산']",
            "3km이내백화점수":0,
            "5km이내아울렛몰수":1,
            "1km이내대형먀트수":1,
            "500m이내은행수":0,
            "500m이내병원수":9,
            "5km이내대형병원수":3,
            "500m이내공원수":2,
            "3km이내혐오시설수":0,
            "초등학교학업성취도":89.97,
            "중학교학업성취도":79.6,
            "용적률":393,
            "건폐율":34,
            "Y":37.40682,
            "X":126.91956,
            "rank":88.0,
            "area_info":"23평(78.12), 33평(110.76)",
            "last_sales":"2022-01-28,49500.0,23평(78.12)",
            "rank_history":[
                [
                    "202203",
                    88
                ],
                [
                    "202202",
                    58
                ],
                [
                    "202201",
                    50
                ]
            ],
            "rank_gap":-30
        },
        {
            "index":85,
            "아파트명":"한양수자인에듀파크",
            "투자타입":"일반",
            "전용면적(m2)":"80.66",
            "전용면적(평)":"24평",
            "법정동주소":"경기도 안양시 만안구 박달동 939",
            "도로명주소":"경기도 안양시 만안구 충훈로 14",
            "세대수":30,
            "입주년차":80,
            "용적률점수":"--",
            "건폐율점수":"--",
            "세대당주차수":30,
            "난방방식":30,
            "공급면적":"--",
            "전용률":"--",
            "욕실수":100,
            "현관타입":100,
            "주거총점":54.0,
            "지역구공급총점":100.0,
            "역세권":0,
            "30분내 이동가능 거점":0,
            "1시간내 이동가능 거점":80,
            "교통총점":16.0,
            "백화점":100,
            "아울렛몰":80,
            "대형마트":0,
            "은행":0,
            "병원":60,
            "종합병원":100,
            "공원":100,
            "혐오시설":0,
            "인프라총점":67.0,
            "초등학군":89.98,
            "중학군":36.8,
            "학군총점":47.436,
            "인구수":26.5,
            "인구증감":-3.08,
            "인구총점":17.626,
            "일자리":13.65,
            "소득수준":63.58,
            "일자리총점":28.629,
            "가치 총점":43.6154,
            "매매실거래년":20211011.0,
            "매매실거래가":80500.0,
            "전세실거래년":20220212.0,
            "전세실거래가":43000.0,
            "전세가율":65.35,
            "장기전세가율평균":70.65,
            "전세가율거품지수":5.3,
            "검색코드":110665,
            "세대수":348.0,
            "준공년월":"2017-11-15",
            "준공년차":6.0,
            "가까운역이름":"만안 (2026년 예정)",
            "가까운역거리":1173.13,
            "역세권여부":"비역세권",
            "30분이내주요거점역":0,
            "30분거점역이름":"[]",
            "1시간이내주요거점역":8,
            "1시간거점역이름":"['여의도', '수원시청', '평촌', '가산디지털단지', '홍대입구', '수원', '구로디지털단지', '안산']",
            "3km이내백화점수":1,
            "5km이내아울렛몰수":1,
            "1km이내대형먀트수":0,
            "500m이내은행수":0,
            "500m이내병원수":18,
            "5km이내대형병원수":2,
            "500m이내공원수":3,
            "3km이내혐오시설수":0,
            "초등학교학업성취도":89.98,
            "중학교학업성취도":59.8,
            "용적률":231,
            "건폐율":21,
            "Y":37.403229,
            "X":126.904075,
            "rank":89.0,
            "area_info":"24평(80.66), 24평(80.22), 30평(100.84), 34평(113.2), 34평(113.67), 34평(113.06), 34평(114.41)",
            "last_sales":"2021-10-11,80500.0,34평(113.2)",
            "rank_history":[
                [
                    "202203",
                    89
                ],
                [
                    "202202",
                    61
                ],
                [
                    "202201",
                    62
                ]
            ],
            "rank_gap":-28
        },
        {
            "index":74,
            "아파트명":"한라비발디",
            "투자타입":"일반",
            "전용면적(m2)":"81.8",
            "전용면적(평)":"24평",
            "법정동주소":"경기도 안양시 만안구 박달동 114",
            "도로명주소":"경기도 안양시 만안구 박달로 453",
            "세대수":90,
            "입주년차":20,
            "용적률점수":"--",
            "건폐율점수":"--",
            "세대당주차수":30,
            "난방방식":30,
            "공급면적":"--",
            "전용률":"--",
            "욕실수":50,
            "현관타입":100,
            "주거총점":58.0,
            "지역구공급총점":100.0,
            "역세권":0,
            "30분내 이동가능 거점":0,
            "1시간내 이동가능 거점":70,
            "교통총점":14.0,
            "백화점":100,
            "아울렛몰":80,
            "대형마트":0,
            "은행":0,
            "병원":30,
            "종합병원":100,
            "공원":100,
            "혐오시설":0,
            "인프라총점":64.0,
            "초등학군":90.0,
            "중학군":36.8,
            "학군총점":47.44,
            "인구수":26.5,
            "인구증감":-3.08,
            "인구총점":17.626,
            "일자리":13.65,
            "소득수준":63.58,
            "일자리총점":28.629,
            "가치 총점":42.816,
            "매매실거래년":20220209.0,
            "매매실거래가":59000.0,
            "전세실거래년":20211219.0,
            "전세실거래가":35000.0,
            "전세가율":59.32,
            "장기전세가율평균":70.65,
            "전세가율거품지수":11.33,
            "검색코드":8163,
            "세대수":1385.0,
            "준공년월":"2000-09-27",
            "준공년차":23.0,
            "가까운역이름":"만안 (2026년 예정)",
            "가까운역거리":1212.36,
            "역세권여부":"비역세권",
            "30분이내주요거점역":0,
            "30분거점역이름":"[]",
            "1시간이내주요거점역":7,
            "1시간거점역이름":"['여의도', '수원시청', '평촌', '가산디지털단지', '홍대입구', '수원', '구로디지털단지']",
            "3km이내백화점수":1,
            "5km이내아울렛몰수":1,
            "1km이내대형먀트수":0,
            "500m이내은행수":0,
            "500m이내병원수":7,
            "5km이내대형병원수":2,
            "500m이내공원수":3,
            "3km이내혐오시설수":0,
            "초등학교학업성취도":90.0,
            "중학교학업성취도":59.8,
            "용적률":374,
            "건폐율":20,
            "Y":37.403602,
            "X":126.902178,
            "rank":90.0,
            "area_info":"24평(81.8), 27평(92.36), 33평(109.95), 50평(165.47), 64평(212.49)",
            "last_sales":"2022-02-09,59000.0,24평(81.8)",
            "rank_history":[
                [
                    "202203",
                    90
                ],
                [
                    "202202",
                    62
                ],
                [
                    "202201",
                    63
                ]
            ],
            "rank_gap":-28
        },
        {
            "index":26,
            "아파트명":"박달한일유앤아이",
            "투자타입":"일반",
            "전용면적(m2)":"81.24",
            "전용면적(평)":"24평",
            "법정동주소":"경기도 안양시 만안구 박달동 607-1",
            "도로명주소":"경기도 안양시 만안구 박달로 403",
            "세대수":30,
            "입주년차":40,
            "용적률점수":"--",
            "건폐율점수":"--",
            "세대당주차수":30,
            "난방방식":30,
            "공급면적":"--",
            "전용률":"--",
            "욕실수":100,
            "현관타입":100,
            "주거총점":46.0,
            "지역구공급총점":100.0,
            "역세권":0,
            "30분내 이동가능 거점":20,
            "1시간내 이동가능 거점":70,
            "교통총점":20.0,
            "백화점":100,
            "아울렛몰":80,
            "대형마트":0,
            "은행":0,
            "병원":30,
            "종합병원":100,
            "공원":100,
            "혐오시설":0,
            "인프라총점":64.0,
            "초등학군":90.0,
            "중학군":36.8,
            "학군총점":47.44,
            "인구수":26.5,
            "인구증감":-3.08,
            "인구총점":17.626,
            "일자리":13.65,
            "소득수준":63.58,
            "일자리총점":28.629,
            "가치 총점":42.516,
            "매매실거래년":20211123.0,
            "매매실거래가":58000.0,
            "전세실거래년":20220214.0,
            "전세실거래가":35000.0,
            "전세가율":60.34,
            "장기전세가율평균":70.65,
            "전세가율거품지수":10.31,
            "검색코드":11512,
            "세대수":375.0,
            "준공년월":"2005-02-25",
            "준공년차":18.0,
            "가까운역이름":"만안 (2026년 예정)",
            "가까운역거리":1486.7,
            "역세권여부":"비역세권",
            "30분이내주요거점역":1,
            "30분거점역이름":"['가산디지털단지']",
            "1시간이내주요거점역":7,
            "1시간거점역이름":"['여의도', '수원시청', '평촌', '가산디지털단지', '홍대입구', '수원', '구로디지털단지']",
            "3km이내백화점수":1,
            "5km이내아울렛몰수":1,
            "1km이내대형먀트수":0,
            "500m이내은행수":0,
            "500m이내병원수":5,
            "5km이내대형병원수":2,
            "500m이내공원수":3,
            "3km이내혐오시설수":0,
            "초등학교학업성취도":90.0,
            "중학교학업성취도":59.8,
            "용적률":325,
            "건폐율":21,
            "Y":37.402933,
            "X":126.898099,
            "rank":91.0,
            "area_info":"24평(81.24), 32평(108.27)",
            "last_sales":"2021-11-23,58000.0,24평(81.24)",
            "rank_history":[
                [
                    "202203",
                    91
                ],
                [
                    "202202",
                    65
                ],
                [
                    "202201",
                    72
                ]
            ],
            "rank_gap":-26
        },
        {
            "index":68,
            "아파트명":"적성5차",
            "투자타입":"재건축",
            "전용면적(m2)":"56.37",
            "전용면적(평)":"17평",
            "법정동주소":"경기도 안양시 만안구 박달동 103-1",
            "도로명주소":"경기도 안양시 만안구 박달로497번길 28",
            "세대수":0,
            "입주년차":"--",
            "용적률점수":0,
            "건폐율점수":0,
            "세대당주차수":"--",
            "난방방식":"--",
            "공급면적":50,
            "전용률":60,
            "욕실수":"--",
            "현관타입":"--",
            "주거총점":5.5,
            "지역구공급총점":100.0,
            "역세권":0,
            "30분내 이동가능 거점":20,
            "1시간내 이동가능 거점":80,
            "교통총점":22.0,
            "백화점":100,
            "아울렛몰":80,
            "대형마트":80,
            "은행":0,
            "병원":80,
            "종합병원":100,
            "공원":100,
            "혐오시설":0,
            "인프라총점":81.0,
            "초등학군":89.98,
            "중학군":48.64,
            "학군총점":56.908,
            "인구수":26.5,
            "인구증감":-3.08,
            "인구총점":17.626,
            "일자리":13.65,
            "소득수준":63.58,
            "일자리총점":28.629,
            "가치 총점":41.6362,
            "매매실거래년":20210820.0,
            "매매실거래가":33200.0,
            "전세실거래년":20200107.0,
            "전세실거래가":10000.0,
            "전세가율":58.82,
            "장기전세가율평균":70.65,
            "전세가율거품지수":11.83,
            "검색코드":2798,
            "세대수":70.0,
            "준공년월":"1985-11-28",
            "준공년차":38.0,
            "가까운역이름":"만안 (2026년 예정)",
            "가까운역거리":1045.0,
            "역세권여부":"비역세권",
            "30분이내주요거점역":1,
            "30분거점역이름":"['가산디지털단지']",
            "1시간이내주요거점역":8,
            "1시간거점역이름":"['여의도', '수원시청', '평촌', '가산디지털단지', '홍대입구', '수원', '구로디지털단지', '명동']",
            "3km이내백화점수":1,
            "5km이내아울렛몰수":1,
            "1km이내대형먀트수":1,
            "500m이내은행수":0,
            "500m이내병원수":30,
            "5km이내대형병원수":3,
            "500m이내공원수":5,
            "3km이내혐오시설수":0,
            "초등학교학업성취도":89.98,
            "중학교학업성취도":79.6,
            "용적률":0,
            "건폐율":0,
            "Y":37.4036,
            "X":126.90798,
            "rank":92.0,
            "area_info":"17평(56.37), 20평(66.52), 22평(75.81), 23평(77.11)",
            "last_sales":"2021-08-20,33200.0,22평(75.81)",
            "rank_history":[
                [
                    "202203",
                    92
                ],
                [
                    "202202",
                    9999
                ]
            ],
            "rank_gap":9999
        },
        {
            "index":339,
            "아파트명":"성원2차",
            "투자타입":"일반",
            "전용면적(m2)":"83.15",
            "전용면적(평)":"25평",
            "법정동주소":"경기도 안양시 만안구 안양동 714-27",
            "도로명주소":"경기도 안양시 만안구 병목안로 61",
            "세대수":0,
            "입주년차":0,
            "용적률점수":"--",
            "건폐율점수":"--",
            "세대당주차수":0,
            "난방방식":30,
            "공급면적":"--",
            "전용률":"--",
            "욕실수":50,
            "현관타입":10,
            "주거총점":9.0,
            "지역구공급총점":100.0,
            "역세권":50,
            "30분내 이동가능 거점":20,
            "1시간내 이동가능 거점":80,
            "교통총점":47.0,
            "백화점":0,
            "아울렛몰":100,
            "대형마트":80,
            "은행":0,
            "병원":60,
            "종합병원":100,
            "공원":100,
            "혐오시설":0,
            "인프라총점":51.0,
            "초등학군":89.98,
            "중학군":41.96,
            "학군총점":51.564,
            "인구수":26.5,
            "인구증감":-3.08,
            "인구총점":17.626,
            "일자리":13.65,
            "소득수준":63.58,
            "일자리총점":28.629,
            "가치 총점":41.2846,
            "매매실거래년":20210816.0,
            "매매실거래가":57800.0,
            "전세실거래년":20210714.0,
            "전세실거래가":30000.0,
            "전세가율":72.46,
            "장기전세가율평균":70.65,
            "전세가율거품지수":-1.81,
            "검색코드":2009,
            "세대수":171.0,
            "준공년월":"1996-12-13",
            "준공년차":27.0,
            "가까운역이름":"안양",
            "가까운역거리":917.24,
            "역세권여부":"준역세권",
            "30분이내주요거점역":1,
            "30분거점역이름":"['가산디지털단지']",
            "1시간이내주요거점역":8,
            "1시간거점역이름":"['여의도', '수원시청', '평촌', '가산디지털단지', '홍대입구', '수원', '구로디지털단지', '명동']",
            "3km이내백화점수":0,
            "5km이내아울렛몰수":2,
            "1km이내대형먀트수":1,
            "500m이내은행수":0,
            "500m이내병원수":26,
            "5km이내대형병원수":5,
            "500m이내공원수":2,
            "3km이내혐오시설수":0,
            "초등학교학업성취도":89.98,
            "중학교학업성취도":69.6,
            "용적률":285,
            "건폐율":24,
            "Y":37.39575,
            "X":126.915517,
            "rank":93.0,
            "area_info":"25평(83.15), 32평(108.14)",
            "last_sales":"2021-08-16,57800.0,32평(108.14)",
            "rank_history":[
                [
                    "202203",
                    93
                ],
                [
                    "202202",
                    67
                ],
                [
                    "202201",
                    51
                ]
            ],
            "rank_gap":-26
        },
        {
            "index":15,
            "아파트명":"대림한숲타운",
            "투자타입":"일반",
            "전용면적(m2)":"82.53",
            "전용면적(평)":"24평",
            "법정동주소":"경기도 안양시 만안구 박달동 616-9",
            "도로명주소":"경기도 안양시 만안구 박달로 344",
            "세대수":80,
            "입주년차":20,
            "용적률점수":"--",
            "건폐율점수":"--",
            "세대당주차수":0,
            "난방방식":30,
            "공급면적":"--",
            "전용률":"--",
            "욕실수":50,
            "현관타입":100,
            "주거총점":50.0,
            "지역구공급총점":100.0,
            "역세권":0,
            "30분내 이동가능 거점":0,
            "1시간내 이동가능 거점":80,
            "교통총점":16.0,
            "백화점":100,
            "아울렛몰":80,
            "대형마트":0,
            "은행":0,
            "병원":0,
            "종합병원":100,
            "공원":80,
            "혐오시설":0,
            "인프라총점":60.4,
            "초등학군":90.0,
            "중학군":36.8,
            "학군총점":47.44,
            "인구수":26.5,
            "인구증감":-3.08,
            "인구총점":17.626,
            "일자리":13.65,
            "소득수준":63.58,
            "일자리총점":28.629,
            "가치 총점":40.836,
            "매매실거래년":20211220.0,
            "매매실거래가":49000.0,
            "전세실거래년":20220217.0,
            "전세실거래가":25000.0,
            "전세가율":51.02,
            "장기전세가율평균":70.65,
            "전세가율거품지수":19.63,
            "검색코드":3671,
            "세대수":728.0,
            "준공년월":"2001-08-11",
            "준공년차":22.0,
            "가까운역이름":"광명",
            "가까운역거리":1527.84,
            "역세권여부":"비역세권",
            "30분이내주요거점역":0,
            "30분거점역이름":"[]",
            "1시간이내주요거점역":8,
            "1시간거점역이름":"['여의도', '수원시청', '평촌', '가산디지털단지', '홍대입구', '수원', '구로디지털단지', '명동']",
            "3km이내백화점수":1,
            "5km이내아울렛몰수":1,
            "1km이내대형먀트수":0,
            "500m이내은행수":0,
            "500m이내병원수":0,
            "5km이내대형병원수":2,
            "500m이내공원수":1,
            "3km이내혐오시설수":0,
            "초등학교학업성취도":90.0,
            "중학교학업성취도":59.8,
            "용적률":214,
            "건폐율":13,
            "Y":37.404377,
            "X":126.89252,
            "rank":94.0,
            "area_info":"24평(82.53), 33평(109.34)",
            "last_sales":"2021-12-20,49000.0,24평(82.53)",
            "rank_history":[
                [
                    "202203",
                    94
                ],
                [
                    "202202",
                    66
                ],
                [
                    "202201",
                    74
                ]
            ],
            "rank_gap":-28
        },
        {
            "index":354,
            "아파트명":"수리산파크원",
            "투자타입":"일반",
            "전용면적(m2)":"106.82",
            "전용면적(평)":"32평",
            "법정동주소":"경기도 안양시 만안구 안양동 588-10",
            "도로명주소":"경기도 안양시 만안구 소곡로 162",
            "세대수":0,
            "입주년차":60,
            "용적률점수":"--",
            "건폐율점수":"--",
            "세대당주차수":30,
            "난방방식":30,
            "공급면적":"--",
            "전용률":"--",
            "욕실수":100,
            "현관타입":10,
            "주거총점":30.5,
            "지역구공급총점":100.0,
            "역세권":0,
            "30분내 이동가능 거점":0,
            "1시간내 이동가능 거점":70,
            "교통총점":14.0,
            "백화점":100,
            "아울렛몰":80,
            "대형마트":80,
            "은행":0,
            "병원":10,
            "종합병원":100,
            "공원":80,
            "혐오시설":0,
            "인프라총점":73.4,
            "초등학군":90.04,
            "중학군":41.96,
            "학군총점":51.576,
            "인구수":26.5,
            "인구증감":-3.08,
            "인구총점":17.626,
            "일자리":13.65,
            "소득수준":63.58,
            "일자리총점":28.629,
            "가치 총점":40.7564,
            "매매실거래년":20210820.0,
            "매매실거래가":50000.0,
            "전세실거래년":20210416.0,
            "전세실거래가":23000.0,
            "전세가율":46.0,
            "장기전세가율평균":70.65,
            "전세가율거품지수":24.65,
            "검색코드":102740,
            "세대수":54.0,
            "준공년월":"2010-12-17",
            "준공년차":13.0,
            "가까운역이름":"명학",
            "가까운역거리":1153.63,
            "역세권여부":"비역세권",
            "30분이내주요거점역":0,
            "30분거점역이름":"[]",
            "1시간이내주요거점역":7,
            "1시간거점역이름":"['여의도', '수원시청', '평촌', '가산디지털단지', '수원', '구로디지털단지', '안산']",
            "3km이내백화점수":1,
            "5km이내아울렛몰수":1,
            "1km이내대형먀트수":1,
            "500m이내은행수":0,
            "500m이내병원수":3,
            "5km이내대형병원수":5,
            "500m이내공원수":1,
            "3km이내혐오시설수":0,
            "초등학교학업성취도":90.04,
            "중학교학업성취도":69.6,
            "용적률":179,
            "건폐율":27,
            "Y":37.389094,
            "X":126.92391,
            "rank":95.0,
            "area_info":"32평(106.82), 32평(106.36)",
            "last_sales":"2021-08-20,50000.0,32평(106.82)",
            "rank_history":[
                [
                    "202203",
                    95
                ],
                [
                    "202202",
                    9999
                ]
            ],
            "rank_gap":9999
        },
        {
            "index":252,
            "아파트명":"동명",
            "투자타입":"재건축",
            "전용면적(m2)":"70.94",
            "전용면적(평)":"21평",
            "법정동주소":"경기도 안양시 만안구 안양동 613-21",
            "도로명주소":"경기도 안양시 만안구 삼덕로 29",
            "세대수":0,
            "입주년차":"--",
            "용적률점수":0,
            "건폐율점수":0,
            "세대당주차수":"--",
            "난방방식":"--",
            "공급면적":50,
            "전용률":100,
            "욕실수":"--",
            "현관타입":"--",
            "주거총점":7.5,
            "지역구공급총점":100.0,
            "역세권":0,
            "30분내 이동가능 거점":0,
            "1시간내 이동가능 거점":80,
            "교통총점":16.0,
            "백화점":100,
            "아울렛몰":100,
            "대형마트":80,
            "은행":20,
            "병원":80,
            "종합병원":100,
            "공원":80,
            "혐오시설":0,
            "인프라총점":84.4,
            "초등학군":90.04,
            "중학군":41.96,
            "학군총점":51.576,
            "인구수":26.5,
            "인구증감":-3.08,
            "인구총점":17.626,
            "일자리":13.65,
            "소득수준":63.58,
            "일자리총점":28.629,
            "가치 총점":40.1564,
            "매매실거래년":20210227.0,
            "매매실거래가":59080.0,
            "전세실거래년":20170502.0,
            "전세실거래가":15000.0,
            "전세가율":65.5,
            "장기전세가율평균":70.65,
            "전세가율거품지수":5.15,
            "검색코드":8743,
            "세대수":55.0,
            "준공년월":"1978-03-23",
            "준공년차":45.0,
            "가까운역이름":"안양",
            "가까운역거리":1002.44,
            "역세권여부":"비역세권",
            "30분이내주요거점역":0,
            "30분거점역이름":"[]",
            "1시간이내주요거점역":8,
            "1시간거점역이름":"['여의도', '수원시청', '평촌', '가산디지털단지', '홍대입구', '수원', '구로디지털단지', '안산']",
            "3km이내백화점수":1,
            "5km이내아울렛몰수":2,
            "1km이내대형먀트수":1,
            "500m이내은행수":2,
            "500m이내병원수":33,
            "5km이내대형병원수":5,
            "500m이내공원수":1,
            "3km이내혐오시설수":0,
            "초등학교학업성취도":90.04,
            "중학교학업성취도":69.6,
            "용적률":0,
            "건폐율":0,
            "Y":37.39267,
            "X":126.922541,
            "rank":96.0,
            "area_info":"21평(70.94), 21평(72.03), 22평(73.98), 22평(75.07), 23평(77.15), 23평(77.49), 24평(80.2), 24평(81.29), 25평(83.14), 25평(84.23), 25평(85.45)",
            "last_sales":"2021-02-27,59080.0,25평(83.14)",
            "rank_history":[
                [
                    "202203",
                    96
                ],
                [
                    "202202",
                    9999
                ]
            ],
            "rank_gap":9999
        },
        {
            "index":60,
            "아파트명":"우성",
            "투자타입":"재건축",
            "전용면적(m2)":"89.14",
            "전용면적(평)":"26평",
            "법정동주소":"경기도 안양시 만안구 박달동 85",
            "도로명주소":"경기도 안양시 만안구 박달로498번길 28",
            "세대수":90,
            "입주년차":"--",
            "용적률점수":0,
            "건폐율점수":100,
            "세대당주차수":"--",
            "난방방식":"--",
            "공급면적":70,
            "전용률":80,
            "욕실수":"--",
            "현관타입":"--",
            "주거총점":54.5,
            "지역구공급총점":100.0,
            "역세권":0,
            "30분내 이동가능 거점":0,
            "1시간내 이동가능 거점":80,
            "교통총점":16.0,
            "백화점":0,
            "아울렛몰":80,
            "대형마트":80,
            "은행":0,
            "병원":60,
            "종합병원":100,
            "공원":100,
            "혐오시설":0,
            "인프라총점":49.0,
            "초등학군":89.98,
            "중학군":48.64,
            "학군총점":56.908,
            "인구수":26.5,
            "인구증감":-3.08,
            "인구총점":17.626,
            "일자리":13.65,
            "소득수준":63.58,
            "일자리총점":28.629,
            "가치 총점":39.7362,
            "매매실거래년":20211016.0,
            "매매실거래가":55500.0,
            "전세실거래년":20220211.0,
            "전세실거래가":23500.0,
            "전세가율":42.34,
            "장기전세가율평균":70.65,
            "전세가율거품지수":28.31,
            "검색코드":1984,
            "세대수":1020.0,
            "준공년월":"1990-05-29",
            "준공년차":33.0,
            "가까운역이름":"안양",
            "가까운역거리":1305.95,
            "역세권여부":"비역세권",
            "30분이내주요거점역":0,
            "30분거점역이름":"[]",
            "1시간이내주요거점역":8,
            "1시간거점역이름":"['여의도', '수원시청', '평촌', '가산디지털단지', '홍대입구', '수원', '구로디지털단지', '안산']",
            "3km이내백화점수":0,
            "5km이내아울렛몰수":1,
            "1km이내대형먀트수":1,
            "500m이내은행수":0,
            "500m이내병원수":25,
            "5km이내대형병원수":3,
            "500m이내공원수":8,
            "3km이내혐오시설수":0,
            "초등학교학업성취도":89.98,
            "중학교학업성취도":79.6,
            "용적률":238,
            "건폐율":18,
            "Y":37.400538,
            "X":126.908016,
            "rank":97.0,
            "area_info":"26평(89.14), 28평(93.5), 30평(101.97)",
            "last_sales":"2021-10-16,55500.0,26평(89.14)",
            "rank_history":[
                [
                    "202203",
                    97
                ],
                [
                    "202202",
                    69
                ],
                [
                    "202201",
                    65
                ]
            ],
            "rank_gap":-28
        },
        {
            "index":335,
            "아파트명":"성원1차",
            "투자타입":"일반",
            "전용면적(m2)":"84.83",
            "전용면적(평)":"25평",
            "법정동주소":"경기도 안양시 만안구 안양동 767",
            "도로명주소":"경기도 안양시 만안구 병목안로 81",
            "세대수":90,
            "입주년차":0,
            "용적률점수":"--",
            "건폐율점수":"--",
            "세대당주차수":0,
            "난방방식":30,
            "공급면적":"--",
            "전용률":"--",
            "욕실수":50,
            "현관타입":10,
            "주거총점":40.5,
            "지역구공급총점":100.0,
            "역세권":0,
            "30분내 이동가능 거점":20,
            "1시간내 이동가능 거점":80,
            "교통총점":22.0,
            "백화점":0,
            "아울렛몰":100,
            "대형마트":80,
            "은행":0,
            "병원":60,
            "종합병원":100,
            "공원":100,
            "혐오시설":0,
            "인프라총점":51.0,
            "초등학군":89.98,
            "중학군":41.96,
            "학군총점":51.564,
            "인구수":26.5,
            "인구증감":-3.08,
            "인구총점":17.626,
            "일자리":13.65,
            "소득수준":63.58,
            "일자리총점":28.629,
            "가치 총점":38.8346,
            "매매실거래년":20211019.0,
            "매매실거래가":50700.0,
            "전세실거래년":20220215.0,
            "전세실거래가":25200.0,
            "전세가율":49.7,
            "장기전세가율평균":70.65,
            "전세가율거품지수":20.95,
            "검색코드":2017,
            "세대수":934.0,
            "준공년월":"1995-11-13",
            "준공년차":28.0,
            "가까운역이름":"안양",
            "가까운역거리":1033.14,
            "역세권여부":"비역세권",
            "30분이내주요거점역":1,
            "30분거점역이름":"['가산디지털단지']",
            "1시간이내주요거점역":8,
            "1시간거점역이름":"['여의도', '수원시청', '평촌', '가산디지털단지', '홍대입구', '수원', '구로디지털단지', '명동']",
            "3km이내백화점수":0,
            "5km이내아울렛몰수":2,
            "1km이내대형먀트수":1,
            "500m이내은행수":0,
            "500m이내병원수":15,
            "5km이내대형병원수":5,
            "500m이내공원수":2,
            "3km이내혐오시설수":0,
            "초등학교학업성취도":89.98,
            "중학교학업성취도":69.6,
            "용적률":351,
            "건폐율":26,
            "Y":37.395003,
            "X":126.914602,
            "rank":98.0,
            "area_info":"25평(84.83), 32평(106.77), 38평(128.07), 50평(168.42)",
            "last_sales":"2021-10-19,50700.0,25평(84.83)",
            "rank_history":[
                [
                    "202203",
                    98
                ],
                [
                    "202202",
                    71
                ],
                [
                    "202201",
                    55
                ]
            ],
            "rank_gap":-27
        },
        {
            "index":0,
            "아파트명":"극동",
            "투자타입":"재건축",
            "전용면적(m2)":"103.41",
            "전용면적(평)":"31평",
            "법정동주소":"경기도 안양시 만안구 박달동 139-202",
            "도로명주소":"경기도 안양시 만안구 삼봉로 35",
            "세대수":30,
            "입주년차":"--",
            "용적률점수":0,
            "건폐율점수":100,
            "세대당주차수":"--",
            "난방방식":"--",
            "공급면적":90,
            "전용률":80,
            "욕실수":"--",
            "현관타입":"--",
            "주거총점":37.5,
            "지역구공급총점":100.0,
            "역세권":0,
            "30분내 이동가능 거점":0,
            "1시간내 이동가능 거점":70,
            "교통총점":14.0,
            "백화점":100,
            "아울렛몰":80,
            "대형마트":0,
            "은행":0,
            "병원":30,
            "종합병원":100,
            "공원":80,
            "혐오시설":0,
            "인프라총점":63.4,
            "초등학군":89.98,
            "중학군":36.8,
            "학군총점":47.436,
            "인구수":26.5,
            "인구증감":-3.08,
            "인구총점":17.626,
            "일자리":13.65,
            "소득수준":63.58,
            "일자리총점":28.629,
            "가치 총점":38.5354,
            "매매실거래년":20210918.0,
            "매매실거래가":49800.0,
            "전세실거래년":20220129.0,
            "전세실거래가":32000.0,
            "전세가율":64.26,
            "장기전세가율평균":70.65,
            "전세가율거품지수":6.39,
            "검색코드":1979,
            "세대수":312.0,
            "준공년월":"1991-12-13",
            "준공년차":32.0,
            "가까운역이름":"만안 (2026년 예정)",
            "가까운역거리":1517.3,
            "역세권여부":"비역세권",
            "30분이내주요거점역":0,
            "30분거점역이름":"[]",
            "1시간이내주요거점역":7,
            "1시간거점역이름":"['여의도', '수원시청', '평촌', '가산디지털단지', '홍대입구', '수원', '구로디지털단지']",
            "3km이내백화점수":1,
            "5km이내아울렛몰수":1,
            "1km이내대형먀트수":0,
            "500m이내은행수":0,
            "500m이내병원수":8,
            "5km이내대형병원수":2,
            "500m이내공원수":1,
            "3km이내혐오시설수":0,
            "초등학교학업성취도":89.98,
            "중학교학업성취도":59.8,
            "용적률":228,
            "건폐율":19,
            "Y":37.400161,
            "X":126.903244,
            "rank":99.0,
            "area_info":"31평(103.41), 35평(117.21), 40평(134.22)",
            "last_sales":"2021-09-18,49800.0,31평(103.41)",
            "rank_history":[
                [
                    "202203",
                    99
                ],
                [
                    "202202",
                    70
                ],
                [
                    "202201",
                    79
                ]
            ],
            "rank_gap":-29
        },
        {
            "index":378,
            "아파트명":"신라(44-2)",
            "투자타입":"재건축",
            "전용면적(m2)":"54.97",
            "전용면적(평)":"16평",
            "법정동주소":"경기도 안양시 만안구 안양동 44-2",
            "도로명주소":"경기도 안양시 만안구 예술공원로64번길 28",
            "세대수":0,
            "입주년차":"--",
            "용적률점수":0,
            "건폐율점수":0,
            "세대당주차수":"--",
            "난방방식":"--",
            "공급면적":50,
            "전용률":60,
            "욕실수":"--",
            "현관타입":"--",
            "주거총점":5.5,
            "지역구공급총점":100.0,
            "역세권":50,
            "30분내 이동가능 거점":0,
            "1시간내 이동가능 거점":90,
            "교통총점":43.0,
            "백화점":0,
            "아울렛몰":80,
            "대형마트":80,
            "은행":0,
            "병원":30,
            "종합병원":100,
            "공원":100,
            "혐오시설":0,
            "인프라총점":46.0,
            "초등학군":89.97,
            "중학군":48.64,
            "학군총점":56.906,
            "인구수":26.5,
            "인구증감":-3.08,
            "인구총점":17.626,
            "일자리":13.65,
            "소득수준":63.58,
            "일자리총점":28.629,
            "가치 총점":38.4859,
            "매매실거래년":20220212.0,
            "매매실거래가":20000.0,
            "전세실거래년":20211216.0,
            "전세실거래가":12000.0,
            "전세가율":60.0,
            "장기전세가율평균":70.65,
            "전세가율거품지수":10.65,
            "검색코드":11993,
            "세대수":60.0,
            "준공년월":"1983-01-15",
            "준공년차":40.0,
            "가까운역이름":"만안 (2026년 예정)",
            "가까운역거리":834.27,
            "역세권여부":"준역세권",
            "30분이내주요거점역":0,
            "30분거점역이름":"[]",
            "1시간이내주요거점역":9,
            "1시간거점역이름":"['강남', '역삼', '여의도', '수원시청', '평촌', '가산디지털단지', '홍대입구', '수원', '구로디지털단지']",
            "3km이내백화점수":0,
            "5km이내아울렛몰수":1,
            "1km이내대형먀트수":1,
            "500m이내은행수":0,
            "500m이내병원수":6,
            "5km이내대형병원수":4,
            "500m이내공원수":3,
            "3km이내혐오시설수":0,
            "초등학교학업성취도":89.97,
            "중학교학업성취도":79.6,
            "용적률":0,
            "건폐율":0,
            "Y":37.413485,
            "X":126.918679,
            "rank":100.0,
            "area_info":"16평(54.97), 16평(54.74), 16평(54.79)",
            "last_sales":"2022-02-12,20000.0,16평(54.97)",
            "rank_history":[
                [
                    "202203",
                    100
                ],
                [
                    "202202",
                    9999
                ]
            ],
            "rank_gap":9999
        },
        {
            "index":3,
            "아파트명":"금호타운",
            "투자타입":"일반",
            "전용면적(m2)":"77.49",
            "전용면적(평)":"23평",
            "법정동주소":"경기도 안양시 만안구 박달동 149-1",
            "도로명주소":"경기도 안양시 만안구 삼봉로 61",
            "세대수":80,
            "입주년차":0,
            "용적률점수":"--",
            "건폐율점수":"--",
            "세대당주차수":0,
            "난방방식":30,
            "공급면적":"--",
            "전용률":"--",
            "욕실수":50,
            "현관타입":10,
            "주거총점":37.0,
            "지역구공급총점":100.0,
            "역세권":0,
            "30분내 이동가능 거점":0,
            "1시간내 이동가능 거점":70,
            "교통총점":14.0,
            "백화점":100,
            "아울렛몰":80,
            "대형마트":0,
            "은행":0,
            "병원":10,
            "종합병원":100,
            "공원":80,
            "혐오시설":0,
            "인프라총점":61.4,
            "초등학군":89.98,
            "중학군":36.8,
            "학군총점":47.436,
            "인구수":26.5,
            "인구증감":-3.08,
            "인구총점":17.626,
            "일자리":13.65,
            "소득수준":63.58,
            "일자리총점":28.629,
            "가치 총점":37.8354,
            "매매실거래년":20220105.0,
            "매매실거래가":40000.0,
            "전세실거래년":20220209.0,
            "전세실거래가":27000.0,
            "전세가율":67.5,
            "장기전세가율평균":70.65,
            "전세가율거품지수":3.15,
            "검색코드":1981,
            "세대수":752.0,
            "준공년월":"1996-10-31",
            "준공년차":27.0,
            "가까운역이름":"만안 (2026년 예정)",
            "가까운역거리":1690.48,
            "역세권여부":"비역세권",
            "30분이내주요거점역":0,
            "30분거점역이름":"[]",
            "1시간이내주요거점역":7,
            "1시간거점역이름":"['여의도', '수원시청', '평촌', '가산디지털단지', '홍대입구', '수원', '구로디지털단지']",
            "3km이내백화점수":1,
            "5km이내아울렛몰수":1,
            "1km이내대형먀트수":0,
            "500m이내은행수":0,
            "500m이내병원수":4,
            "5km이내대형병원수":2,
            "500m이내공원수":1,
            "3km이내혐오시설수":0,
            "초등학교학업성취도":89.98,
            "중학교학업성취도":59.8,
            "용적률":239,
            "건폐율":17,
            "Y":37.39901,
            "X":126.9016,
            "rank":101.0,
            "area_info":"23평(77.49), 30평(99.43), 34평(113.18), 43평(142.54)",
            "last_sales":"2022-01-05,40000.0,23평(77.49)",
            "rank_history":[
                [
                    "202203",
                    101
                ],
                [
                    "202202",
                    73
                ],
                [
                    "202201",
                    81
                ]
            ],
            "rank_gap":-28
        },
        {
            "index":341,
            "아파트명":"성원5차",
            "투자타입":"일반",
            "전용면적(m2)":"89.43",
            "전용면적(평)":"27평",
            "법정동주소":"경기도 안양시 만안구 안양동 618-77",
            "도로명주소":"경기도 안양시 만안구 현충로 102",
            "세대수":0,
            "입주년차":0,
            "용적률점수":"--",
            "건폐율점수":"--",
            "세대당주차수":0,
            "난방방식":30,
            "공급면적":"--",
            "전용률":"--",
            "욕실수":50,
            "현관타입":100,
            "주거총점":18.0,
            "지역구공급총점":100.0,
            "역세권":0,
            "30분내 이동가능 거점":0,
            "1시간내 이동가능 거점":70,
            "교통총점":14.0,
            "백화점":100,
            "아울렛몰":100,
            "대형마트":80,
            "은행":0,
            "병원":0,
            "종합병원":100,
            "공원":0,
            "혐오시설":0,
            "인프라총점":72.0,
            "초등학군":89.97,
            "중학군":41.96,
            "학군총점":51.562,
            "인구수":26.5,
            "인구증감":-3.08,
            "인구총점":17.626,
            "일자리":13.65,
            "소득수준":63.58,
            "일자리총점":28.629,
            "가치 총점":37.8343,
            "매매실거래년":20211120.0,
            "매매실거래가":34000.0,
            "전세실거래년":20220126.0,
            "전세실거래가":20000.0,
            "전세가율":58.82,
            "장기전세가율평균":70.65,
            "전세가율거품지수":11.83,
            "검색코드":2019,
            "세대수":192.0,
            "준공년월":"1997-04-18",
            "준공년차":26.0,
            "가까운역이름":"안양",
            "가까운역거리":1308.23,
            "역세권여부":"비역세권",
            "30분이내주요거점역":0,
            "30분거점역이름":"[]",
            "1시간이내주요거점역":7,
            "1시간거점역이름":"['여의도', '수원시청', '평촌', '가산디지털단지', '수원', '구로디지털단지', '안산']",
            "3km이내백화점수":1,
            "5km이내아울렛몰수":2,
            "1km이내대형먀트수":1,
            "500m이내은행수":0,
            "500m이내병원수":1,
            "5km이내대형병원수":5,
            "500m이내공원수":0,
            "3km이내혐오시설수":0,
            "초등학교학업성취도":89.97,
            "중학교학업성취도":69.6,
            "용적률":296,
            "건폐율":20,
            "Y":37.390115,
            "X":126.920036,
            "rank":102.0,
            "area_info":"27평(89.43), 32평(107.94), 41평(137.18)",
            "last_sales":"2021-11-20,34000.0,27평(89.43)",
            "rank_history":[
                [
                    "202203",
                    102
                ],
                [
                    "202202",
                    72
                ],
                [
                    "202201",
                    57
                ]
            ],
            "rank_gap":-30
        },
        {
            "index":344,
            "아파트명":"세림",
            "투자타입":"재건축",
            "전용면적(m2)":"68.62",
            "전용면적(평)":"20평",
            "법정동주소":"경기도 안양시 만안구 안양동 41-2",
            "도로명주소":"경기도 안양시 만안구 예술공원로64번길 9",
            "세대수":0,
            "입주년차":"--",
            "용적률점수":0,
            "건폐율점수":0,
            "세대당주차수":"--",
            "난방방식":"--",
            "공급면적":50,
            "전용률":100,
            "욕실수":"--",
            "현관타입":"--",
            "주거총점":7.5,
            "지역구공급총점":100.0,
            "역세권":50,
            "30분내 이동가능 거점":20,
            "1시간내 이동가능 거점":90,
            "교통총점":49.0,
            "백화점":0,
            "아울렛몰":80,
            "대형마트":0,
            "은행":0,
            "병원":30,
            "종합병원":100,
            "공원":100,
            "혐오시설":0,
            "인프라총점":34.0,
            "초등학군":90.0,
            "중학군":48.64,
            "학군총점":56.912,
            "인구수":26.5,
            "인구증감":-3.08,
            "인구총점":17.626,
            "일자리":13.65,
            "소득수준":63.58,
            "일자리총점":28.629,
            "가치 총점":37.3868,
            "매매실거래년":20211220.0,
            "매매실거래가":39500.0,
            "전세실거래년":20200629.0,
            "전세실거래가":12000.0,
            "전세가율":50.0,
            "장기전세가율평균":70.65,
            "전세가율거품지수":20.65,
            "검색코드":2007,
            "세대수":70.0,
            "준공년월":"1983-12-09",
            "준공년차":40.0,
            "가까운역이름":"만안 (2026년 예정)",
            "가까운역거리":758.35,
            "역세권여부":"준역세권",
            "30분이내주요거점역":1,
            "30분거점역이름":"['가산디지털단지']",
            "1시간이내주요거점역":9,
            "1시간거점역이름":"['강남', '역삼', '여의도', '수원시청', '평촌', '가산디지털단지', '홍대입구', '수원', '구로디지털단지']",
            "3km이내백화점수":0,
            "5km이내아울렛몰수":1,
            "1km이내대형먀트수":0,
            "500m이내은행수":0,
            "500m이내병원수":6,
            "5km이내대형병원수":4,
            "500m이내공원수":2,
            "3km이내혐오시설수":0,
            "초등학교학업성취도":90.0,
            "중학교학업성취도":79.6,
            "용적률":0,
            "건폐율":0,
            "Y":37.41427,
            "X":126.91768,
            "rank":103.0,
            "area_info":"20평(68.62), 20평(68.61), 23평(76.74)",
            "last_sales":"2021-12-20,39500.0,23평(76.74)",
            "rank_history":[
                [
                    "202203",
                    103
                ],
                [
                    "202202",
                    9999
                ]
            ],
            "rank_gap":9999
        },
        {
            "index":35,
            "아파트명":"신안",
            "투자타입":"재건축",
            "전용면적(m2)":"78.8",
            "전용면적(평)":"23평",
            "법정동주소":"경기도 안양시 만안구 박달동 152",
            "도로명주소":"경기도 안양시 만안구 박달로 420",
            "세대수":0,
            "입주년차":"--",
            "용적률점수":0,
            "건폐율점수":80,
            "세대당주차수":"--",
            "난방방식":"--",
            "공급면적":50,
            "전용률":80,
            "욕실수":"--",
            "현관타입":"--",
            "주거총점":22.5,
            "지역구공급총점":100.0,
            "역세권":0,
            "30분내 이동가능 거점":20,
            "1시간내 이동가능 거점":70,
            "교통총점":20.0,
            "백화점":100,
            "아울렛몰":80,
            "대형마트":0,
            "은행":0,
            "병원":10,
            "종합병원":100,
            "공원":80,
            "혐오시설":0,
            "인프라총점":61.4,
            "초등학군":90.0,
            "중학군":36.8,
            "학군총점":47.44,
            "인구수":26.5,
            "인구증감":-3.08,
            "인구총점":17.626,
            "일자리":13.65,
            "소득수준":63.58,
            "일자리총점":28.629,
            "가치 총점":37.036,
            "매매실거래년":20211013.0,
            "매매실거래가":66500.0,
            "전세실거래년":20210828.0,
            "전세실거래가":19800.0,
            "전세가율":48.29,
            "장기전세가율평균":70.65,
            "전세가율거품지수":22.36,
            "검색코드":2795,
            "세대수":296.0,
            "준공년월":"1991-09-04",
            "준공년차":32.0,
            "가까운역이름":"만안 (2026년 예정)",
            "가까운역거리":1562.11,
            "역세권여부":"비역세권",
            "30분이내주요거점역":1,
            "30분거점역이름":"['가산디지털단지']",
            "1시간이내주요거점역":7,
            "1시간거점역이름":"['여의도', '수원시청', '평촌', '가산디지털단지', '홍대입구', '수원', '구로디지털단지']",
            "3km이내백화점수":1,
            "5km이내아울렛몰수":1,
            "1km이내대형먀트수":0,
            "500m이내은행수":0,
            "500m이내병원수":3,
            "5km이내대형병원수":2,
            "500m이내공원수":1,
            "3km이내혐오시설수":0,
            "초등학교학업성취도":90.0,
            "중학교학업성취도":59.8,
            "용적률":286,
            "건폐율":22,
            "Y":37.401172,
            "X":126.899604,
            "rank":104.0,
            "area_info":"23평(78.8), 32평(105.9), 41평(135.6), 48평(161.37), 55평(183.83)",
            "last_sales":"2021-10-13,66500.0,55평(183.83)",
            "rank_history":[
                [
                    "202203",
                    104
                ],
                [
                    "202202",
                    75
                ],
                [
                    "202201",
                    83
                ]
            ],
            "rank_gap":-29
        },
        {
            "index":7,
            "아파트명":"다청림카운티(도시형)",
            "투자타입":"일반",
            "전용면적(m2)":"51.92",
            "전용면적(평)":"15평",
            "법정동주소":"경기도 안양시 만안구 박달동 149-12",
            "도로명주소":"경기도 안양시 만안구 삼봉로 67",
            "세대수":0,
            "입주년차":80,
            "용적률점수":"--",
            "건폐율점수":"--",
            "세대당주차수":0,
            "난방방식":30,
            "공급면적":"--",
            "전용률":"--",
            "욕실수":50,
            "현관타입":100,
            "주거총점":34.0,
            "지역구공급총점":100.0,
            "역세권":0,
            "30분내 이동가능 거점":0,
            "1시간내 이동가능 거점":70,
            "교통총점":14.0,
            "백화점":100,
            "아울렛몰":80,
            "대형마트":0,
            "은행":0,
            "병원":0,
            "종합병원":100,
            "공원":80,
            "혐오시설":0,
            "인프라총점":60.4,
            "초등학군":89.98,
            "중학군":36.8,
            "학군총점":47.436,
            "인구수":26.5,
            "인구증감":-3.08,
            "인구총점":17.626,
            "일자리":13.65,
            "소득수준":63.58,
            "일자리총점":28.629,
            "가치 총점":36.9354,
            "매매실거래년":"18000101",
            "매매실거래가":null,
            "전세실거래년":null,
            "전세실거래가":null,
            "전세가율":null,
            "장기전세가율평균":70.65,
            "전세가율거품지수":null,
            "검색코드":132663,
            "세대수":104.0,
            "준공년월":"2016-06-13",
            "준공년차":7.0,
            "가까운역이름":"만안 (2026년 예정)",
            "가까운역거리":1785.5,
            "역세권여부":"비역세권",
            "30분이내주요거점역":0,
            "30분거점역이름":"[]",
            "1시간이내주요거점역":7,
            "1시간거점역이름":"['여의도', '수원시청', '평촌', '가산디지털단지', '홍대입구', '수원', '구로디지털단지']",
            "3km이내백화점수":1,
            "5km이내아울렛몰수":1,
            "1km이내대형먀트수":0,
            "500m이내은행수":0,
            "500m이내병원수":1,
            "5km이내대형병원수":2,
            "500m이내공원수":1,
            "3km이내혐오시설수":0,
            "초등학교학업성취도":89.98,
            "중학교학업성취도":59.8,
            "용적률":161,
            "건폐율":45,
            "Y":37.398547,
            "X":126.900303,
            "rank":105.0,
            "area_info":"15평(51.92), 16평(54.88), 16평(55.66), 16평(55.58), 17평(57.4), 17평(58.97), 20평(66.75), 20평(67.17)",
            "last_sales":"1800-01-01,nan,15평(51.92)",
            "rank_history":[
                [
                    "202203",
                    105
                ],
                [
                    "202202",
                    76
                ],
                [
                    "202201",
                    84
                ]
            ],
            "rank_gap":-29
        },
        {
            "index":43,
            "아파트명":"아카데미테마타운",
            "투자타입":"재건축",
            "전용면적(m2)":"50.76",
            "전용면적(평)":"15평",
            "법정동주소":"경기도 안양시 만안구 박달동 156",
            "도로명주소":"경기도 안양시 만안구 박달로 428",
            "세대수":0,
            "입주년차":"--",
            "용적률점수":0,
            "건폐율점수":0,
            "세대당주차수":"--",
            "난방방식":"--",
            "공급면적":50,
            "전용률":100,
            "욕실수":"--",
            "현관타입":"--",
            "주거총점":7.5,
            "지역구공급총점":100.0,
            "역세권":0,
            "30분내 이동가능 거점":20,
            "1시간내 이동가능 거점":80,
            "교통총점":22.0,
            "백화점":100,
            "아울렛몰":80,
            "대형마트":0,
            "은행":0,
            "병원":30,
            "종합병원":100,
            "공원":80,
            "혐오시설":0,
            "인프라총점":63.4,
            "초등학군":90.0,
            "중학군":36.8,
            "학군총점":47.44,
            "인구수":26.5,
            "인구증감":-3.08,
            "인구총점":17.626,
            "일자리":13.65,
            "소득수준":63.58,
            "일자리총점":28.629,
            "가치 총점":35.336,
            "매매실거래년":"18000101",
            "매매실거래가":null,
            "전세실거래년":null,
            "전세실거래가":null,
            "전세가율":null,
            "장기전세가율평균":70.65,
            "전세가율거품지수":null,
            "검색코드":8162,
            "세대수":88.0,
            "준공년월":"1992-11-11",
            "준공년차":31.0,
            "가까운역이름":"만안 (2026년 예정)",
            "가까운역거리":1512.18,
            "역세권여부":"비역세권",
            "30분이내주요거점역":1,
            "30분거점역이름":"['가산디지털단지']",
            "1시간이내주요거점역":8,
            "1시간거점역이름":"['여의도', '수원시청', '평촌', '가산디지털단지', '홍대입구', '수원', '구로디지털단지', '안산']",
            "3km이내백화점수":1,
            "5km이내아울렛몰수":1,
            "1km이내대형먀트수":0,
            "500m이내은행수":0,
            "500m이내병원수":5,
            "5km이내대형병원수":2,
            "500m이내공원수":1,
            "3km이내혐오시설수":0,
            "초등학교학업성취도":90.0,
            "중학교학업성취도":59.8,
            "용적률":0,
            "건폐율":0,
            "Y":37.40142,
            "X":126.900165,
            "rank":106.0,
            "area_info":"15평(50.76), 15평(52.65), 18평(62.36), 19평(63.89), 19평(64.22), 19평(64.15), 20평(66.17), 20평(68.12), 22평(73.83), 22평(75.03), 22평(75.23), 23평(77.03), 24평(80.4), 25평(83.1), 25평(83.61), 32평(107.7), 37평(124.99)",
            "last_sales":"1800-01-01,nan,15평(50.76)",
            "rank_history":[
                [
                    "202203",
                    106
                ],
                [
                    "202202",
                    9999
                ]
            ],
            "rank_gap":9999
        },
        {
            "index":419,
            "아파트명":"안양성원상떼빌3차",
            "투자타입":"일반",
            "전용면적(m2)":"75.33",
            "전용면적(평)":"22평",
            "법정동주소":"경기도 안양시 만안구 안양동 773-3",
            "도로명주소":"경기도 안양시 만안구 장내로 61",
            "세대수":0,
            "입주년차":20,
            "용적률점수":"--",
            "건폐율점수":"--",
            "세대당주차수":30,
            "난방방식":30,
            "공급면적":"--",
            "전용률":"--",
            "욕실수":50,
            "현관타입":10,
            "주거총점":17.5,
            "지역구공급총점":100.0,
            "역세권":0,
            "30분내 이동가능 거점":20,
            "1시간내 이동가능 거점":70,
            "교통총점":20.0,
            "백화점":0,
            "아울렛몰":100,
            "대형마트":80,
            "은행":0,
            "병원":60,
            "종합병원":100,
            "공원":100,
            "혐오시설":0,
            "인프라총점":51.0,
            "초등학군":89.98,
            "중학군":41.96,
            "학군총점":51.564,
            "인구수":26.5,
            "인구증감":-3.08,
            "인구총점":17.626,
            "일자리":13.65,
            "소득수준":63.58,
            "일자리총점":28.629,
            "가치 총점":33.5346,
            "매매실거래년":20210727.0,
            "매매실거래가":29000.0,
            "전세실거래년":20210731.0,
            "전세실거래가":21000.0,
            "전세가율":72.41,
            "장기전세가율평균":70.65,
            "전세가율거품지수":-1.76,
            "검색코드":10716,
            "세대수":87.0,
            "준공년월":"2003-06-11",
            "준공년차":20.0,
            "가까운역이름":"안양",
            "가까운역거리":1054.16,
            "역세권여부":"비역세권",
            "30분이내주요거점역":1,
            "30분거점역이름":"['가산디지털단지']",
            "1시간이내주요거점역":7,
            "1시간거점역이름":"['여의도', '수원시청', '평촌', '가산디지털단지', '홍대입구', '수원', '구로디지털단지']",
            "3km이내백화점수":0,
            "5km이내아울렛몰수":2,
            "1km이내대형먀트수":1,
            "500m이내은행수":0,
            "500m이내병원수":16,
            "5km이내대형병원수":5,
            "500m이내공원수":2,
            "3km이내혐오시설수":0,
            "초등학교학업성취도":89.98,
            "중학교학업성취도":69.6,
            "용적률":255,
            "건폐율":29,
            "Y":37.39424,
            "X":126.91534,
            "rank":107.0,
            "area_info":"22평(75.33), 30평(100.2)",
            "last_sales":"2021-07-27,29000.0,22평(75.33)",
            "rank_history":[
                [
                    "202203",
                    107
                ],
                [
                    "202202",
                    9999
                ]
            ],
            "rank_gap":9999
        },
        {
            "index":474,
            "아파트명":"우성2차",
            "투자타입":"재건축",
            "전용면적(m2)":"67.81",
            "전용면적(평)":"20평",
            "법정동주소":"경기도 안양시 만안구 안양동 730-1",
            "도로명주소":"경기도 안양시 만안구 능곡로 36",
            "세대수":0,
            "입주년차":"--",
            "용적률점수":80,
            "건폐율점수":80,
            "세대당주차수":"--",
            "난방방식":"--",
            "공급면적":50,
            "전용률":60,
            "욕실수":"--",
            "현관타입":"--",
            "주거총점":53.5,
            "지역구공급총점":100.0,
            "역세권":0,
            "30분내 이동가능 거점":0,
            "1시간내 이동가능 거점":70,
            "교통총점":14.0,
            "백화점":0,
            "아울렛몰":100,
            "대형마트":0,
            "은행":0,
            "병원":30,
            "종합병원":100,
            "공원":0,
            "혐오시설":0,
            "인프라총점":33.0,
            "초등학군":89.97,
            "중학군":39.66,
            "학군총점":49.722,
            "인구수":26.5,
            "인구증감":-3.08,
            "인구총점":17.626,
            "일자리":13.65,
            "소득수준":63.58,
            "일자리총점":28.629,
            "가치 총점":32.9583,
            "매매실거래년":20220117.0,
            "매매실거래가":30800.0,
            "전세실거래년":20211013.0,
            "전세실거래가":11500.0,
            "전세가율":37.34,
            "장기전세가율평균":70.65,
            "전세가율거품지수":33.31,
            "검색코드":8127,
            "세대수":168.0,
            "준공년월":"1989-10-12",
            "준공년차":34.0,
            "가까운역이름":"안양",
            "가까운역거리":1434.25,
            "역세권여부":"비역세권",
            "30분이내주요거점역":0,
            "30분거점역이름":"[]",
            "1시간이내주요거점역":7,
            "1시간거점역이름":"['여의도', '수원시청', '평촌', '가산디지털단지', '수원', '구로디지털단지', '안산']",
            "3km이내백화점수":0,
            "5km이내아울렛몰수":2,
            "1km이내대형먀트수":0,
            "500m이내은행수":0,
            "500m이내병원수":8,
            "5km이내대형병원수":5,
            "500m이내공원수":0,
            "3km이내혐오시설수":0,
            "초등학교학업성취도":89.97,
            "중학교학업성취도":63.1,
            "용적률":173,
            "건폐율":29,
            "Y":37.390799,
            "X":126.914019,
            "rank":108.0,
            "area_info":"20평(67.81), 25평(84.21)",
            "last_sales":"2022-01-17,30800.0,20평(67.81)",
            "rank_history":[
                [
                    "202203",
                    108
                ],
                [
                    "202202",
                    84
                ],
                [
                    "202201",
                    69
                ]
            ],
            "rank_gap":-24
        },
        {
            "index":534,
            "아파트명":"프라자",
            "투자타입":"재건축",
            "전용면적(m2)":"75.07",
            "전용면적(평)":"22평",
            "법정동주소":"경기도 안양시 만안구 안양동 762-2",
            "도로명주소":"경기도 안양시 만안구 병목안로 103",
            "세대수":50,
            "입주년차":"--",
            "용적률점수":20,
            "건폐율점수":0,
            "세대당주차수":"--",
            "난방방식":"--",
            "공급면적":50,
            "전용률":60,
            "욕실수":"--",
            "현관타입":"--",
            "주거총점":28.5,
            "지역구공급총점":100.0,
            "역세권":0,
            "30분내 이동가능 거점":0,
            "1시간내 이동가능 거점":60,
            "교통총점":12.0,
            "백화점":0,
            "아울렛몰":100,
            "대형마트":80,
            "은행":0,
            "병원":60,
            "종합병원":100,
            "공원":100,
            "혐오시설":0,
            "인프라총점":51.0,
            "초등학군":89.98,
            "중학군":41.96,
            "학군총점":51.564,
            "인구수":26.5,
            "인구증감":-3.08,
            "인구총점":17.626,
            "일자리":13.65,
            "소득수준":63.58,
            "일자리총점":28.629,
            "가치 총점":32.9346,
            "매매실거래년":20211115.0,
            "매매실거래가":47500.0,
            "전세실거래년":20220218.0,
            "전세실거래가":18900.0,
            "전세가율":39.79,
            "장기전세가율평균":70.65,
            "전세가율거품지수":30.86,
            "검색코드":2024,
            "세대수":637.0,
            "준공년월":"1987-04-23",
            "준공년차":36.0,
            "가까운역이름":"안양",
            "가까운역거리":1212.42,
            "역세권여부":"비역세권",
            "30분이내주요거점역":0,
            "30분거점역이름":"[]",
            "1시간이내주요거점역":6,
            "1시간거점역이름":"['수원시청', '평촌', '가산디지털단지', '홍대입구', '수원', '구로디지털단지']",
            "3km이내백화점수":0,
            "5km이내아울렛몰수":2,
            "1km이내대형먀트수":1,
            "500m이내은행수":0,
            "500m이내병원수":14,
            "5km이내대형병원수":5,
            "500m이내공원수":2,
            "3km이내혐오시설수":0,
            "초등학교학업성취도":89.98,
            "중학교학업성취도":69.6,
            "용적률":208,
            "건폐율":0,
            "Y":37.394122,
            "X":126.912842,
            "rank":109.0,
            "area_info":"22평(75.07), 27평(91.93), 30평(101.31)",
            "last_sales":"2021-11-15,47500.0,22평(75.07)",
            "rank_history":[
                [
                    "202203",
                    109
                ],
                [
                    "202202",
                    78
                ],
                [
                    "202201",
                    71
                ]
            ],
            "rank_gap":-31
        },
        {
            "index":471,
            "아파트명":"우성1차",
            "투자타입":"재건축",
            "전용면적(m2)":"55.44",
            "전용면적(평)":"16평",
            "법정동주소":"경기도 안양시 만안구 안양동 735",
            "도로명주소":"경기도 안양시 만안구 능곡로 36",
            "세대수":0,
            "입주년차":"--",
            "용적률점수":80,
            "건폐율점수":60,
            "세대당주차수":"--",
            "난방방식":"--",
            "공급면적":50,
            "전용률":60,
            "욕실수":"--",
            "현관타입":"--",
            "주거총점":49.5,
            "지역구공급총점":100.0,
            "역세권":0,
            "30분내 이동가능 거점":0,
            "1시간내 이동가능 거점":80,
            "교통총점":16.0,
            "백화점":0,
            "아울렛몰":100,
            "대형마트":0,
            "은행":0,
            "병원":30,
            "종합병원":100,
            "공원":0,
            "혐오시설":0,
            "인프라총점":33.0,
            "초등학군":89.97,
            "중학군":39.66,
            "학군총점":49.722,
            "인구수":26.5,
            "인구증감":-3.08,
            "인구총점":17.626,
            "일자리":13.65,
            "소득수준":63.58,
            "일자리총점":28.629,
            "가치 총점":32.8583,
            "매매실거래년":20210720.0,
            "매매실거래가":23000.0,
            "전세실거래년":20211128.0,
            "전세실거래가":12000.0,
            "전세가율":52.17,
            "장기전세가율평균":70.65,
            "전세가율거품지수":18.48,
            "검색코드":8126,
            "세대수":210.0,
            "준공년월":"1988-12-23",
            "준공년차":35.0,
            "가까운역이름":"안양",
            "가까운역거리":1384.5,
            "역세권여부":"비역세권",
            "30분이내주요거점역":0,
            "30분거점역이름":"[]",
            "1시간이내주요거점역":8,
            "1시간거점역이름":"['여의도', '수원시청', '평촌', '가산디지털단지', '홍대입구', '수원', '구로디지털단지', '안산']",
            "3km이내백화점수":0,
            "5km이내아울렛몰수":2,
            "1km이내대형먀트수":0,
            "500m이내은행수":0,
            "500m이내병원수":9,
            "5km이내대형병원수":5,
            "500m이내공원수":0,
            "3km이내혐오시설수":0,
            "초등학교학업성취도":89.97,
            "중학교학업성취도":63.1,
            "용적률":159,
            "건폐율":33,
            "Y":37.391756,
            "X":126.913271,
            "rank":110.0,
            "area_info":"16평(55.44), 21평(71.49), 26평(88.77)",
            "last_sales":"2021-07-20,23000.0,16평(55.44)",
            "rank_history":[
                [
                    "202203",
                    110
                ],
                [
                    "202202",
                    79
                ],
                [
                    "202201",
                    60
                ]
            ],
            "rank_gap":-31
        },
        {
            "index":561,
            "아파트명":"흥화",
            "투자타입":"일반",
            "전용면적(m2)":"86.2",
            "전용면적(평)":"26평",
            "법정동주소":"경기도 안양시 만안구 안양동 716-5",
            "도로명주소":"경기도 안양시 만안구 장내로 56",
            "세대수":0,
            "입주년차":0,
            "용적률점수":"--",
            "건폐율점수":"--",
            "세대당주차수":0,
            "난방방식":30,
            "공급면적":"--",
            "전용률":"--",
            "욕실수":50,
            "현관타입":10,
            "주거총점":9.0,
            "지역구공급총점":100.0,
            "역세권":0,
            "30분내 이동가능 거점":20,
            "1시간내 이동가능 거점":80,
            "교통총점":22.0,
            "백화점":0,
            "아울렛몰":100,
            "대형마트":80,
            "은행":0,
            "병원":60,
            "종합병원":100,
            "공원":100,
            "혐오시설":0,
            "인프라총점":51.0,
            "초등학군":89.97,
            "중학군":41.96,
            "학군총점":51.562,
            "인구수":26.5,
            "인구증감":-3.08,
            "인구총점":17.626,
            "일자리":13.65,
            "소득수준":63.58,
            "일자리총점":28.629,
            "가치 총점":32.5343,
            "매매실거래년":20211206.0,
            "매매실거래가":35000.0,
            "전세실거래년":20211004.0,
            "전세실거래가":19400.0,
            "전세가율":55.43,
            "장기전세가율평균":70.65,
            "전세가율거품지수":15.22,
            "검색코드":2025,
            "세대수":152.0,
            "준공년월":"1996-04-29",
            "준공년차":27.0,
            "가까운역이름":"안양",
            "가까운역거리":1118.26,
            "역세권여부":"비역세권",
            "30분이내주요거점역":1,
            "30분거점역이름":"['가산디지털단지']",
            "1시간이내주요거점역":8,
            "1시간거점역이름":"['여의도', '수원시청', '평촌', '가산디지털단지', '홍대입구', '수원', '구로디지털단지', '안산']",
            "3km이내백화점수":0,
            "5km이내아울렛몰수":2,
            "1km이내대형먀트수":1,
            "500m이내은행수":0,
            "500m이내병원수":13,
            "5km이내대형병원수":5,
            "500m이내공원수":2,
            "3km이내혐오시설수":0,
            "초등학교학업성취도":89.97,
            "중학교학업성취도":69.6,
            "용적률":369,
            "건폐율":25,
            "Y":37.39353,
            "X":126.91532,
            "rank":111.0,
            "area_info":"26평(86.2), 33평(109.88), 36평(121.67)",
            "last_sales":"2021-12-06,35000.0,26평(86.2)",
            "rank_history":[
                [
                    "202203",
                    111
                ],
                [
                    "202202",
                    77
                ],
                [
                    "202201",
                    70
                ]
            ],
            "rank_gap":-34
        },
        {
            "index":530,
            "아파트명":"진흥5차",
            "투자타입":"재건축",
            "전용면적(m2)":"70.75",
            "전용면적(평)":"21평",
            "법정동주소":"경기도 안양시 만안구 안양동 908-4",
            "도로명주소":"경기도 안양시 만안구 양화로71번길 24",
            "세대수":50,
            "입주년차":"--",
            "용적률점수":0,
            "건폐율점수":0,
            "세대당주차수":"--",
            "난방방식":"--",
            "공급면적":50,
            "전용률":80,
            "욕실수":"--",
            "현관타입":"--",
            "주거총점":21.5,
            "지역구공급총점":100.0,
            "역세권":0,
            "30분내 이동가능 거점":0,
            "1시간내 이동가능 거점":70,
            "교통총점":14.0,
            "백화점":0,
            "아울렛몰":80,
            "대형마트":80,
            "은행":0,
            "병원":60,
            "종합병원":100,
            "공원":100,
            "혐오시설":0,
            "인프라총점":49.0,
            "초등학군":89.98,
            "중학군":48.64,
            "학군총점":56.908,
            "인구수":26.5,
            "인구증감":-3.08,
            "인구총점":17.626,
            "일자리":13.65,
            "소득수준":63.58,
            "일자리총점":28.629,
            "가치 총점":32.4362,
            "매매실거래년":20211106.0,
            "매매실거래가":51000.0,
            "전세실거래년":20220214.0,
            "전세실거래가":15000.0,
            "전세가율":29.41,
            "장기전세가율평균":70.65,
            "전세가율거품지수":41.24,
            "검색코드":10659,
            "세대수":432.0,
            "준공년월":"1987-08-03",
            "준공년차":36.0,
            "가까운역이름":"안양",
            "가까운역거리":1011.35,
            "역세권여부":"비역세권",
            "30분이내주요거점역":0,
            "30분거점역이름":"[]",
            "1시간이내주요거점역":7,
            "1시간거점역이름":"['여의도', '수원시청', '평촌', '가산디지털단지', '홍대입구', '수원', '구로디지털단지']",
            "3km이내백화점수":0,
            "5km이내아울렛몰수":1,
            "1km이내대형먀트수":1,
            "500m이내은행수":0,
            "500m이내병원수":18,
            "5km이내대형병원수":4,
            "500m이내공원수":8,
            "3km이내혐오시설수":0,
            "초등학교학업성취도":89.98,
            "중학교학업성취도":79.6,
            "용적률":0,
            "건폐율":0,
            "Y":37.40047,
            "X":126.911383,
            "rank":112.0,
            "area_info":"21평(70.75), 25평(84.0), 28평(92.74)",
            "last_sales":"2021-11-06,51000.0,21평(70.75)",
            "rank_history":[
                [
                    "202203",
                    112
                ],
                [
                    "202202",
                    80
                ],
                [
                    "202201",
                    82
                ]
            ],
            "rank_gap":-32
        },
        {
            "index":373,
            "아파트명":"수리산힐스테이트",
            "투자타입":"일반",
            "전용면적(m2)":"82.3",
            "전용면적(평)":"24평",
            "법정동주소":"경기도 안양시 만안구 안양동 1059-1",
            "도로명주소":"경기도 안양시 만안구 창박로 38",
            "세대수":50,
            "입주년차":40,
            "용적률점수":"--",
            "건폐율점수":"--",
            "세대당주차수":30,
            "난방방식":30,
            "공급면적":"--",
            "전용률":"--",
            "욕실수":100,
            "현관타입":100,
            "주거총점":53.0,
            "지역구공급총점":100.0,
            "역세권":0,
            "30분내 이동가능 거점":0,
            "1시간내 이동가능 거점":40,
            "교통총점":8.0,
            "백화점":0,
            "아울렛몰":100,
            "대형마트":0,
            "은행":0,
            "병원":0,
            "종합병원":100,
            "공원":100,
            "혐오시설":0,
            "인프라총점":33.0,
            "초등학군":89.97,
            "중학군":36.48,
            "학군총점":47.178,
            "인구수":26.5,
            "인구증감":-3.08,
            "인구총점":17.626,
            "일자리":13.65,
            "소득수준":63.58,
            "일자리총점":28.629,
            "가치 총점":30.3767,
            "매매실거래년":20220102.0,
            "매매실거래가":44000.0,
            "전세실거래년":20220126.0,
            "전세실거래가":32000.0,
            "전세가율":72.73,
            "장기전세가율평균":70.65,
            "전세가율거품지수":-2.08,
            "검색코드":17562,
            "세대수":441.0,
            "준공년월":"2006-10-30",
            "준공년차":17.0,
            "가까운역이름":"안양",
            "가까운역거리":2576.46,
            "역세권여부":"비역세권",
            "30분이내주요거점역":0,
            "30분거점역이름":"[]",
            "1시간이내주요거점역":4,
            "1시간거점역이름":"['평촌', '가산디지털단지', '수원', '구로디지털단지']",
            "3km이내백화점수":0,
            "5km이내아울렛몰수":2,
            "1km이내대형먀트수":0,
            "500m이내은행수":0,
            "500m이내병원수":1,
            "5km이내대형병원수":4,
            "500m이내공원수":3,
            "3km이내혐오시설수":0,
            "초등학교학업성취도":89.97,
            "중학교학업성취도":60.8,
            "용적률":206,
            "건폐율":16,
            "Y":37.385247,
            "X":126.902174,
            "rank":113.0,
            "area_info":"24평(82.3), 24평(82.37), 32평(107.79), 32평(108.02), 33평(110.81)",
            "last_sales":"2022-01-02,44000.0,24평(82.3)",
            "rank_history":[
                [
                    "202203",
                    113
                ],
                [
                    "202202",
                    81
                ],
                [
                    "202201",
                    77
                ]
            ],
            "rank_gap":-32
        },
        {
            "index":381,
            "아파트명":"신성미소지움",
            "투자타입":"일반",
            "전용면적(m2)":"109.76",
            "전용면적(평)":"33평",
            "법정동주소":"경기도 안양시 만안구 안양동 752-20",
            "도로명주소":"경기도 안양시 만안구 능곡로36번길 19",
            "세대수":0,
            "입주년차":40,
            "용적률점수":"--",
            "건폐율점수":"--",
            "세대당주차수":30,
            "난방방식":30,
            "공급면적":"--",
            "전용률":"--",
            "욕실수":100,
            "현관타입":100,
            "주거총점":35.5,
            "지역구공급총점":100.0,
            "역세권":0,
            "30분내 이동가능 거점":0,
            "1시간내 이동가능 거점":70,
            "교통총점":14.0,
            "백화점":0,
            "아울렛몰":100,
            "대형마트":0,
            "은행":0,
            "병원":60,
            "종합병원":100,
            "공원":0,
            "혐오시설":0,
            "인프라총점":36.0,
            "초등학군":89.97,
            "중학군":39.66,
            "학군총점":49.722,
            "인구수":26.5,
            "인구증감":-3.08,
            "인구총점":17.626,
            "일자리":13.65,
            "소득수준":63.58,
            "일자리총점":28.629,
            "가치 총점":30.2583,
            "매매실거래년":20210825.0,
            "매매실거래가":65000.0,
            "전세실거래년":20210731.0,
            "전세실거래가":28000.0,
            "전세가율":56.0,
            "장기전세가율평균":70.65,
            "전세가율거품지수":14.65,
            "검색코드":26950,
            "세대수":115.0,
            "준공년월":"2008-09-29",
            "준공년차":15.0,
            "가까운역이름":"안양",
            "가까운역거리":1375.03,
            "역세권여부":"비역세권",
            "30분이내주요거점역":0,
            "30분거점역이름":"[]",
            "1시간이내주요거점역":7,
            "1시간거점역이름":"['여의도', '수원시청', '평촌', '가산디지털단지', '홍대입구', '수원', '구로디지털단지']",
            "3km이내백화점수":0,
            "5km이내아울렛몰수":2,
            "1km이내대형먀트수":0,
            "500m이내은행수":0,
            "500m이내병원수":10,
            "5km이내대형병원수":5,
            "500m이내공원수":0,
            "3km이내혐오시설수":0,
            "초등학교학업성취도":89.97,
            "중학교학업성취도":63.1,
            "용적률":204,
            "건폐율":23,
            "Y":37.39222,
            "X":126.912711,
            "rank":114.0,
            "area_info":"33평(109.76), 46평(153.54)",
            "last_sales":"2021-08-25,65000.0,46평(153.54)",
            "rank_history":[
                [
                    "202203",
                    114
                ],
                [
                    "202202",
                    82
                ],
                [
                    "202201",
                    80
                ]
            ],
            "rank_gap":-32
        },
        {
            "index":241,
            "아파트명":"뉴골든",
            "투자타입":"재건축",
            "전용면적(m2)":"59.67",
            "전용면적(평)":"18평",
            "법정동주소":"경기도 안양시 만안구 안양동 1024-1",
            "도로명주소":"경기도 안양시 만안구 병목안로 129-27",
            "세대수":0,
            "입주년차":"--",
            "용적률점수":80,
            "건폐율점수":60,
            "세대당주차수":"--",
            "난방방식":"--",
            "공급면적":50,
            "전용률":60,
            "욕실수":"--",
            "현관타입":"--",
            "주거총점":49.5,
            "지역구공급총점":100.0,
            "역세권":0,
            "30분내 이동가능 거점":0,
            "1시간내 이동가능 거점":50,
            "교통총점":10.0,
            "백화점":0,
            "아울렛몰":100,
            "대형마트":0,
            "은행":0,
            "병원":10,
            "종합병원":100,
            "공원":0,
            "혐오시설":0,
            "인프라총점":31.0,
            "초등학군":89.97,
            "중학군":39.66,
            "학군총점":49.722,
            "인구수":26.5,
            "인구증감":-3.08,
            "인구총점":17.626,
            "일자리":13.65,
            "소득수준":63.58,
            "일자리총점":28.629,
            "가치 총점":30.1583,
            "매매실거래년":20211020.0,
            "매매실거래가":23500.0,
            "전세실거래년":20211224.0,
            "전세실거래가":11500.0,
            "전세가율":53.49,
            "장기전세가율평균":70.65,
            "전세가율거품지수":17.16,
            "검색코드":2803,
            "세대수":222.0,
            "준공년월":"1988-02-04",
            "준공년차":35.0,
            "가까운역이름":"안양",
            "가까운역거리":1683.44,
            "역세권여부":"비역세권",
            "30분이내주요거점역":0,
            "30분거점역이름":"[]",
            "1시간이내주요거점역":5,
            "1시간거점역이름":"['수원시청', '평촌', '가산디지털단지', '수원', '구로디지털단지']",
            "3km이내백화점수":0,
            "5km이내아울렛몰수":2,
            "1km이내대형먀트수":0,
            "500m이내은행수":0,
            "500m이내병원수":3,
            "5km이내대형병원수":5,
            "500m이내공원수":0,
            "3km이내혐오시설수":0,
            "초등학교학업성취도":89.97,
            "중학교학업성취도":63.1,
            "용적률":156,
            "건폐율":33,
            "Y":37.3901,
            "X":126.91046,
            "rank":115.0,
            "area_info":"18평(59.67), 21평(69.51), 22평(72.88), 25평(84.6)",
            "last_sales":"2021-10-20,23500.0,22평(72.88)",
            "rank_history":[
                [
                    "202203",
                    115
                ],
                [
                    "202202",
                    83
                ],
                [
                    "202201",
                    78
                ]
            ],
            "rank_gap":-32
        },
        {
            "index":468,
            "아파트명":"오승",
            "투자타입":"재건축",
            "전용면적(m2)":"72.41",
            "전용면적(평)":"21평",
            "법정동주소":"경기도 안양시 만안구 안양동 911-46",
            "도로명주소":"경기도 안양시 만안구 양화로47번길 42",
            "세대수":0,
            "입주년차":"--",
            "용적률점수":0,
            "건폐율점수":0,
            "세대당주차수":"--",
            "난방방식":"--",
            "공급면적":50,
            "전용률":60,
            "욕실수":"--",
            "현관타입":"--",
            "주거총점":5.5,
            "지역구공급총점":100.0,
            "역세권":0,
            "30분내 이동가능 거점":0,
            "1시간내 이동가능 거점":80,
            "교통총점":16.0,
            "백화점":0,
            "아울렛몰":100,
            "대형마트":80,
            "은행":0,
            "병원":30,
            "종합병원":100,
            "공원":100,
            "혐오시설":0,
            "인프라총점":48.0,
            "초등학군":89.98,
            "중학군":48.64,
            "학군총점":56.908,
            "인구수":26.5,
            "인구증감":-3.08,
            "인구총점":17.626,
            "일자리":13.65,
            "소득수준":63.58,
            "일자리총점":28.629,
            "가치 총점":29.6362,
            "매매실거래년":20210811.0,
            "매매실거래가":25500.0,
            "전세실거래년":20210304.0,
            "전세실거래가":14000.0,
            "전세가율":54.9,
            "장기전세가율평균":70.65,
            "전세가율거품지수":15.75,
            "검색코드":10660,
            "세대수":80.0,
            "준공년월":"1988-10-25",
            "준공년차":35.0,
            "가까운역이름":"안양",
            "가까운역거리":1090.76,
            "역세권여부":"비역세권",
            "30분이내주요거점역":0,
            "30분거점역이름":"[]",
            "1시간이내주요거점역":8,
            "1시간거점역이름":"['여의도', '수원시청', '평촌', '가산디지털단지', '홍대입구', '수원', '구로디지털단지', '안산']",
            "3km이내백화점수":0,
            "5km이내아울렛몰수":2,
            "1km이내대형먀트수":1,
            "500m이내은행수":0,
            "500m이내병원수":6,
            "5km이내대형병원수":4,
            "500m이내공원수":6,
            "3km이내혐오시설수":0,
            "초등학교학업성취도":89.98,
            "중학교학업성취도":79.6,
            "용적률":0,
            "건폐율":0,
            "Y":37.397848,
            "X":126.911365,
            "rank":116.0,
            "area_info":"21평(72.41), 22평(75.96), 23평(77.22)",
            "last_sales":"2021-08-11,25500.0,21평(72.41)",
            "rank_history":[
                [
                    "202203",
                    116
                ],
                [
                    "202202",
                    9999
                ]
            ],
            "rank_gap":9999
        },
        {
            "index":560,
            "아파트명":"효성",
            "투자타입":"일반",
            "전용면적(m2)":"118.62",
            "전용면적(평)":"35평",
            "법정동주소":"경기도 안양시 만안구 안양동 976-6",
            "도로명주소":"경기도 안양시 만안구 병목안로130번길 83",
            "세대수":30,
            "입주년차":20,
            "용적률점수":"--",
            "건폐율점수":"--",
            "세대당주차수":30,
            "난방방식":30,
            "공급면적":"--",
            "전용률":"--",
            "욕실수":100,
            "현관타입":100,
            "주거총점":42.0,
            "지역구공급총점":100.0,
            "역세권":0,
            "30분내 이동가능 거점":0,
            "1시간내 이동가능 거점":40,
            "교통총점":8.0,
            "백화점":0,
            "아울렛몰":100,
            "대형마트":0,
            "은행":0,
            "병원":0,
            "종합병원":100,
            "공원":0,
            "혐오시설":0,
            "인프라총점":30.0,
            "초등학군":89.97,
            "중학군":36.48,
            "학군총점":47.178,
            "인구수":26.5,
            "인구증감":-3.08,
            "인구총점":17.626,
            "일자리":13.65,
            "소득수준":63.58,
            "일자리총점":28.629,
            "가치 총점":27.2767,
            "매매실거래년":20211105.0,
            "매매실거래가":46750.0,
            "전세실거래년":20220223.0,
            "전세실거래가":30000.0,
            "전세가율":64.17,
            "장기전세가율평균":70.65,
            "전세가율거품지수":6.48,
            "검색코드":8777,
            "세대수":350.0,
            "준공년월":"2003-07-30",
            "준공년차":20.0,
            "가까운역이름":"안양",
            "가까운역거리":1960.0,
            "역세권여부":"비역세권",
            "30분이내주요거점역":0,
            "30분거점역이름":"[]",
            "1시간이내주요거점역":4,
            "1시간거점역이름":"['평촌', '가산디지털단지', '수원', '구로디지털단지']",
            "3km이내백화점수":0,
            "5km이내아울렛몰수":2,
            "1km이내대형먀트수":0,
            "500m이내은행수":0,
            "500m이내병원수":0,
            "5km이내대형병원수":3,
            "500m이내공원수":0,
            "3km이내혐오시설수":0,
            "초등학교학업성취도":89.97,
            "중학교학업성취도":60.8,
            "용적률":162,
            "건폐율":10,
            "Y":37.393008,
            "X":126.903416,
            "rank":117.0,
            "area_info":"35평(118.62)",
            "last_sales":"2021-11-05,46750.0,35평(118.62)",
            "rank_history":[
                [
                    "202203",
                    117
                ],
                [
                    "202202",
                    86
                ],
                [
                    "202201",
                    86
                ]
            ],
            "rank_gap":-31
        },
        {
            "index":359,
            "아파트명":"수리산현대홈타운2단지",
            "투자타입":"일반",
            "전용면적(m2)":"110.88",
            "전용면적(평)":"33평",
            "법정동주소":"경기도 안양시 만안구 안양동 1062-2",
            "도로명주소":"경기도 안양시 만안구 창박로 17",
            "세대수":0,
            "입주년차":20,
            "용적률점수":"--",
            "건폐율점수":"--",
            "세대당주차수":60,
            "난방방식":30,
            "공급면적":"--",
            "전용률":"--",
            "욕실수":100,
            "현관타입":100,
            "주거총점":36.0,
            "지역구공급총점":100.0,
            "역세권":0,
            "30분내 이동가능 거점":0,
            "1시간내 이동가능 거점":40,
            "교통총점":8.0,
            "백화점":0,
            "아울렛몰":100,
            "대형마트":0,
            "은행":0,
            "병원":0,
            "종합병원":100,
            "공원":100,
            "혐오시설":0,
            "인프라총점":33.0,
            "초등학군":89.97,
            "중학군":36.48,
            "학군총점":47.178,
            "인구수":26.5,
            "인구증감":-3.08,
            "인구총점":17.626,
            "일자리":13.65,
            "소득수준":63.58,
            "일자리총점":28.629,
            "가치 총점":26.9767,
            "매매실거래년":20211018.0,
            "매매실거래가":49000.0,
            "전세실거래년":20191215.0,
            "전세실거래가":25000.0,
            "전세가율":51.02,
            "장기전세가율평균":70.65,
            "전세가율거품지수":19.63,
            "검색코드":8383,
            "세대수":140.0,
            "준공년월":"2001-11-10",
            "준공년차":22.0,
            "가까운역이름":"안양",
            "가까운역거리":2491.69,
            "역세권여부":"비역세권",
            "30분이내주요거점역":0,
            "30분거점역이름":"[]",
            "1시간이내주요거점역":4,
            "1시간거점역이름":"['평촌', '가산디지털단지', '수원', '구로디지털단지']",
            "3km이내백화점수":0,
            "5km이내아울렛몰수":2,
            "1km이내대형먀트수":0,
            "500m이내은행수":0,
            "500m이내병원수":1,
            "5km이내대형병원수":4,
            "500m이내공원수":3,
            "3km이내혐오시설수":0,
            "초등학교학업성취도":89.97,
            "중학교학업성취도":60.8,
            "용적률":299,
            "건폐율":26,
            "Y":37.38479,
            "X":126.9042,
            "rank":118.0,
            "area_info":"33평(110.88), 49평(162.89)",
            "last_sales":"2021-10-18,49000.0,33평(110.88)",
            "rank_history":[
                [
                    "202203",
                    118
                ],
                [
                    "202202",
                    85
                ],
                [
                    "202201",
                    85
                ]
            ],
            "rank_gap":-33
        },
        {
            "index":361,
            "아파트명":"수리산흥화브라운빌",
            "투자타입":"일반",
            "전용면적(m2)":"76.83",
            "전용면적(평)":"23평",
            "법정동주소":"경기도 안양시 만안구 안양동 1094-1",
            "도로명주소":"경기도 안양시 만안구 병목안로 220",
            "세대수":0,
            "입주년차":20,
            "용적률점수":"--",
            "건폐율점수":"--",
            "세대당주차수":30,
            "난방방식":30,
            "공급면적":"--",
            "전용률":"--",
            "욕실수":100,
            "현관타입":100,
            "주거총점":31.5,
            "지역구공급총점":100.0,
            "역세권":0,
            "30분내 이동가능 거점":0,
            "1시간내 이동가능 거점":40,
            "교통총점":8.0,
            "백화점":0,
            "아울렛몰":100,
            "대형마트":0,
            "은행":0,
            "병원":0,
            "종합병원":100,
            "공원":100,
            "혐오시설":0,
            "인프라총점":33.0,
            "초등학군":89.97,
            "중학군":36.48,
            "학군총점":47.178,
            "인구수":26.5,
            "인구증감":-3.08,
            "인구총점":17.626,
            "일자리":13.65,
            "소득수준":63.58,
            "일자리총점":28.629,
            "가치 총점":26.0767,
            "매매실거래년":20210223.0,
            "매매실거래가":36000.0,
            "전세실거래년":20191003.0,
            "전세실거래가":20000.0,
            "전세가율":75.47,
            "장기전세가율평균":70.65,
            "전세가율거품지수":-4.82,
            "검색코드":10271,
            "세대수":224.0,
            "준공년월":"2003-11-29",
            "준공년차":20.0,
            "가까운역이름":"안양",
            "가까운역거리":2377.66,
            "역세권여부":"비역세권",
            "30분이내주요거점역":0,
            "30분거점역이름":"[]",
            "1시간이내주요거점역":4,
            "1시간거점역이름":"['평촌', '가산디지털단지', '수원', '구로디지털단지']",
            "3km이내백화점수":0,
            "5km이내아울렛몰수":2,
            "1km이내대형먀트수":0,
            "500m이내은행수":0,
            "500m이내병원수":1,
            "5km이내대형병원수":4,
            "500m이내공원수":3,
            "3km이내혐오시설수":0,
            "초등학교학업성취도":89.97,
            "중학교학업성취도":60.8,
            "용적률":313,
            "건폐율":30,
            "Y":37.38489,
            "X":126.90607,
            "rank":119.0,
            "area_info":"23평(76.83), 30평(101.04), 30평(101.45), 30평(101.54), 32평(107.09), 32평(107.33), 32평(107.21), 32평(107.43), 32평(107.58), 32평(107.97), 32평(108.21), 32평(108.21)",
            "last_sales":"2021-02-23,36000.0,32평(107.97)",
            "rank_history":[
                [
                    "202203",
                    119
                ],
                [
                    "202202",
                    87
                ],
                [
                    "202201",
                    87
                ]
            ],
            "rank_gap":-32
        },
        {
            "index":521,
            "아파트명":"주공(율목주공)",
            "투자타입":"일반",
            "전용면적(m2)":"66.52",
            "전용면적(평)":"20평",
            "법정동주소":"경기도 안양시 만안구 안양동 969-1",
            "도로명주소":"경기도 안양시 만안구 병목안로110번길 12",
            "세대수":30,
            "입주년차":20,
            "용적률점수":"--",
            "건폐율점수":"--",
            "세대당주차수":0,
            "난방방식":30,
            "공급면적":"--",
            "전용률":"--",
            "욕실수":50,
            "현관타입":10,
            "주거총점":23.5,
            "지역구공급총점":100.0,
            "역세권":0,
            "30분내 이동가능 거점":0,
            "1시간내 이동가능 거점":50,
            "교통총점":10.0,
            "백화점":0,
            "아울렛몰":100,
            "대형마트":0,
            "은행":0,
            "병원":30,
            "종합병원":100,
            "공원":0,
            "혐오시설":0,
            "인프라총점":33.0,
            "초등학군":89.98,
            "중학군":39.66,
            "학군총점":49.724,
            "인구수":26.5,
            "인구증감":-3.08,
            "인구총점":17.626,
            "일자리":13.65,
            "소득수준":63.58,
            "일자리총점":28.629,
            "가치 총점":25.5586,
            "매매실거래년":20211127.0,
            "매매실거래가":33400.0,
            "전세실거래년":20211028.0,
            "전세실거래가":19000.0,
            "전세가율":56.89,
            "장기전세가율평균":70.65,
            "전세가율거품지수":13.76,
            "검색코드":8584,
            "세대수":339.0,
            "준공년월":"2000-06-30",
            "준공년차":23.0,
            "가까운역이름":"안양",
            "가까운역거리":1378.24,
            "역세권여부":"비역세권",
            "30분이내주요거점역":0,
            "30분거점역이름":"[]",
            "1시간이내주요거점역":5,
            "1시간거점역이름":"['수원시청', '평촌', '가산디지털단지', '수원', '구로디지털단지']",
            "3km이내백화점수":0,
            "5km이내아울렛몰수":2,
            "1km이내대형먀트수":0,
            "500m이내은행수":0,
            "500m이내병원수":8,
            "5km이내대형병원수":4,
            "500m이내공원수":0,
            "3km이내혐오시설수":0,
            "초등학교학업성취도":89.98,
            "중학교학업성취도":63.1,
            "용적률":204,
            "건폐율":16,
            "Y":37.394278,
            "X":126.910219,
            "rank":120.0,
            "area_info":"20평(66.52), 24평(79.91), 34평(113.21), 34평(113.33)",
            "last_sales":"2021-11-27,33400.0,20평(66.52)",
            "rank_history":[
                [
                    "202203",
                    120
                ],
                [
                    "202202",
                    89
                ],
                [
                    "202201",
                    89
                ]
            ],
            "rank_gap":-31
        },
        {
            "index":476,
            "아파트명":"우성3차",
            "투자타입":"일반",
            "전용면적(m2)":"69.5",
            "전용면적(평)":"21평",
            "법정동주소":"경기도 안양시 만안구 안양동 730-6",
            "도로명주소":"경기도 안양시 만안구 능곡로 50",
            "세대수":0,
            "입주년차":0,
            "용적률점수":"--",
            "건폐율점수":"--",
            "세대당주차수":30,
            "난방방식":30,
            "공급면적":"--",
            "전용률":"--",
            "욕실수":50,
            "현관타입":100,
            "주거총점":22.5,
            "지역구공급총점":100.0,
            "역세권":0,
            "30분내 이동가능 거점":0,
            "1시간내 이동가능 거점":60,
            "교통총점":12.0,
            "백화점":0,
            "아울렛몰":100,
            "대형마트":0,
            "은행":0,
            "병원":10,
            "종합병원":100,
            "공원":0,
            "혐오시설":0,
            "인프라총점":31.0,
            "초등학군":89.97,
            "중학군":39.66,
            "학군총점":49.722,
            "인구수":26.5,
            "인구증감":-3.08,
            "인구총점":17.626,
            "일자리":13.65,
            "소득수준":63.58,
            "일자리총점":28.629,
            "가치 총점":25.4583,
            "매매실거래년":20211113.0,
            "매매실거래가":28300.0,
            "전세실거래년":20211015.0,
            "전세실거래가":23000.0,
            "전세가율":81.27,
            "장기전세가율평균":70.65,
            "전세가율거품지수":-10.62,
            "검색코드":8128,
            "세대수":71.0,
            "준공년월":"1997-05-30",
            "준공년차":26.0,
            "가까운역이름":"안양",
            "가까운역거리":1514.62,
            "역세권여부":"비역세권",
            "30분이내주요거점역":0,
            "30분거점역이름":"[]",
            "1시간이내주요거점역":6,
            "1시간거점역이름":"['여의도', '수원시청', '평촌', '가산디지털단지', '수원', '구로디지털단지']",
            "3km이내백화점수":0,
            "5km이내아울렛몰수":2,
            "1km이내대형먀트수":0,
            "500m이내은행수":0,
            "500m이내병원수":4,
            "5km이내대형병원수":5,
            "500m이내공원수":0,
            "3km이내혐오시설수":0,
            "초등학교학업성취도":89.97,
            "중학교학업성취도":63.1,
            "용적률":155,
            "건폐율":30,
            "Y":37.39022,
            "X":126.91347,
            "rank":121.0,
            "area_info":"21평(69.5), 29평(98.52), 47평(155.46)",
            "last_sales":"2021-11-13,28300.0,21평(69.5)",
            "rank_history":[
                [
                    "202203",
                    121
                ],
                [
                    "202202",
                    9999
                ]
            ],
            "rank_gap":9999
        },
        {
            "index":356,
            "아파트명":"수리산현대홈타운1단지",
            "투자타입":"일반",
            "전용면적(m2)":"85.8",
            "전용면적(평)":"25평",
            "법정동주소":"경기도 안양시 만안구 안양동 1060",
            "도로명주소":"경기도 안양시 만안구 창박로 30",
            "세대수":0,
            "입주년차":20,
            "용적률점수":"--",
            "건폐율점수":"--",
            "세대당주차수":30,
            "난방방식":30,
            "공급면적":"--",
            "전용률":"--",
            "욕실수":50,
            "현관타입":100,
            "주거총점":26.5,
            "지역구공급총점":100.0,
            "역세권":0,
            "30분내 이동가능 거점":0,
            "1시간내 이동가능 거점":40,
            "교통총점":8.0,
            "백화점":0,
            "아울렛몰":100,
            "대형마트":0,
            "은행":0,
            "병원":0,
            "종합병원":100,
            "공원":100,
            "혐오시설":0,
            "인프라총점":33.0,
            "초등학군":89.97,
            "중학군":36.48,
            "학군총점":47.178,
            "인구수":26.5,
            "인구증감":-3.08,
            "인구총점":17.626,
            "일자리":13.65,
            "소득수준":63.58,
            "일자리총점":28.629,
            "가치 총점":25.0767,
            "매매실거래년":20211215.0,
            "매매실거래가":44500.0,
            "전세실거래년":20220215.0,
            "전세실거래가":29700.0,
            "전세가율":87.35,
            "장기전세가율평균":70.65,
            "전세가율거품지수":-16.7,
            "검색코드":100342,
            "세대수":216.0,
            "준공년월":"2001-11-12",
            "준공년차":22.0,
            "가까운역이름":"안양",
            "가까운역거리":2491.17,
            "역세권여부":"비역세권",
            "30분이내주요거점역":0,
            "30분거점역이름":"[]",
            "1시간이내주요거점역":4,
            "1시간거점역이름":"['평촌', '가산디지털단지', '수원', '구로디지털단지']",
            "3km이내백화점수":0,
            "5km이내아울렛몰수":2,
            "1km이내대형먀트수":0,
            "500m이내은행수":0,
            "500m이내병원수":1,
            "5km이내대형병원수":4,
            "500m이내공원수":3,
            "3km이내혐오시설수":0,
            "초등학교학업성취도":89.97,
            "중학교학업성취도":60.8,
            "용적률":243,
            "건폐율":19,
            "Y":37.385429,
            "X":126.903324,
            "rank":122.0,
            "area_info":"25평(85.8), 25평(85.47), 34평(114.32)",
            "last_sales":"2021-12-15,44500.0,34평(114.32)",
            "rank_history":[
                [
                    "202203",
                    122
                ],
                [
                    "202202",
                    88
                ],
                [
                    "202201",
                    88
                ]
            ],
            "rank_gap":-34
        },
        {
            "index":533,
            "아파트명":"청호",
            "투자타입":"재건축",
            "전용면적(m2)":"105.1",
            "전용면적(평)":"31평",
            "법정동주소":"경기도 안양시 만안구 안양동 734-1",
            "도로명주소":"경기도 안양시 만안구 능곡로36번길 17",
            "세대수":0,
            "입주년차":"--",
            "용적률점수":0,
            "건폐율점수":0,
            "세대당주차수":"--",
            "난방방식":"--",
            "공급면적":90,
            "전용률":80,
            "욕실수":"--",
            "현관타입":"--",
            "주거총점":8.5,
            "지역구공급총점":100.0,
            "역세권":0,
            "30분내 이동가능 거점":0,
            "1시간내 이동가능 거점":80,
            "교통총점":16.0,
            "백화점":0,
            "아울렛몰":100,
            "대형마트":0,
            "은행":0,
            "병원":30,
            "종합병원":100,
            "공원":0,
            "혐오시설":0,
            "인프라총점":33.0,
            "초등학군":89.97,
            "중학군":39.66,
            "학군총점":49.722,
            "인구수":26.5,
            "인구증감":-3.08,
            "인구총점":17.626,
            "일자리":13.65,
            "소득수준":63.58,
            "일자리총점":28.629,
            "가치 총점":24.6583,
            "매매실거래년":20210909.0,
            "매매실거래가":34700.0,
            "전세실거래년":20211220.0,
            "전세실거래가":20000.0,
            "전세가율":57.64,
            "장기전세가율평균":70.65,
            "전세가율거품지수":13.01,
            "검색코드":10910,
            "세대수":72.0,
            "준공년월":"1991-02-25",
            "준공년차":32.0,
            "가까운역이름":"안양",
            "가까운역거리":1457.62,
            "역세권여부":"비역세권",
            "30분이내주요거점역":0,
            "30분거점역이름":"[]",
            "1시간이내주요거점역":8,
            "1시간거점역이름":"['여의도', '수원시청', '평촌', '가산디지털단지', '홍대입구', '수원', '구로디지털단지', '안산']",
            "3km이내백화점수":0,
            "5km이내아울렛몰수":2,
            "1km이내대형먀트수":0,
            "500m이내은행수":0,
            "500m이내병원수":8,
            "5km이내대형병원수":5,
            "500m이내공원수":0,
            "3km이내혐오시설수":0,
            "초등학교학업성취도":89.97,
            "중학교학업성취도":63.1,
            "용적률":0,
            "건폐율":0,
            "Y":37.39112,
            "X":126.91296,
            "rank":123.0,
            "area_info":"31평(105.1)",
            "last_sales":"2021-09-09,34700.0,31평(105.1)",
            "rank_history":[
                [
                    "202203",
                    123
                ],
                [
                    "202202",
                    9999
                ]
            ],
            "rank_gap":9999
        },
        {
            "index":399,
            "아파트명":"안양금용",
            "투자타입":"일반",
            "전용면적(m2)":"76.31",
            "전용면적(평)":"23평",
            "법정동주소":"경기도 안양시 만안구 안양동 1038-3",
            "도로명주소":"경기도 안양시 만안구 병목안로 179",
            "세대수":0,
            "입주년차":0,
            "용적률점수":"--",
            "건폐율점수":"--",
            "세대당주차수":0,
            "난방방식":30,
            "공급면적":"--",
            "전용률":"--",
            "욕실수":50,
            "현관타입":100,
            "주거총점":18.0,
            "지역구공급총점":100.0,
            "역세권":0,
            "30분내 이동가능 거점":0,
            "1시간내 이동가능 거점":50,
            "교통총점":10.0,
            "백화점":0,
            "아울렛몰":100,
            "대형마트":0,
            "은행":0,
            "병원":10,
            "종합병원":100,
            "공원":100,
            "혐오시설":0,
            "인프라총점":34.0,
            "초등학군":89.97,
            "중학군":36.48,
            "학군총점":47.178,
            "인구수":26.5,
            "인구증감":-3.08,
            "인구총점":17.626,
            "일자리":13.65,
            "소득수준":63.58,
            "일자리총점":28.629,
            "가치 총점":24.3767,
            "매매실거래년":20211020.0,
            "매매실거래가":34500.0,
            "전세실거래년":20210427.0,
            "전세실거래가":24000.0,
            "전세가율":66.67,
            "장기전세가율평균":70.65,
            "전세가율거품지수":3.98,
            "검색코드":2802,
            "세대수":159.0,
            "준공년월":"1997-11-29",
            "준공년차":26.0,
            "가까운역이름":"안양",
            "가까운역거리":1929.87,
            "역세권여부":"비역세권",
            "30분이내주요거점역":0,
            "30분거점역이름":"[]",
            "1시간이내주요거점역":5,
            "1시간거점역이름":"['수원시청', '평촌', '가산디지털단지', '수원', '구로디지털단지']",
            "3km이내백화점수":0,
            "5km이내아울렛몰수":2,
            "1km이내대형먀트수":0,
            "500m이내은행수":0,
            "500m이내병원수":2,
            "5km이내대형병원수":5,
            "500m이내공원수":2,
            "3km이내혐오시설수":0,
            "초등학교학업성취도":89.97,
            "중학교학업성취도":60.8,
            "용적률":471,
            "건폐율":42,
            "Y":37.38807,
            "X":126.90918,
            "rank":124.0,
            "area_info":"23평(76.31), 32평(107.97)",
            "last_sales":"2021-10-20,34500.0,32평(107.97)",
            "rank_history":[
                [
                    "202203",
                    124
                ],
                [
                    "202202",
                    90
                ],
                [
                    "202201",
                    90
                ]
            ],
            "rank_gap":-34
        }
    ]
}