{
    "schema":{
        "fields":[
            {
                "name":"index",
                "type":"integer"
            },
            {
                "name":"아파트명",
                "type":"string"
            },
            {
                "name":"투자타입",
                "type":"string"
            },
            {
                "name":"전용면적(m2)",
                "type":"string"
            },
            {
                "name":"전용면적(평)",
                "type":"string"
            },
            {
                "name":"법정동주소",
                "type":"string"
            },
            {
                "name":"도로명주소",
                "type":"string"
            },
            {
                "name":"세대수",
                "type":"integer"
            },
            {
                "name":"입주년차",
                "type":"string"
            },
            {
                "name":"용적률점수",
                "type":"string"
            },
            {
                "name":"건폐율점수",
                "type":"string"
            },
            {
                "name":"세대당주차수",
                "type":"string"
            },
            {
                "name":"난방방식",
                "type":"string"
            },
            {
                "name":"공급면적",
                "type":"string"
            },
            {
                "name":"전용률",
                "type":"string"
            },
            {
                "name":"욕실수",
                "type":"string"
            },
            {
                "name":"현관타입",
                "type":"string"
            },
            {
                "name":"주거총점",
                "type":"number"
            },
            {
                "name":"지역구공급총점",
                "type":"number"
            },
            {
                "name":"역세권",
                "type":"integer"
            },
            {
                "name":"30분내 이동가능 거점",
                "type":"integer"
            },
            {
                "name":"1시간내 이동가능 거점",
                "type":"integer"
            },
            {
                "name":"교통총점",
                "type":"number"
            },
            {
                "name":"백화점",
                "type":"integer"
            },
            {
                "name":"아울렛몰",
                "type":"integer"
            },
            {
                "name":"대형마트",
                "type":"integer"
            },
            {
                "name":"은행",
                "type":"integer"
            },
            {
                "name":"병원",
                "type":"integer"
            },
            {
                "name":"종합병원",
                "type":"integer"
            },
            {
                "name":"공원",
                "type":"integer"
            },
            {
                "name":"혐오시설",
                "type":"integer"
            },
            {
                "name":"인프라총점",
                "type":"number"
            },
            {
                "name":"초등학군",
                "type":"number"
            },
            {
                "name":"중학군",
                "type":"number"
            },
            {
                "name":"학군총점",
                "type":"number"
            },
            {
                "name":"인구수",
                "type":"number"
            },
            {
                "name":"인구증감",
                "type":"number"
            },
            {
                "name":"인구총점",
                "type":"number"
            },
            {
                "name":"일자리",
                "type":"number"
            },
            {
                "name":"소득수준",
                "type":"number"
            },
            {
                "name":"일자리총점",
                "type":"number"
            },
            {
                "name":"가치 총점",
                "type":"number"
            },
            {
                "name":"매매실거래년",
                "type":"string"
            },
            {
                "name":"매매실거래가",
                "type":"number"
            },
            {
                "name":"전세실거래년",
                "type":"number"
            },
            {
                "name":"전세실거래가",
                "type":"number"
            },
            {
                "name":"전세가율",
                "type":"number"
            },
            {
                "name":"장기전세가율평균",
                "type":"number"
            },
            {
                "name":"전세가율거품지수",
                "type":"number"
            },
            {
                "name":"검색코드",
                "type":"integer"
            },
            {
                "name":"세대수",
                "type":"number"
            },
            {
                "name":"준공년월",
                "type":"string"
            },
            {
                "name":"준공년차",
                "type":"number"
            },
            {
                "name":"가까운역이름",
                "type":"string"
            },
            {
                "name":"가까운역거리",
                "type":"number"
            },
            {
                "name":"역세권여부",
                "type":"string"
            },
            {
                "name":"30분이내주요거점역",
                "type":"integer"
            },
            {
                "name":"30분거점역이름",
                "type":"string"
            },
            {
                "name":"1시간이내주요거점역",
                "type":"integer"
            },
            {
                "name":"1시간거점역이름",
                "type":"string"
            },
            {
                "name":"3km이내백화점수",
                "type":"integer"
            },
            {
                "name":"5km이내아울렛몰수",
                "type":"integer"
            },
            {
                "name":"1km이내대형먀트수",
                "type":"integer"
            },
            {
                "name":"500m이내은행수",
                "type":"integer"
            },
            {
                "name":"500m이내병원수",
                "type":"integer"
            },
            {
                "name":"5km이내대형병원수",
                "type":"integer"
            },
            {
                "name":"500m이내공원수",
                "type":"integer"
            },
            {
                "name":"3km이내혐오시설수",
                "type":"integer"
            },
            {
                "name":"초등학교학업성취도",
                "type":"number"
            },
            {
                "name":"중학교학업성취도",
                "type":"number"
            },
            {
                "name":"용적률",
                "type":"integer"
            },
            {
                "name":"건폐율",
                "type":"integer"
            },
            {
                "name":"Y",
                "type":"number"
            },
            {
                "name":"X",
                "type":"number"
            },
            {
                "name":"rank",
                "type":"number"
            },
            {
                "name":"area_info",
                "type":"string"
            },
            {
                "name":"last_sales",
                "type":"string"
            },
            {
                "name":"rank_history",
                "type":"string"
            },
            {
                "name":"rank_gap",
                "type":"integer"
            }
        ],
        "primaryKey":[
            "index"
        ],
        "pandas_version":"1.4.0"
    },
    "data":[
        {
            "index":230,
            "아파트명":"안산현대1차",
            "투자타입":"재건축",
            "전용면적(m2)":"48.38",
            "전용면적(평)":"14평",
            "법정동주소":"경기도 안산시 상록구 성포동 592-2",
            "도로명주소":"경기도 안산시 상록구 성포로 31",
            "세대수":50,
            "입주년차":"--",
            "용적률점수":100,
            "건폐율점수":80,
            "세대당주차수":"--",
            "난방방식":"--",
            "공급면적":50,
            "전용률":60,
            "욕실수":"--",
            "현관타입":"--",
            "주거총점":76.5,
            "지역구공급총점":100.0,
            "역세권":80,
            "30분내 이동가능 거점":20,
            "1시간내 이동가능 거점":50,
            "교통총점":56.0,
            "백화점":100,
            "아울렛몰":0,
            "대형마트":100,
            "은행":0,
            "병원":60,
            "종합병원":100,
            "공원":100,
            "혐오시설":0,
            "인프라총점":74.0,
            "초등학군":89.98,
            "중학군":47.44,
            "학군총점":55.948,
            "인구수":41.02,
            "인구증감":-2.34,
            "인구총점":28.012,
            "일자리":24.96,
            "소득수준":62.84,
            "일자리총점":36.324,
            "가치 총점":65.4922,
            "매매실거래년":20220222.0,
            "매매실거래가":34500.0,
            "전세실거래년":20220122.0,
            "전세실거래가":13000.0,
            "전세가율":37.68,
            "장기전세가율평균":70.56,
            "전세가율거품지수":32.88,
            "검색코드":1960,
            "세대수":570.0,
            "준공년월":"1989-03-25",
            "준공년차":34.0,
            "가까운역이름":"성포 (2024년 예정)",
            "가까운역거리":378.54,
            "역세권여부":"역세권",
            "30분이내주요거점역":1,
            "30분거점역이름":"['안산']",
            "1시간이내주요거점역":5,
            "1시간거점역이름":"['송도', '수원시청', '평촌', '수원', '안산']",
            "3km이내백화점수":1,
            "5km이내아울렛몰수":0,
            "1km이내대형먀트수":2,
            "500m이내은행수":1,
            "500m이내병원수":29,
            "5km이내대형병원수":4,
            "500m이내공원수":2,
            "3km이내혐오시설수":0,
            "초등학교학업성취도":89.98,
            "중학교학업성취도":78.6,
            "용적률":124,
            "건폐율":28,
            "Y":37.324541,
            "X":126.845233,
            "rank":1.0,
            "area_info":"14평(48.38), 15평(51.19), 16평(54.63), 16평(54.0)",
            "last_sales":"2022-02-22,34500.0,14평(48.38)",
            "rank_history":[
                [
                    "202203",
                    1
                ],
                [
                    "202202",
                    13
                ],
                [
                    "202201",
                    14
                ]
            ],
            "rank_gap":12
        },
        {
            "index":203,
            "아파트명":"선경",
            "투자타입":"재건축",
            "전용면적(m2)":"78.18",
            "전용면적(평)":"23평",
            "법정동주소":"경기도 안산시 상록구 성포동 592",
            "도로명주소":"경기도 안산시 상록구 예술광장1로 131",
            "세대수":100,
            "입주년차":"--",
            "용적률점수":20,
            "건폐율점수":100,
            "세대당주차수":"--",
            "난방방식":"--",
            "공급면적":50,
            "전용률":80,
            "욕실수":"--",
            "현관타입":"--",
            "주거총점":64.5,
            "지역구공급총점":100.0,
            "역세권":80,
            "30분내 이동가능 거점":20,
            "1시간내 이동가능 거점":60,
            "교통총점":58.0,
            "백화점":100,
            "아울렛몰":0,
            "대형마트":100,
            "은행":20,
            "병원":60,
            "종합병원":100,
            "공원":80,
            "혐오시설":0,
            "인프라총점":75.4,
            "초등학군":90.02,
            "중학군":47.44,
            "학군총점":55.956,
            "인구수":41.02,
            "인구증감":-2.34,
            "인구총점":28.012,
            "일자리":24.96,
            "소득수준":62.84,
            "일자리총점":36.324,
            "가치 총점":64.2134,
            "매매실거래년":20220128.0,
            "매매실거래가":63000.0,
            "전세실거래년":20220115.0,
            "전세실거래가":15750.0,
            "전세가율":41.02,
            "장기전세가율평균":70.56,
            "전세가율거품지수":29.54,
            "검색코드":1953,
            "세대수":1768.0,
            "준공년월":"1990-12-27",
            "준공년차":33.0,
            "가까운역이름":"성포 (2024년 예정)",
            "가까운역거리":328.4,
            "역세권여부":"역세권",
            "30분이내주요거점역":1,
            "30분거점역이름":"['안산']",
            "1시간이내주요거점역":6,
            "1시간거점역이름":"['송도', '수원시청', '평촌', '수원', '구로디지털단지', '안산']",
            "3km이내백화점수":1,
            "5km이내아울렛몰수":0,
            "1km이내대형먀트수":2,
            "500m이내은행수":2,
            "500m이내병원수":22,
            "5km이내대형병원수":4,
            "500m이내공원수":1,
            "3km이내혐오시설수":0,
            "초등학교학업성취도":90.02,
            "중학교학업성취도":78.6,
            "용적률":217,
            "건폐율":17,
            "Y":37.325527,
            "X":126.843785,
            "rank":2.0,
            "area_info":"23평(78.18), 23평(78.16), 27평(91.83), 31평(103.37), 31평(104.57), 46평(152.93), 49평(163.14), 55평(184.88)",
            "last_sales":"2022-01-28,63000.0,46평(152.93)",
            "rank_history":[
                [
                    "202203",
                    2
                ],
                [
                    "202202",
                    18
                ],
                [
                    "202201",
                    15
                ]
            ],
            "rank_gap":16
        },
        {
            "index":253,
            "아파트명":"주공4단지",
            "투자타입":"재건축",
            "전용면적(m2)":"101.5",
            "전용면적(평)":"30평",
            "법정동주소":"경기도 안산시 상록구 성포동 588",
            "도로명주소":"경기도 안산시 상록구 화랑로 510",
            "세대수":80,
            "입주년차":"--",
            "용적률점수":80,
            "건폐율점수":100,
            "세대당주차수":"--",
            "난방방식":"--",
            "공급면적":90,
            "전용률":60,
            "욕실수":"--",
            "현관타입":"--",
            "주거총점":83.5,
            "지역구공급총점":100.0,
            "역세권":50,
            "30분내 이동가능 거점":20,
            "1시간내 이동가능 거점":60,
            "교통총점":43.0,
            "백화점":100,
            "아울렛몰":0,
            "대형마트":100,
            "은행":0,
            "병원":60,
            "종합병원":100,
            "공원":100,
            "혐오시설":0,
            "인프라총점":74.0,
            "초등학군":90.02,
            "중학군":47.44,
            "학군총점":55.956,
            "인구수":41.02,
            "인구증감":-2.34,
            "인구총점":28.012,
            "일자리":24.96,
            "소득수준":62.84,
            "일자리총점":36.324,
            "가치 총점":62.3434,
            "매매실거래년":20211129.0,
            "매매실거래가":61500.0,
            "전세실거래년":20220225.0,
            "전세실거래가":18900.0,
            "전세가율":30.73,
            "장기전세가율평균":70.56,
            "전세가율거품지수":39.83,
            "검색코드":1959,
            "세대수":780.0,
            "준공년월":"1984-03-23",
            "준공년차":39.0,
            "가까운역이름":"성포 (2024년 예정)",
            "가까운역거리":953.0,
            "역세권여부":"준역세권",
            "30분이내주요거점역":1,
            "30분거점역이름":"['안산']",
            "1시간이내주요거점역":6,
            "1시간거점역이름":"['송도', '수원시청', '평촌', '가산디지털단지', '수원', '안산']",
            "3km이내백화점수":1,
            "5km이내아울렛몰수":0,
            "1km이내대형먀트수":2,
            "500m이내은행수":1,
            "500m이내병원수":15,
            "5km이내대형병원수":4,
            "500m이내공원수":3,
            "3km이내혐오시설수":0,
            "초등학교학업성취도":90.02,
            "중학교학업성취도":78.6,
            "용적률":165,
            "건폐율":14,
            "Y":37.31953,
            "X":126.84363,
            "rank":3.0,
            "area_info":"30평(101.5), 30평(101.93), 31평(104.93), 34평(113.78)",
            "last_sales":"2021-11-29,61500.0,30평(101.5)",
            "rank_history":[
                [
                    "202203",
                    3
                ],
                [
                    "202202",
                    1
                ],
                [
                    "202201",
                    1
                ]
            ],
            "rank_gap":-2
        },
        {
            "index":223,
            "아파트명":"안산파크푸르지오",
            "투자타입":"일반",
            "전용면적(m2)":"83.17",
            "전용면적(평)":"25평",
            "법정동주소":"경기도 안산시 상록구 성포동 747",
            "도로명주소":"경기도 안산시 상록구 화랑로 534",
            "세대수":90,
            "입주년차":80,
            "용적률점수":"--",
            "건폐율점수":"--",
            "세대당주차수":60,
            "난방방식":100,
            "공급면적":"--",
            "전용률":"--",
            "욕실수":100,
            "현관타입":100,
            "주거총점":86.5,
            "지역구공급총점":100.0,
            "역세권":50,
            "30분내 이동가능 거점":20,
            "1시간내 이동가능 거점":50,
            "교통총점":41.0,
            "백화점":100,
            "아울렛몰":0,
            "대형마트":100,
            "은행":0,
            "병원":60,
            "종합병원":100,
            "공원":100,
            "혐오시설":0,
            "인프라총점":74.0,
            "초등학군":89.98,
            "중학군":47.44,
            "학군총점":55.948,
            "인구수":41.02,
            "인구증감":-2.34,
            "인구총점":28.012,
            "일자리":24.96,
            "소득수준":62.84,
            "일자리총점":36.324,
            "가치 총점":62.2422,
            "매매실거래년":20211113.0,
            "매매실거래가":67500.0,
            "전세실거래년":20211023.0,
            "전세실거래가":47000.0,
            "전세가율":69.63,
            "장기전세가율평균":70.56,
            "전세가율거품지수":0.93,
            "검색코드":112013,
            "세대수":1129.0,
            "준공년월":"2018-09-21",
            "준공년차":5.0,
            "가까운역이름":"성포 (2024년 예정)",
            "가까운역거리":943.18,
            "역세권여부":"준역세권",
            "30분이내주요거점역":1,
            "30분거점역이름":"['안산']",
            "1시간이내주요거점역":5,
            "1시간거점역이름":"['송도', '수원시청', '평촌', '수원', '안산']",
            "3km이내백화점수":1,
            "5km이내아울렛몰수":0,
            "1km이내대형먀트수":2,
            "500m이내은행수":1,
            "500m이내병원수":14,
            "5km이내대형병원수":4,
            "500m이내공원수":2,
            "3km이내혐오시설수":0,
            "초등학교학업성취도":89.98,
            "중학교학업성취도":78.6,
            "용적률":258,
            "건폐율":14,
            "Y":37.319475,
            "X":126.847379,
            "rank":4.0,
            "area_info":"25평(83.17), 30평(102.46), 34평(114.84), 35평(115.77), 35평(115.95), 35평(116.23), 41평(138.8)",
            "last_sales":"2021-11-13,67500.0,25평(83.17)",
            "rank_history":[
                [
                    "202203",
                    4
                ],
                [
                    "202202",
                    3
                ],
                [
                    "202201",
                    3
                ]
            ],
            "rank_gap":-1
        },
        {
            "index":96,
            "아파트명":"늘푸른",
            "투자타입":"일반",
            "전용면적(m2)":"92.67",
            "전용면적(평)":"28평",
            "법정동주소":"경기도 안산시 상록구 사동 1533",
            "도로명주소":"경기도 안산시 상록구 중보로 22",
            "세대수":50,
            "입주년차":20,
            "용적률점수":"--",
            "건폐율점수":"--",
            "세대당주차수":60,
            "난방방식":100,
            "공급면적":"--",
            "전용률":"--",
            "욕실수":100,
            "현관타입":100,
            "주거총점":60.5,
            "지역구공급총점":100.0,
            "역세권":80,
            "30분내 이동가능 거점":40,
            "1시간내 이동가능 거점":80,
            "교통총점":68.0,
            "백화점":100,
            "아울렛몰":0,
            "대형마트":0,
            "은행":0,
            "병원":60,
            "종합병원":100,
            "공원":100,
            "혐오시설":0,
            "인프라총점":59.0,
            "초등학군":89.98,
            "중학군":41.82,
            "학군총점":51.452,
            "인구수":41.02,
            "인구증감":-2.34,
            "인구총점":28.012,
            "일자리":24.96,
            "소득수준":62.84,
            "일자리총점":36.324,
            "가치 총점":61.3178,
            "매매실거래년":20211218.0,
            "매매실거래가":52400.0,
            "전세실거래년":20210818.0,
            "전세실거래가":26000.0,
            "전세가율":49.62,
            "장기전세가율평균":70.56,
            "전세가율거품지수":20.94,
            "검색코드":8393,
            "세대수":674.0,
            "준공년월":"1999-11-19",
            "준공년차":24.0,
            "가까운역이름":"한대앞",
            "가까운역거리":452.31,
            "역세권여부":"역세권",
            "30분이내주요거점역":2,
            "30분거점역이름":"['수원', '안산']",
            "1시간이내주요거점역":8,
            "1시간거점역이름":"['강남', '송도', '수원시청', '평촌', '가산디지털단지', '수원', '안산', 'GTX용인(2023년)']",
            "3km이내백화점수":1,
            "5km이내아울렛몰수":0,
            "1km이내대형먀트수":0,
            "500m이내은행수":0,
            "500m이내병원수":23,
            "5km이내대형병원수":4,
            "500m이내공원수":6,
            "3km이내혐오시설수":0,
            "초등학교학업성취도":89.98,
            "중학교학업성취도":69.7,
            "용적률":184,
            "건폐율":19,
            "Y":37.306002,
            "X":126.851269,
            "rank":5.0,
            "area_info":"28평(92.67), 33평(111.38), 39평(130.48), 45평(151.51), 54평(179.3)",
            "last_sales":"2021-12-18,52400.0,28평(92.67)",
            "rank_history":[
                [
                    "202203",
                    5
                ],
                [
                    "202202",
                    4
                ],
                [
                    "202201",
                    4
                ]
            ],
            "rank_gap":-1
        },
        {
            "index":39,
            "아파트명":"월드",
            "투자타입":"재건축",
            "전용면적(m2)":"50.49",
            "전용면적(평)":"15평",
            "법정동주소":"경기도 안산시 상록구 본오동 872",
            "도로명주소":"경기도 안산시 상록구 본삼로 48",
            "세대수":90,
            "입주년차":"--",
            "용적률점수":100,
            "건폐율점수":0,
            "세대당주차수":"--",
            "난방방식":"--",
            "공급면적":50,
            "전용률":60,
            "욕실수":"--",
            "현관타입":"--",
            "주거총점":72.5,
            "지역구공급총점":100.0,
            "역세권":80,
            "30분내 이동가능 거점":40,
            "1시간내 이동가능 거점":70,
            "교통총점":66.0,
            "백화점":0,
            "아울렛몰":0,
            "대형마트":80,
            "은행":70,
            "병원":100,
            "종합병원":100,
            "공원":100,
            "혐오시설":0,
            "인프라총점":52.0,
            "초등학군":90.0,
            "중학군":42.22,
            "학군총점":51.776,
            "인구수":41.02,
            "인구증감":-2.34,
            "인구총점":28.012,
            "일자리":24.96,
            "소득수준":62.84,
            "일자리총점":36.324,
            "가치 총점":60.9664,
            "매매실거래년":20211206.0,
            "매매실거래가":45500.0,
            "전세실거래년":20211030.0,
            "전세실거래가":15000.0,
            "전세가율":39.47,
            "장기전세가율평균":70.56,
            "전세가율거품지수":31.09,
            "검색코드":1927,
            "세대수":1070.0,
            "준공년월":"1988-12-17",
            "준공년차":35.0,
            "가까운역이름":"상록수",
            "가까운역거리":365.94,
            "역세권여부":"역세권",
            "30분이내주요거점역":2,
            "30분거점역이름":"['평촌', '안산']",
            "1시간이내주요거점역":7,
            "1시간거점역이름":"['강남', '양재', '수원시청', '평촌', '가산디지털단지', '수원', '안산']",
            "3km이내백화점수":0,
            "5km이내아울렛몰수":0,
            "1km이내대형먀트수":1,
            "500m이내은행수":4,
            "500m이내병원수":76,
            "5km이내대형병원수":3,
            "500m이내공원수":3,
            "3km이내혐오시설수":0,
            "초등학교학업성취도":90.0,
            "중학교학업성취도":70.1,
            "용적률":128,
            "건폐율":0,
            "Y":37.299783,
            "X":126.865113,
            "rank":6.0,
            "area_info":"15평(50.49), 16평(53.27), 18평(60.17), 21평(71.03), 23평(78.45), 25평(84.62)",
            "last_sales":"2021-12-06,45500.0,18평(60.17)",
            "rank_history":[
                [
                    "202203",
                    6
                ],
                [
                    "202202",
                    2
                ],
                [
                    "202201",
                    2
                ]
            ],
            "rank_gap":-4
        },
        {
            "index":314,
            "아파트명":"주공1단지",
            "투자타입":"일반",
            "전용면적(m2)":"37.63",
            "전용면적(평)":"11평",
            "법정동주소":"경기도 안산시 상록구 월피동 444",
            "도로명주소":"경기도 안산시 상록구 충장로 565",
            "세대수":80,
            "입주년차":0,
            "용적률점수":"--",
            "건폐율점수":"--",
            "세대당주차수":30,
            "난방방식":80,
            "공급면적":"--",
            "전용률":"--",
            "욕실수":50,
            "현관타입":100,
            "주거총점":55.5,
            "지역구공급총점":100.0,
            "역세권":80,
            "30분내 이동가능 거점":20,
            "1시간내 이동가능 거점":30,
            "교통총점":52.0,
            "백화점":100,
            "아울렛몰":0,
            "대형마트":80,
            "은행":20,
            "병원":60,
            "종합병원":100,
            "공원":80,
            "혐오시설":0,
            "인프라총점":72.4,
            "초등학군":89.95,
            "중학군":46.72,
            "학군총점":55.366,
            "인구수":41.02,
            "인구증감":-2.34,
            "인구총점":28.012,
            "일자리":24.96,
            "소득수준":62.84,
            "일자리총점":36.324,
            "가치 총점":59.3249,
            "매매실거래년":20211011.0,
            "매매실거래가":44000.0,
            "전세실거래년":20210201.0,
            "전세실거래가":8000.0,
            "전세가율":34.78,
            "장기전세가율평균":70.56,
            "전세가율거품지수":35.78,
            "검색코드":1962,
            "세대수":860.0,
            "준공년월":"1993-05-18",
            "준공년차":30.0,
            "가까운역이름":"성포 (2024년 예정)",
            "가까운역거리":316.78,
            "역세권여부":"역세권",
            "30분이내주요거점역":1,
            "30분거점역이름":"['안산']",
            "1시간이내주요거점역":3,
            "1시간거점역이름":"['평촌', '구로디지털단지', '안산']",
            "3km이내백화점수":1,
            "5km이내아울렛몰수":0,
            "1km이내대형먀트수":1,
            "500m이내은행수":2,
            "500m이내병원수":23,
            "5km이내대형병원수":4,
            "500m이내공원수":1,
            "3km이내혐오시설수":0,
            "초등학교학업성취도":89.95,
            "중학교학업성취도":77.2,
            "용적률":129,
            "건폐율":0,
            "Y":37.32888,
            "X":126.849375,
            "rank":7.0,
            "area_info":"11평(37.63), 14평(47.43), 17평(56.88), 17평(57.31), 17평(58.07), 17평(58.77), 20평(68.77)",
            "last_sales":"2021-10-11,44000.0,20평(68.77)",
            "rank_history":[
                [
                    "202203",
                    7
                ],
                [
                    "202202",
                    31
                ],
                [
                    "202201",
                    31
                ]
            ],
            "rank_gap":24
        },
        {
            "index":322,
            "아파트명":"주공3단지",
            "투자타입":"일반",
            "전용면적(m2)":"49.61",
            "전용면적(평)":"15평",
            "법정동주소":"경기도 안산시 상록구 월피동 446",
            "도로명주소":"경기도 안산시 상록구 안산천동로1길 10",
            "세대수":50,
            "입주년차":0,
            "용적률점수":"--",
            "건폐율점수":"--",
            "세대당주차수":0,
            "난방방식":100,
            "공급면적":"--",
            "전용률":"--",
            "욕실수":50,
            "현관타입":100,
            "주거총점":42.5,
            "지역구공급총점":100.0,
            "역세권":80,
            "30분내 이동가능 거점":20,
            "1시간내 이동가능 거점":50,
            "교통총점":56.0,
            "백화점":100,
            "아울렛몰":0,
            "대형마트":80,
            "은행":20,
            "병원":80,
            "종합병원":100,
            "공원":100,
            "혐오시설":0,
            "인프라총점":75.0,
            "초등학군":90.0,
            "중학군":46.72,
            "학군총점":55.376,
            "인구수":41.02,
            "인구증감":-2.34,
            "인구총점":28.012,
            "일자리":24.96,
            "소득수준":62.84,
            "일자리총점":36.324,
            "가치 총점":58.9064,
            "매매실거래년":20211103.0,
            "매매실거래가":56000.0,
            "전세실거래년":20220204.0,
            "전세실거래가":18000.0,
            "전세가율":45.0,
            "장기전세가율평균":70.56,
            "전세가율거품지수":25.56,
            "검색코드":1964,
            "세대수":660.0,
            "준공년월":"1995-11-21",
            "준공년차":28.0,
            "가까운역이름":"성포 (2024년 예정)",
            "가까운역거리":285.15,
            "역세권여부":"역세권",
            "30분이내주요거점역":1,
            "30분거점역이름":"['안산']",
            "1시간이내주요거점역":5,
            "1시간거점역이름":"['송도', '평촌', '수원', '구로디지털단지', '안산']",
            "3km이내백화점수":1,
            "5km이내아울렛몰수":0,
            "1km이내대형먀트수":1,
            "500m이내은행수":2,
            "500m이내병원수":30,
            "5km이내대형병원수":4,
            "500m이내공원수":3,
            "3km이내혐오시설수":0,
            "초등학교학업성취도":90.0,
            "중학교학업성취도":77.2,
            "용적률":89,
            "건폐율":0,
            "Y":37.33044,
            "X":126.84633,
            "rank":8.0,
            "area_info":"15평(49.61), 18평(61.88), 18평(61.03), 21평(71.9)",
            "last_sales":"2021-11-03,56000.0,21평(71.9)",
            "rank_history":[
                [
                    "202203",
                    8
                ],
                [
                    "202202",
                    28
                ],
                [
                    "202201",
                    28
                ]
            ],
            "rank_gap":20
        },
        {
            "index":321,
            "아파트명":"주공2단지",
            "투자타입":"일반",
            "전용면적(m2)":"70.07",
            "전용면적(평)":"21평",
            "법정동주소":"경기도 안산시 상록구 월피동 446",
            "도로명주소":"경기도 안산시 상록구 안산천동로 146",
            "세대수":80,
            "입주년차":0,
            "용적률점수":"--",
            "건폐율점수":"--",
            "세대당주차수":0,
            "난방방식":80,
            "공급면적":"--",
            "전용률":"--",
            "욕실수":50,
            "현관타입":10,
            "주거총점":42.0,
            "지역구공급총점":100.0,
            "역세권":80,
            "30분내 이동가능 거점":20,
            "1시간내 이동가능 거점":50,
            "교통총점":56.0,
            "백화점":100,
            "아울렛몰":0,
            "대형마트":80,
            "은행":20,
            "병원":60,
            "종합병원":100,
            "공원":100,
            "혐오시설":0,
            "인프라총점":73.0,
            "초등학군":90.0,
            "중학군":46.72,
            "학군총점":55.376,
            "인구수":41.02,
            "인구증감":-2.34,
            "인구총점":28.012,
            "일자리":24.96,
            "소득수준":62.84,
            "일자리총점":36.324,
            "가치 총점":58.2064,
            "매매실거래년":20220104.0,
            "매매실거래가":34300.0,
            "전세실거래년":20220212.0,
            "전세실거래가":11000.0,
            "전세가율":32.07,
            "장기전세가율평균":70.56,
            "전세가율거품지수":38.49,
            "검색코드":1963,
            "세대수":870.0,
            "준공년월":"1994-06-20",
            "준공년차":29.0,
            "가까운역이름":"성포 (2024년 예정)",
            "가까운역거리":326.24,
            "역세권여부":"역세권",
            "30분이내주요거점역":1,
            "30분거점역이름":"['안산']",
            "1시간이내주요거점역":5,
            "1시간거점역이름":"['송도', '수원시청', '평촌', '수원', '안산']",
            "3km이내백화점수":1,
            "5km이내아울렛몰수":0,
            "1km이내대형먀트수":1,
            "500m이내은행수":2,
            "500m이내병원수":25,
            "5km이내대형병원수":4,
            "500m이내공원수":2,
            "3km이내혐오시설수":0,
            "초등학교학업성취도":90.0,
            "중학교학업성취도":77.2,
            "용적률":185,
            "건폐율":15,
            "Y":37.329957,
            "X":126.843401,
            "rank":9.0,
            "area_info":"21평(70.07)",
            "last_sales":"2022-01-04,34300.0,21평(70.07)",
            "rank_history":[
                [
                    "202203",
                    9
                ],
                [
                    "202202",
                    30
                ],
                [
                    "202201",
                    29
                ]
            ],
            "rank_gap":21
        },
        {
            "index":243,
            "아파트명":"주공10단지",
            "투자타입":"재건축",
            "전용면적(m2)":"84.08",
            "전용면적(평)":"25평",
            "법정동주소":"경기도 안산시 상록구 성포동 584",
            "도로명주소":"경기도 안산시 상록구 화랑로 527",
            "세대수":90,
            "입주년차":"--",
            "용적률점수":80,
            "건폐율점수":0,
            "세대당주차수":"--",
            "난방방식":"--",
            "공급면적":70,
            "전용률":60,
            "욕실수":"--",
            "현관타입":"--",
            "주거총점":65.5,
            "지역구공급총점":100.0,
            "역세권":50,
            "30분내 이동가능 거점":20,
            "1시간내 이동가능 거점":50,
            "교통총점":41.0,
            "백화점":100,
            "아울렛몰":0,
            "대형마트":100,
            "은행":0,
            "병원":60,
            "종합병원":100,
            "공원":100,
            "혐오시설":0,
            "인프라총점":74.0,
            "초등학군":89.98,
            "중학군":47.44,
            "학군총점":55.948,
            "인구수":41.02,
            "인구증감":-2.34,
            "인구총점":28.012,
            "일자리":24.96,
            "소득수준":62.84,
            "일자리총점":36.324,
            "가치 총점":58.0422,
            "매매실거래년":20220119.0,
            "매매실거래가":46500.0,
            "전세실거래년":20220207.0,
            "전세실거래가":15750.0,
            "전세가율":37.5,
            "장기전세가율평균":70.56,
            "전세가율거품지수":33.06,
            "검색코드":1956,
            "세대수":1380.0,
            "준공년월":"1987-06-01",
            "준공년차":36.0,
            "가까운역이름":"성포 (2024년 예정)",
            "가까운역거리":699.06,
            "역세권여부":"준역세권",
            "30분이내주요거점역":1,
            "30분거점역이름":"['안산']",
            "1시간이내주요거점역":5,
            "1시간거점역이름":"['송도', '수원시청', '평촌', '수원', '안산']",
            "3km이내백화점수":1,
            "5km이내아울렛몰수":0,
            "1km이내대형먀트수":2,
            "500m이내은행수":1,
            "500m이내병원수":12,
            "5km이내대형병원수":4,
            "500m이내공원수":3,
            "3km이내혐오시설수":0,
            "초등학교학업성취도":89.98,
            "중학교학업성취도":78.6,
            "용적률":172,
            "건폐율":0,
            "Y":37.321678,
            "X":126.847251,
            "rank":10.0,
            "area_info":"25평(84.08), 27평(90.97), 27평(90.72), 27평(91.95), 28평(94.23), 28평(94.57)",
            "last_sales":"2022-01-19,46500.0,28평(94.23)",
            "rank_history":[
                [
                    "202203",
                    10
                ],
                [
                    "202202",
                    5
                ],
                [
                    "202201",
                    5
                ]
            ],
            "rank_gap":-5
        },
        {
            "index":249,
            "아파트명":"주공11단지",
            "투자타입":"일반",
            "전용면적(m2)":"61.04",
            "전용면적(평)":"18평",
            "법정동주소":"경기도 안산시 상록구 성포동 591",
            "도로명주소":"경기도 안산시 상록구 충장로 533",
            "세대수":100,
            "입주년차":0,
            "용적률점수":"--",
            "건폐율점수":"--",
            "세대당주차수":0,
            "난방방식":100,
            "공급면적":"--",
            "전용률":"--",
            "욕실수":50,
            "현관타입":100,
            "주거총점":60.0,
            "지역구공급총점":100.0,
            "역세권":80,
            "30분내 이동가능 거점":0,
            "1시간내 이동가능 거점":20,
            "교통총점":44.0,
            "백화점":100,
            "아울렛몰":0,
            "대형마트":100,
            "은행":0,
            "병원":60,
            "종합병원":100,
            "공원":80,
            "혐오시설":0,
            "인프라총점":73.4,
            "초등학군":89.98,
            "중학군":46.72,
            "학군총점":55.372,
            "인구수":41.02,
            "인구증감":-2.34,
            "인구총점":28.012,
            "일자리":24.96,
            "소득수준":62.84,
            "일자리총점":36.324,
            "가치 총점":57.7258,
            "매매실거래년":20211227.0,
            "매매실거래가":47500.0,
            "전세실거래년":20220124.0,
            "전세실거래가":20000.0,
            "전세가율":100.0,
            "장기전세가율평균":70.56,
            "전세가율거품지수":-29.44,
            "검색코드":1957,
            "세대수":1975.0,
            "준공년월":"1994-11-18",
            "준공년차":29.0,
            "가까운역이름":"성포 (2024년 예정)",
            "가까운역거리":302.41,
            "역세권여부":"역세권",
            "30분이내주요거점역":0,
            "30분거점역이름":"[]",
            "1시간이내주요거점역":2,
            "1시간거점역이름":"['평촌', '안산']",
            "3km이내백화점수":1,
            "5km이내아울렛몰수":0,
            "1km이내대형먀트수":2,
            "500m이내은행수":1,
            "500m이내병원수":24,
            "5km이내대형병원수":4,
            "500m이내공원수":1,
            "3km이내혐오시설수":0,
            "초등학교학업성취도":89.98,
            "중학교학업성취도":77.2,
            "용적률":150,
            "건폐율":0,
            "Y":37.325667,
            "X":126.847991,
            "rank":11.0,
            "area_info":"18평(61.04), 20평(68.93), 21평(71.9), 23평(79.19)",
            "last_sales":"2021-12-27,47500.0,23평(79.19)",
            "rank_history":[
                [
                    "202203",
                    11
                ],
                [
                    "202202",
                    25
                ],
                [
                    "202201",
                    25
                ]
            ],
            "rank_gap":14
        },
        {
            "index":307,
            "아파트명":"안산현대2차",
            "투자타입":"재건축",
            "전용면적(m2)":"83.01",
            "전용면적(평)":"25평",
            "법정동주소":"경기도 안산시 상록구 월피동 448",
            "도로명주소":"경기도 안산시 상록구 안산천동로1길 29",
            "세대수":80,
            "입주년차":"--",
            "용적률점수":80,
            "건폐율점수":0,
            "세대당주차수":"--",
            "난방방식":"--",
            "공급면적":70,
            "전용률":60,
            "욕실수":"--",
            "현관타입":"--",
            "주거총점":62.5,
            "지역구공급총점":100.0,
            "역세권":50,
            "30분내 이동가능 거점":20,
            "1시간내 이동가능 거점":70,
            "교통총점":45.0,
            "백화점":100,
            "아울렛몰":0,
            "대형마트":80,
            "은행":0,
            "병원":60,
            "종합병원":100,
            "공원":100,
            "혐오시설":0,
            "인프라총점":71.0,
            "초등학군":90.01,
            "중학군":39.88,
            "학군총점":49.906,
            "인구수":41.02,
            "인구증감":-2.34,
            "인구총점":28.012,
            "일자리":24.96,
            "소득수준":62.84,
            "일자리총점":36.324,
            "가치 총점":57.0359,
            "매매실거래년":20211213.0,
            "매매실거래가":50000.0,
            "전세실거래년":20220205.0,
            "전세실거래가":25000.0,
            "전세가율":67.57,
            "장기전세가율평균":70.56,
            "전세가율거품지수":2.99,
            "검색코드":1968,
            "세대수":770.0,
            "준공년월":"1989-07-01",
            "준공년차":34.0,
            "가까운역이름":"성포 (2024년 예정)",
            "가까운역거리":534.94,
            "역세권여부":"준역세권",
            "30분이내주요거점역":1,
            "30분거점역이름":"['안산']",
            "1시간이내주요거점역":7,
            "1시간거점역이름":"['송도', '수원시청', '평촌', '가산디지털단지', '수원', '구로디지털단지', '안산']",
            "3km이내백화점수":1,
            "5km이내아울렛몰수":0,
            "1km이내대형먀트수":1,
            "500m이내은행수":1,
            "500m이내병원수":18,
            "5km이내대형병원수":4,
            "500m이내공원수":4,
            "3km이내혐오시설수":0,
            "초등학교학업성취도":90.01,
            "중학교학업성취도":66.2,
            "용적률":170,
            "건폐율":0,
            "Y":37.331508,
            "X":126.850001,
            "rank":12.0,
            "area_info":"25평(83.01), 26평(87.04), 26평(88.56), 26평(88.99), 31평(103.47), 42평(140.62), 43평(143.98)",
            "last_sales":"2021-12-13,50000.0,31평(103.47)",
            "rank_history":[
                [
                    "202203",
                    12
                ],
                [
                    "202202",
                    21
                ],
                [
                    "202201",
                    21
                ]
            ],
            "rank_gap":9
        },
        {
            "index":297,
            "아파트명":"라성",
            "투자타입":"재건축",
            "전용면적(m2)":"73.8",
            "전용면적(평)":"22평",
            "법정동주소":"경기도 안산시 상록구 월피동 443",
            "도로명주소":"경기도 안산시 상록구 부루지길 6",
            "세대수":0,
            "입주년차":"--",
            "용적률점수":100,
            "건폐율점수":0,
            "세대당주차수":"--",
            "난방방식":"--",
            "공급면적":50,
            "전용률":60,
            "욕실수":"--",
            "현관타입":"--",
            "주거총점":45.5,
            "지역구공급총점":100.0,
            "역세권":80,
            "30분내 이동가능 거점":20,
            "1시간내 이동가능 거점":30,
            "교통총점":52.0,
            "백화점":100,
            "아울렛몰":0,
            "대형마트":80,
            "은행":0,
            "병원":60,
            "종합병원":100,
            "공원":80,
            "혐오시설":0,
            "인프라총점":70.4,
            "초등학군":89.95,
            "중학군":46.72,
            "학군총점":55.366,
            "인구수":41.02,
            "인구증감":-2.34,
            "인구총점":28.012,
            "일자리":24.96,
            "소득수준":62.84,
            "일자리총점":36.324,
            "가치 총점":56.7249,
            "매매실거래년":"18000101",
            "매매실거래가":null,
            "전세실거래년":null,
            "전세실거래가":null,
            "전세가율":null,
            "장기전세가율평균":70.56,
            "전세가율거품지수":null,
            "검색코드":14840,
            "세대수":160.0,
            "준공년월":"1992-07-28",
            "준공년차":31.0,
            "가까운역이름":"성포 (2024년 예정)",
            "가까운역거리":424.09,
            "역세권여부":"역세권",
            "30분이내주요거점역":1,
            "30분거점역이름":"['안산']",
            "1시간이내주요거점역":3,
            "1시간거점역이름":"['평촌', '구로디지털단지', '안산']",
            "3km이내백화점수":1,
            "5km이내아울렛몰수":0,
            "1km이내대형먀트수":1,
            "500m이내은행수":0,
            "500m이내병원수":15,
            "5km이내대형병원수":4,
            "500m이내공원수":1,
            "3km이내혐오시설수":0,
            "초등학교학업성취도":89.95,
            "중학교학업성취도":77.2,
            "용적률":143,
            "건폐율":0,
            "Y":37.328209,
            "X":126.850796,
            "rank":13.0,
            "area_info":"22평(73.8), 23평(77.62), 24평(81.72), 24평(81.45), 29평(96.75), 31평(104.13)",
            "last_sales":"1800-01-01,nan,22평(73.8)",
            "rank_history":[
                [
                    "202203",
                    13
                ],
                [
                    "202202",
                    32
                ],
                [
                    "202201",
                    32
                ]
            ],
            "rank_gap":19
        },
        {
            "index":145,
            "아파트명":"안산고잔푸르지오7차",
            "투자타입":"일반",
            "전용면적(m2)":"113.24",
            "전용면적(평)":"34평",
            "법정동주소":"경기도 안산시 상록구 사동 1510",
            "도로명주소":"경기도 안산시 상록구 해양1로 30",
            "세대수":90,
            "입주년차":40,
            "용적률점수":"--",
            "건폐율점수":"--",
            "세대당주차수":60,
            "난방방식":100,
            "공급면적":"--",
            "전용률":"--",
            "욕실수":100,
            "현관타입":100,
            "주거총점":78.5,
            "지역구공급총점":100.0,
            "역세권":50,
            "30분내 이동가능 거점":0,
            "1시간내 이동가능 거점":30,
            "교통총점":31.0,
            "백화점":100,
            "아울렛몰":0,
            "대형마트":80,
            "은행":0,
            "병원":30,
            "종합병원":100,
            "공원":100,
            "혐오시설":0,
            "인프라총점":68.0,
            "초등학군":90.01,
            "중학군":54.78,
            "학군총점":61.826,
            "인구수":41.02,
            "인구증감":-2.34,
            "인구총점":28.012,
            "일자리":24.96,
            "소득수준":62.84,
            "일자리총점":36.324,
            "가치 총점":56.2239,
            "매매실거래년":20211027.0,
            "매매실거래가":85000.0,
            "전세실거래년":20211023.0,
            "전세실거래가":23100.0,
            "전세가율":39.15,
            "장기전세가율평균":70.56,
            "전세가율거품지수":31.41,
            "검색코드":18926,
            "세대수":1312.0,
            "준공년월":"2005-12-09",
            "준공년차":18.0,
            "가까운역이름":"한양대 (2024년 예정)",
            "가까운역거리":931.66,
            "역세권여부":"준역세권",
            "30분이내주요거점역":0,
            "30분거점역이름":"[]",
            "1시간이내주요거점역":3,
            "1시간거점역이름":"['평촌', '수원', '안산']",
            "3km이내백화점수":1,
            "5km이내아울렛몰수":0,
            "1km이내대형먀트수":1,
            "500m이내은행수":0,
            "500m이내병원수":5,
            "5km이내대형병원수":3,
            "500m이내공원수":2,
            "3km이내혐오시설수":0,
            "초등학교학업성취도":90.01,
            "중학교학업성취도":90.7,
            "용적률":198,
            "건폐율":11,
            "Y":37.29612,
            "X":126.818553,
            "rank":14.0,
            "area_info":"34평(113.24), 34평(114.63), 38평(127.16), 47평(157.58), 55평(184.46), 68평(228.09)",
            "last_sales":"2021-10-27,85000.0,55평(184.46)",
            "rank_history":[
                [
                    "202203",
                    14
                ],
                [
                    "202202",
                    16
                ],
                [
                    "202201",
                    18
                ]
            ],
            "rank_gap":2
        },
        {
            "index":326,
            "아파트명":"한양1차",
            "투자타입":"재건축",
            "전용면적(m2)":"46.38",
            "전용면적(평)":"14평",
            "법정동주소":"경기도 안산시 상록구 월피동 447",
            "도로명주소":"경기도 안산시 상록구 안산천동로1길 9",
            "세대수":90,
            "입주년차":"--",
            "용적률점수":20,
            "건폐율점수":80,
            "세대당주차수":"--",
            "난방방식":"--",
            "공급면적":50,
            "전용률":60,
            "욕실수":"--",
            "현관타입":"--",
            "주거총점":56.5,
            "지역구공급총점":100.0,
            "역세권":50,
            "30분내 이동가능 거점":20,
            "1시간내 이동가능 거점":60,
            "교통총점":43.0,
            "백화점":100,
            "아울렛몰":0,
            "대형마트":80,
            "은행":20,
            "병원":60,
            "종합병원":100,
            "공원":100,
            "혐오시설":0,
            "인프라총점":73.0,
            "초등학군":90.01,
            "중학군":39.88,
            "학군총점":49.906,
            "인구수":41.02,
            "인구증감":-2.34,
            "인구총점":28.012,
            "일자리":24.96,
            "소득수준":62.84,
            "일자리총점":36.324,
            "가치 총점":55.7359,
            "매매실거래년":20211006.0,
            "매매실거래가":53500.0,
            "전세실거래년":20210618.0,
            "전세실거래가":10000.0,
            "전세가율":74.07,
            "장기전세가율평균":70.56,
            "전세가율거품지수":-3.51,
            "검색코드":1965,
            "세대수":1362.0,
            "준공년월":"1990-02-08",
            "준공년차":33.0,
            "가까운역이름":"성포 (2024년 예정)",
            "가까운역거리":536.81,
            "역세권여부":"준역세권",
            "30분이내주요거점역":1,
            "30분거점역이름":"['안산']",
            "1시간이내주요거점역":6,
            "1시간거점역이름":"['수원시청', '평촌', '가산디지털단지', '수원', '구로디지털단지', '안산']",
            "3km이내백화점수":1,
            "5km이내아울렛몰수":0,
            "1km이내대형먀트수":1,
            "500m이내은행수":2,
            "500m이내병원수":20,
            "5km이내대형병원수":4,
            "500m이내공원수":4,
            "3km이내혐오시설수":0,
            "초등학교학업성취도":90.01,
            "중학교학업성취도":66.2,
            "용적률":210,
            "건폐율":23,
            "Y":37.332321,
            "X":126.84842,
            "rank":15.0,
            "area_info":"14평(46.38), 21평(71.88), 24평(80.09), 24평(81.49), 24평(82.4), 26평(88.51), 28평(94.52), 28평(94.08), 30평(102.2), 32평(108.12), 39평(132.1)",
            "last_sales":"2021-10-06,53500.0,39평(132.1)",
            "rank_history":[
                [
                    "202203",
                    15
                ],
                [
                    "202202",
                    20
                ],
                [
                    "202201",
                    20
                ]
            ],
            "rank_gap":5
        },
        {
            "index":340,
            "아파트명":"푸르지오2차",
            "투자타입":"일반",
            "전용면적(m2)":"118.23",
            "전용면적(평)":"35평",
            "법정동주소":"경기도 안산시 상록구 이동 664-1",
            "도로명주소":"경기도 안산시 상록구 안산천남1로 70",
            "세대수":50,
            "입주년차":20,
            "용적률점수":"--",
            "건폐율점수":"--",
            "세대당주차수":60,
            "난방방식":100,
            "공급면적":"--",
            "전용률":"--",
            "욕실수":100,
            "현관타입":100,
            "주거총점":60.5,
            "지역구공급총점":100.0,
            "역세권":50,
            "30분내 이동가능 거점":20,
            "1시간내 이동가능 거점":60,
            "교통총점":43.0,
            "백화점":100,
            "아울렛몰":0,
            "대형마트":80,
            "은행":0,
            "병원":10,
            "종합병원":100,
            "공원":100,
            "혐오시설":0,
            "인프라총점":66.0,
            "초등학군":89.97,
            "중학군":50.22,
            "학군총점":58.17,
            "인구수":41.02,
            "인구증감":-2.34,
            "인구총점":28.012,
            "일자리":24.96,
            "소득수준":62.84,
            "일자리총점":36.324,
            "가치 총점":55.6755,
            "매매실거래년":20211018.0,
            "매매실거래가":63900.0,
            "전세실거래년":20210904.0,
            "전세실거래가":25200.0,
            "전세가율":40.65,
            "장기전세가율평균":70.56,
            "전세가율거품지수":29.91,
            "검색코드":3662,
            "세대수":443.0,
            "준공년월":"2001-12-05",
            "준공년차":22.0,
            "가까운역이름":"한대앞",
            "가까운역거리":960.76,
            "역세권여부":"준역세권",
            "30분이내주요거점역":1,
            "30분거점역이름":"['안산']",
            "1시간이내주요거점역":6,
            "1시간거점역이름":"['송도', '수원시청', '평촌', '가산디지털단지', '수원', '안산']",
            "3km이내백화점수":1,
            "5km이내아울렛몰수":0,
            "1km이내대형먀트수":1,
            "500m이내은행수":0,
            "500m이내병원수":2,
            "5km이내대형병원수":4,
            "500m이내공원수":3,
            "3km이내혐오시설수":0,
            "초등학교학업성취도":89.97,
            "중학교학업성취도":83.1,
            "용적률":190,
            "건폐율":14,
            "Y":37.30944,
            "X":126.84316,
            "rank":16.0,
            "area_info":"35평(118.23), 39평(131.64), 45평(151.96), 58평(192.17)",
            "last_sales":"2021-10-18,63900.0,39평(131.64)",
            "rank_history":[
                [
                    "202203",
                    16
                ],
                [
                    "202202",
                    7
                ],
                [
                    "202201",
                    7
                ]
            ],
            "rank_gap":-9
        },
        {
            "index":161,
            "아파트명":"예누림",
            "투자타입":"일반",
            "전용면적(m2)":"74.05",
            "전용면적(평)":"22평",
            "법정동주소":"경기도 안산시 상록구 사동 1344",
            "도로명주소":"경기도 안산시 상록구 감골2로 11",
            "세대수":50,
            "입주년차":0,
            "용적률점수":"--",
            "건폐율점수":"--",
            "세대당주차수":80,
            "난방방식":30,
            "공급면적":"--",
            "전용률":"--",
            "욕실수":50,
            "현관타입":100,
            "주거총점":47.5,
            "지역구공급총점":100.0,
            "역세권":80,
            "30분내 이동가능 거점":60,
            "1시간내 이동가능 거점":60,
            "교통총점":70.0,
            "백화점":0,
            "아울렛몰":0,
            "대형마트":80,
            "은행":0,
            "병원":60,
            "종합병원":100,
            "공원":100,
            "혐오시설":0,
            "인프라총점":41.0,
            "초등학군":89.98,
            "중학군":44.64,
            "학군총점":53.708,
            "인구수":41.02,
            "인구증감":-2.34,
            "인구총점":28.012,
            "일자리":24.96,
            "소득수준":62.84,
            "일자리총점":36.324,
            "가치 총점":54.3562,
            "매매실거래년":20211023.0,
            "매매실거래가":68000.0,
            "전세실거래년":20211227.0,
            "전세실거래가":17500.0,
            "전세가율":50.72,
            "장기전세가율평균":70.56,
            "전세가율거품지수":19.84,
            "검색코드":1935,
            "세대수":576.0,
            "준공년월":"1994-05-14",
            "준공년차":29.0,
            "가까운역이름":"사리",
            "가까운역거리":237.99,
            "역세권여부":"역세권",
            "30분이내주요거점역":3,
            "30분거점역이름":"['수원시청', '수원', '안산']",
            "1시간이내주요거점역":6,
            "1시간거점역이름":"['송도', '수원시청', '평촌', '수원', '안산', 'GTX용인(2023년)']",
            "3km이내백화점수":0,
            "5km이내아울렛몰수":0,
            "1km이내대형먀트수":1,
            "500m이내은행수":1,
            "500m이내병원수":10,
            "5km이내대형병원수":3,
            "500m이내공원수":3,
            "3km이내혐오시설수":0,
            "초등학교학업성취도":89.98,
            "중학교학업성취도":73.8,
            "용적률":149,
            "건폐율":17,
            "Y":37.290345,
            "X":126.85444,
            "rank":17.0,
            "area_info":"22평(74.05), 30평(101.63), 32평(106.74), 46평(154.9), 65평(217.49)",
            "last_sales":"2021-10-23,68000.0,65평(217.49)",
            "rank_history":[
                [
                    "202203",
                    17
                ],
                [
                    "202202",
                    33
                ],
                [
                    "202201",
                    34
                ]
            ],
            "rank_gap":16
        },
        {
            "index":140,
            "아파트명":"안산고잔푸르지오6차",
            "투자타입":"일반",
            "전용면적(m2)":"112.5",
            "전용면적(평)":"34평",
            "법정동주소":"경기도 안산시 상록구 사동 1512",
            "도로명주소":"경기도 안산시 상록구 해양1로 11",
            "세대수":100,
            "입주년차":40,
            "용적률점수":"--",
            "건폐율점수":"--",
            "세대당주차수":60,
            "난방방식":100,
            "공급면적":"--",
            "전용률":"--",
            "욕실수":100,
            "현관타입":100,
            "주거총점":82.0,
            "지역구공급총점":100.0,
            "역세권":50,
            "30분내 이동가능 거점":0,
            "1시간내 이동가능 거점":30,
            "교통총점":31.0,
            "백화점":100,
            "아울렛몰":0,
            "대형마트":0,
            "은행":0,
            "병원":30,
            "종합병원":100,
            "공원":80,
            "혐오시설":0,
            "인프라총점":55.4,
            "초등학군":90.0,
            "중학군":54.78,
            "학군총점":61.824,
            "인구수":41.02,
            "인구증감":-2.34,
            "인구총점":28.012,
            "일자리":24.96,
            "소득수준":62.84,
            "일자리총점":36.324,
            "가치 총점":53.1436,
            "매매실거래년":20220127.0,
            "매매실거래가":87500.0,
            "전세실거래년":20220112.0,
            "전세실거래가":21000.0,
            "전세가율":31.82,
            "장기전세가율평균":70.56,
            "전세가율거품지수":38.74,
            "검색코드":11449,
            "세대수":1790.0,
            "준공년월":"2005-07-21",
            "준공년차":18.0,
            "가까운역이름":"한양대 (2024년 예정)",
            "가까운역거리":601.78,
            "역세권여부":"준역세권",
            "30분이내주요거점역":0,
            "30분거점역이름":"[]",
            "1시간이내주요거점역":3,
            "1시간거점역이름":"['평촌', '수원', '안산']",
            "3km이내백화점수":1,
            "5km이내아울렛몰수":0,
            "1km이내대형먀트수":0,
            "500m이내은행수":0,
            "500m이내병원수":5,
            "5km이내대형병원수":3,
            "500m이내공원수":1,
            "3km이내혐오시설수":0,
            "초등학교학업성취도":90.0,
            "중학교학업성취도":90.7,
            "용적률":198,
            "건폐율":11,
            "Y":37.296283,
            "X":126.823141,
            "rank":18.0,
            "area_info":"34평(112.5), 34평(113.03), 38평(126.87), 44평(146.4), 51평(170.57)",
            "last_sales":"2022-01-27,87500.0,51평(170.57)",
            "rank_history":[
                [
                    "202203",
                    18
                ],
                [
                    "202202",
                    29
                ],
                [
                    "202201",
                    30
                ]
            ],
            "rank_gap":11
        },
        {
            "index":234,
            "아파트명":"예술인",
            "투자타입":"재건축",
            "전용면적(m2)":"69.31",
            "전용면적(평)":"20평",
            "법정동주소":"경기도 안산시 상록구 성포동 583",
            "도로명주소":"경기도 안산시 상록구 화랑로 495",
            "세대수":90,
            "입주년차":"--",
            "용적률점수":20,
            "건폐율점수":0,
            "세대당주차수":"--",
            "난방방식":"--",
            "공급면적":50,
            "전용률":60,
            "욕실수":"--",
            "현관타입":"--",
            "주거총점":40.5,
            "지역구공급총점":100.0,
            "역세권":50,
            "30분내 이동가능 거점":20,
            "1시간내 이동가능 거점":50,
            "교통총점":41.0,
            "백화점":100,
            "아울렛몰":0,
            "대형마트":100,
            "은행":0,
            "병원":60,
            "종합병원":100,
            "공원":100,
            "혐오시설":0,
            "인프라총점":74.0,
            "초등학군":90.02,
            "중학군":47.44,
            "학군총점":55.956,
            "인구수":41.02,
            "인구증감":-2.34,
            "인구총점":28.012,
            "일자리":24.96,
            "소득수준":62.84,
            "일자리총점":36.324,
            "가치 총점":53.0434,
            "매매실거래년":20211109.0,
            "매매실거래가":43000.0,
            "전세실거래년":20200611.0,
            "전세실거래가":8000.0,
            "전세가율":56.34,
            "장기전세가율평균":70.56,
            "전세가율거품지수":14.22,
            "검색코드":1955,
            "세대수":1485.0,
            "준공년월":"1985-12-27",
            "준공년차":38.0,
            "가까운역이름":"성포 (2024년 예정)",
            "가까운역거리":682.19,
            "역세권여부":"준역세권",
            "30분이내주요거점역":1,
            "30분거점역이름":"['안산']",
            "1시간이내주요거점역":5,
            "1시간거점역이름":"['송도', '수원시청', '평촌', '수원', '안산']",
            "3km이내백화점수":1,
            "5km이내아울렛몰수":0,
            "1km이내대형먀트수":2,
            "500m이내은행수":1,
            "500m이내병원수":12,
            "5km이내대형병원수":4,
            "500m이내공원수":3,
            "3km이내혐오시설수":0,
            "초등학교학업성취도":90.02,
            "중학교학업성취도":78.6,
            "용적률":216,
            "건폐율":0,
            "Y":37.322013,
            "X":126.843793,
            "rank":19.0,
            "area_info":"20평(69.31), 24평(81.0), 25평(82.65), 29평(96.85), 29평(96.93), 30평(101.18), 33평(111.51), 33평(111.55), 34평(114.02)",
            "last_sales":"2021-11-09,43000.0,34평(114.02)",
            "rank_history":[
                [
                    "202203",
                    19
                ],
                [
                    "202202",
                    8
                ],
                [
                    "202201",
                    8
                ]
            ],
            "rank_gap":-11
        },
        {
            "index":120,
            "아파트명":"상록수현대2차",
            "투자타입":"일반",
            "전용면적(m2)":"73.54",
            "전용면적(평)":"22평",
            "법정동주소":"경기도 안산시 상록구 사동 1343",
            "도로명주소":"경기도 안산시 상록구 감골2로 12",
            "세대수":50,
            "입주년차":0,
            "용적률점수":"--",
            "건폐율점수":"--",
            "세대당주차수":30,
            "난방방식":30,
            "공급면적":"--",
            "전용률":"--",
            "욕실수":50,
            "현관타입":100,
            "주거총점":40.0,
            "지역구공급총점":100.0,
            "역세권":80,
            "30분내 이동가능 거점":60,
            "1시간내 이동가능 거점":60,
            "교통총점":70.0,
            "백화점":0,
            "아울렛몰":0,
            "대형마트":80,
            "은행":0,
            "병원":30,
            "종합병원":100,
            "공원":100,
            "혐오시설":0,
            "인프라총점":38.0,
            "초등학군":89.98,
            "중학군":44.64,
            "학군총점":53.708,
            "인구수":41.02,
            "인구증감":-2.34,
            "인구총점":28.012,
            "일자리":24.96,
            "소득수준":62.84,
            "일자리총점":36.324,
            "가치 총점":51.9562,
            "매매실거래년":20220106.0,
            "매매실거래가":58000.0,
            "전세실거래년":20211025.0,
            "전세실거래가":24000.0,
            "전세가율":79.47,
            "장기전세가율평균":70.56,
            "전세가율거품지수":-8.91,
            "검색코드":1939,
            "세대수":520.0,
            "준공년월":"1995-02-02",
            "준공년차":28.0,
            "가까운역이름":"사리",
            "가까운역거리":253.57,
            "역세권여부":"역세권",
            "30분이내주요거점역":3,
            "30분거점역이름":"['수원시청', '수원', '안산']",
            "1시간이내주요거점역":6,
            "1시간거점역이름":"['송도', '수원시청', '평촌', '수원', '안산', 'GTX용인(2023년)']",
            "3km이내백화점수":0,
            "5km이내아울렛몰수":0,
            "1km이내대형먀트수":1,
            "500m이내은행수":0,
            "500m이내병원수":9,
            "5km이내대형병원수":3,
            "500m이내공원수":3,
            "3km이내혐오시설수":0,
            "초등학교학업성취도":89.98,
            "중학교학업성취도":73.8,
            "용적률":149,
            "건폐율":20,
            "Y":37.29166,
            "X":126.85454,
            "rank":20.0,
            "area_info":"22평(73.54), 30평(100.82), 31평(105.2), 38평(128.3), 49평(164.69)",
            "last_sales":"2022-01-06,58000.0,49평(164.69)",
            "rank_history":[
                [
                    "202203",
                    20
                ],
                [
                    "202202",
                    37
                ],
                [
                    "202201",
                    37
                ]
            ],
            "rank_gap":17
        },
        {
            "index":50,
            "아파트명":"한양",
            "투자타입":"재건축",
            "전용면적(m2)":"38.58",
            "전용면적(평)":"11평",
            "법정동주소":"경기도 안산시 상록구 본오동 880",
            "도로명주소":"경기도 안산시 상록구 반석로 8",
            "세대수":100,
            "입주년차":"--",
            "용적률점수":60,
            "건폐율점수":0,
            "세대당주차수":"--",
            "난방방식":"--",
            "공급면적":50,
            "전용률":60,
            "욕실수":"--",
            "현관타입":"--",
            "주거총점":59.5,
            "지역구공급총점":100.0,
            "역세권":50,
            "30분내 이동가능 거점":20,
            "1시간내 이동가능 거점":80,
            "교통총점":47.0,
            "백화점":0,
            "아울렛몰":0,
            "대형마트":80,
            "은행":70,
            "병원":80,
            "종합병원":100,
            "공원":100,
            "혐오시설":0,
            "인프라총점":50.0,
            "초등학군":89.99,
            "중학군":44.64,
            "학군총점":53.71,
            "인구수":41.02,
            "인구증감":-2.34,
            "인구총점":28.012,
            "일자리":24.96,
            "소득수준":62.84,
            "일자리총점":36.324,
            "가치 총점":51.4065,
            "매매실거래년":20220129.0,
            "매매실거래가":43400.0,
            "전세실거래년":20220218.0,
            "전세실거래가":10000.0,
            "전세가율":58.82,
            "장기전세가율평균":70.56,
            "전세가율거품지수":11.74,
            "검색코드":1931,
            "세대수":2222.0,
            "준공년월":"1990-12-14",
            "준공년차":33.0,
            "가까운역이름":"사리",
            "가까운역거리":699.32,
            "역세권여부":"준역세권",
            "30분이내주요거점역":1,
            "30분거점역이름":"['수원']",
            "1시간이내주요거점역":8,
            "1시간거점역이름":"['강남', '송도', '수원시청', '평촌', '가산디지털단지', '수원', '안산', 'GTX용인(2023년)']",
            "3km이내백화점수":0,
            "5km이내아울렛몰수":0,
            "1km이내대형먀트수":1,
            "500m이내은행수":3,
            "500m이내병원수":41,
            "5km이내대형병원수":3,
            "500m이내공원수":4,
            "3km이내혐오시설수":0,
            "초등학교학업성취도":89.99,
            "중학교학업성취도":73.8,
            "용적률":195,
            "건폐율":0,
            "Y":37.2962,
            "X":126.860802,
            "rank":21.0,
            "area_info":"11평(38.58), 17평(58.27), 22평(73.95), 25평(85.82), 26평(88.67), 31평(104.29), 43평(143.22), 55평(183.81)",
            "last_sales":"2022-01-29,43400.0,26평(88.67)",
            "rank_history":[
                [
                    "202203",
                    21
                ],
                [
                    "202202",
                    11
                ],
                [
                    "202201",
                    11
                ]
            ],
            "rank_gap":-10
        },
        {
            "index":337,
            "아파트명":"주공그린빌10단지",
            "투자타입":"일반",
            "전용면적(m2)":"97.3",
            "전용면적(평)":"29평",
            "법정동주소":"경기도 안산시 상록구 이동 664",
            "도로명주소":"경기도 안산시 상록구 안산천남1로 100",
            "세대수":0,
            "입주년차":20,
            "용적률점수":"--",
            "건폐율점수":"--",
            "세대당주차수":30,
            "난방방식":100,
            "공급면적":"--",
            "전용률":"--",
            "욕실수":100,
            "현관타입":100,
            "주거총점":38.5,
            "지역구공급총점":100.0,
            "역세권":50,
            "30분내 이동가능 거점":20,
            "1시간내 이동가능 거점":60,
            "교통총점":43.0,
            "백화점":100,
            "아울렛몰":0,
            "대형마트":80,
            "은행":0,
            "병원":10,
            "종합병원":100,
            "공원":100,
            "혐오시설":0,
            "인프라총점":66.0,
            "초등학군":89.97,
            "중학군":50.22,
            "학군총점":58.17,
            "인구수":41.02,
            "인구증감":-2.34,
            "인구총점":28.012,
            "일자리":24.96,
            "소득수준":62.84,
            "일자리총점":36.324,
            "가치 총점":51.2755,
            "매매실거래년":20211230.0,
            "매매실거래가":50000.0,
            "전세실거래년":20220211.0,
            "전세실거래가":24150.0,
            "전세가율":48.3,
            "장기전세가율평균":70.56,
            "전세가율거품지수":22.26,
            "검색코드":12924,
            "세대수":267.0,
            "준공년월":"2003-03-10",
            "준공년차":20.0,
            "가까운역이름":"한대앞",
            "가까운역거리":943.61,
            "역세권여부":"준역세권",
            "30분이내주요거점역":1,
            "30분거점역이름":"['안산']",
            "1시간이내주요거점역":6,
            "1시간거점역이름":"['송도', '수원시청', '평촌', '가산디지털단지', '수원', '안산']",
            "3km이내백화점수":1,
            "5km이내아울렛몰수":0,
            "1km이내대형먀트수":1,
            "500m이내은행수":0,
            "500m이내병원수":4,
            "5km이내대형병원수":4,
            "500m이내공원수":5,
            "3km이내혐오시설수":0,
            "초등학교학업성취도":89.97,
            "중학교학업성취도":83.1,
            "용적률":165,
            "건폐율":16,
            "Y":37.311271,
            "X":126.843608,
            "rank":22.0,
            "area_info":"29평(97.3), 32평(108.82), 32평(108.77)",
            "last_sales":"2021-12-30,50000.0,29평(97.3)",
            "rank_history":[
                [
                    "202203",
                    22
                ],
                [
                    "202202",
                    14
                ],
                [
                    "202201",
                    12
                ]
            ],
            "rank_gap":-8
        },
        {
            "index":0,
            "아파트명":"건건e-편한세상",
            "투자타입":"일반",
            "전용면적(m2)":"80.94",
            "전용면적(평)":"24평",
            "법정동주소":"경기도 안산시 상록구 건건동 987",
            "도로명주소":"경기도 안산시 상록구 건건8길 10",
            "세대수":100,
            "입주년차":40,
            "용적률점수":"--",
            "건폐율점수":"--",
            "세대당주차수":30,
            "난방방식":30,
            "공급면적":"--",
            "전용률":"--",
            "욕실수":100,
            "현관타입":100,
            "주거총점":70.5,
            "지역구공급총점":100.0,
            "역세권":80,
            "30분내 이동가능 거점":40,
            "1시간내 이동가능 거점":60,
            "교통총점":64.0,
            "백화점":0,
            "아울렛몰":0,
            "대형마트":0,
            "은행":0,
            "병원":30,
            "종합병원":80,
            "공원":100,
            "혐오시설":0,
            "인프라총점":22.0,
            "초등학군":89.99,
            "중학군":44.2,
            "학군총점":53.358,
            "인구수":41.02,
            "인구증감":-2.34,
            "인구총점":28.012,
            "일자리":24.96,
            "소득수준":62.84,
            "일자리총점":36.324,
            "가치 총점":51.1037,
            "매매실거래년":20220223.0,
            "매매실거래가":70700.0,
            "전세실거래년":20220126.0,
            "전세실거래가":35000.0,
            "전세가율":76.09,
            "장기전세가율평균":70.56,
            "전세가율거품지수":-5.53,
            "검색코드":9316,
            "세대수":1886.0,
            "준공년월":"2006-09-29",
            "준공년차":17.0,
            "가까운역이름":"반월",
            "가까운역거리":247.13,
            "역세권여부":"역세권",
            "30분이내주요거점역":2,
            "30분거점역이름":"['평촌', '안산']",
            "1시간이내주요거점역":6,
            "1시간거점역이름":"['수원시청', '평촌', '가산디지털단지', '수원', '구로디지털단지', '안산']",
            "3km이내백화점수":0,
            "5km이내아울렛몰수":0,
            "1km이내대형먀트수":0,
            "500m이내은행수":0,
            "500m이내병원수":6,
            "5km이내대형병원수":1,
            "500m이내공원수":2,
            "3km이내혐오시설수":0,
            "초등학교학업성취도":89.99,
            "중학교학업성취도":73.0,
            "용적률":283,
            "건폐율":17,
            "Y":37.311235,
            "X":126.906218,
            "rank":23.0,
            "area_info":"24평(80.94), 29평(96.56), 33평(110.53), 33평(112.38)",
            "last_sales":"2022-02-23,70700.0,33평(110.53)",
            "rank_history":[
                [
                    "202203",
                    23
                ],
                [
                    "202202",
                    6
                ],
                [
                    "202201",
                    6
                ]
            ],
            "rank_gap":-17
        },
        {
            "index":181,
            "아파트명":"푸른마을5단지",
            "투자타입":"일반",
            "전용면적(m2)":"68.08",
            "전용면적(평)":"20평",
            "법정동주소":"경기도 안산시 상록구 사동 1536",
            "도로명주소":"경기도 안산시 상록구 광덕4로 460",
            "세대수":90,
            "입주년차":20,
            "용적률점수":"--",
            "건폐율점수":"--",
            "세대당주차수":0,
            "난방방식":100,
            "공급면적":"--",
            "전용률":"--",
            "욕실수":50,
            "현관타입":10,
            "주거총점":51.5,
            "지역구공급총점":100.0,
            "역세권":50,
            "30분내 이동가능 거점":0,
            "1시간내 이동가능 거점":70,
            "교통총점":39.0,
            "백화점":100,
            "아울렛몰":0,
            "대형마트":80,
            "은행":0,
            "병원":10,
            "종합병원":100,
            "공원":100,
            "혐오시설":0,
            "인프라총점":66.0,
            "초등학군":89.98,
            "중학군":37.84,
            "학군총점":48.268,
            "인구수":41.02,
            "인구증감":-2.34,
            "인구총점":28.012,
            "일자리":24.96,
            "소득수준":62.84,
            "일자리총점":36.324,
            "가치 총점":50.9902,
            "매매실거래년":20220115.0,
            "매매실거래가":34500.0,
            "전세실거래년":20220213.0,
            "전세실거래가":25000.0,
            "전세가율":72.46,
            "장기전세가율평균":70.56,
            "전세가율거품지수":-1.9,
            "검색코드":8398,
            "세대수":1343.0,
            "준공년월":"2000-05-06",
            "준공년차":23.0,
            "가까운역이름":"한대앞",
            "가까운역거리":748.28,
            "역세권여부":"준역세권",
            "30분이내주요거점역":0,
            "30분거점역이름":"[]",
            "1시간이내주요거점역":7,
            "1시간거점역이름":"['강남', '송도', '수원시청', '평촌', '가산디지털단지', '수원', '안산']",
            "3km이내백화점수":1,
            "5km이내아울렛몰수":0,
            "1km이내대형먀트수":1,
            "500m이내은행수":0,
            "500m이내병원수":2,
            "5km이내대형병원수":3,
            "500m이내공원수":5,
            "3km이내혐오시설수":0,
            "초등학교학업성취도":89.98,
            "중학교학업성취도":62.4,
            "용적률":147,
            "건폐율":18,
            "Y":37.30311,
            "X":126.856931,
            "rank":24.0,
            "area_info":"20평(68.08), 24평(81.7)",
            "last_sales":"2022-01-15,34500.0,20평(68.08)",
            "rank_history":[
                [
                    "202203",
                    24
                ],
                [
                    "202202",
                    10
                ],
                [
                    "202201",
                    9
                ]
            ],
            "rank_gap":-14
        },
        {
            "index":34,
            "아파트명":"우성(에버그린우성)",
            "투자타입":"재건축",
            "전용면적(m2)":"57.66",
            "전용면적(평)":"17평",
            "법정동주소":"경기도 안산시 상록구 본오동 872-20",
            "도로명주소":"경기도 안산시 상록구 본오로 145",
            "세대수":90,
            "입주년차":"--",
            "용적률점수":60,
            "건폐율점수":0,
            "세대당주차수":"--",
            "난방방식":"--",
            "공급면적":50,
            "전용률":60,
            "욕실수":"--",
            "현관타입":"--",
            "주거총점":56.5,
            "지역구공급총점":100.0,
            "역세권":50,
            "30분내 이동가능 거점":20,
            "1시간내 이동가능 거점":60,
            "교통총점":43.0,
            "백화점":0,
            "아울렛몰":0,
            "대형마트":80,
            "은행":100,
            "병원":100,
            "종합병원":100,
            "공원":100,
            "혐오시설":0,
            "인프라총점":55.0,
            "초등학군":90.0,
            "중학군":42.22,
            "학군총점":51.776,
            "인구수":41.02,
            "인구증감":-2.34,
            "인구총점":28.012,
            "일자리":24.96,
            "소득수준":62.84,
            "일자리총점":36.324,
            "가치 총점":50.6164,
            "매매실거래년":20220108.0,
            "매매실거래가":27900.0,
            "전세실거래년":20220204.0,
            "전세실거래가":12600.0,
            "전세가율":45.16,
            "장기전세가율평균":70.56,
            "전세가율거품지수":25.4,
            "검색코드":1926,
            "세대수":1080.0,
            "준공년월":"1990-03-29",
            "준공년차":33.0,
            "가까운역이름":"상록수",
            "가까운역거리":541.11,
            "역세권여부":"준역세권",
            "30분이내주요거점역":1,
            "30분거점역이름":"['안산']",
            "1시간이내주요거점역":6,
            "1시간거점역이름":"['강남', '수원시청', '평촌', '가산디지털단지', '수원', '안산']",
            "3km이내백화점수":0,
            "5km이내아울렛몰수":0,
            "1km이내대형먀트수":1,
            "500m이내은행수":5,
            "500m이내병원수":76,
            "5km이내대형병원수":3,
            "500m이내공원수":4,
            "3km이내혐오시설수":0,
            "초등학교학업성취도":90.0,
            "중학교학업성취도":70.1,
            "용적률":191,
            "건폐율":0,
            "Y":37.298091,
            "X":126.865342,
            "rank":25.0,
            "area_info":"17평(57.66), 22평(73.04), 28평(95.65), 32평(106.3), 46평(153.72)",
            "last_sales":"2022-01-08,27900.0,17평(57.66)",
            "rank_history":[
                [
                    "202203",
                    25
                ],
                [
                    "202202",
                    12
                ],
                [
                    "202201",
                    13
                ]
            ],
            "rank_gap":-13
        },
        {
            "index":31,
            "아파트명":"안산본오주공",
            "투자타입":"일반",
            "전용면적(m2)":"54.54",
            "전용면적(평)":"16평",
            "법정동주소":"경기도 안산시 상록구 본오동 879",
            "도로명주소":"경기도 안산시 상록구 본삼로 8",
            "세대수":50,
            "입주년차":0,
            "용적률점수":"--",
            "건폐율점수":"--",
            "세대당주차수":0,
            "난방방식":100,
            "공급면적":"--",
            "전용률":"--",
            "욕실수":50,
            "현관타입":100,
            "주거총점":42.5,
            "지역구공급총점":100.0,
            "역세권":50,
            "30분내 이동가능 거점":40,
            "1시간내 이동가능 거점":60,
            "교통총점":49.0,
            "백화점":0,
            "아울렛몰":0,
            "대형마트":80,
            "은행":70,
            "병원":100,
            "종합병원":100,
            "공원":100,
            "혐오시설":0,
            "인프라총점":52.0,
            "초등학군":90.0,
            "중학군":42.22,
            "학군총점":51.776,
            "인구수":41.02,
            "인구증감":-2.34,
            "인구총점":28.012,
            "일자리":24.96,
            "소득수준":62.84,
            "일자리총점":36.324,
            "가치 총점":49.0164,
            "매매실거래년":20211124.0,
            "매매실거래가":37900.0,
            "전세실거래년":20220117.0,
            "전세실거래가":18000.0,
            "전세가율":64.29,
            "장기전세가율평균":70.56,
            "전세가율거품지수":6.27,
            "검색코드":2503,
            "세대수":519.0,
            "준공년월":"1996-08-13",
            "준공년차":27.0,
            "가까운역이름":"상록수",
            "가까운역거리":509.66,
            "역세권여부":"준역세권",
            "30분이내주요거점역":2,
            "30분거점역이름":"['평촌', '안산']",
            "1시간이내주요거점역":6,
            "1시간거점역이름":"['강남', '수원시청', '평촌', '가산디지털단지', '수원', '안산']",
            "3km이내백화점수":0,
            "5km이내아울렛몰수":0,
            "1km이내대형먀트수":1,
            "500m이내은행수":4,
            "500m이내병원수":62,
            "5km이내대형병원수":3,
            "500m이내공원수":3,
            "3km이내혐오시설수":0,
            "초등학교학업성취도":90.0,
            "중학교학업성취도":70.1,
            "용적률":133,
            "건폐율":20,
            "Y":37.30056,
            "X":126.861616,
            "rank":26.0,
            "area_info":"16평(54.54), 21평(71.9), 23평(77.5)",
            "last_sales":"2021-11-24,37900.0,21평(71.9)",
            "rank_history":[
                [
                    "202203",
                    26
                ],
                [
                    "202202",
                    9
                ],
                [
                    "202201",
                    10
                ]
            ],
            "rank_gap":-17
        },
        {
            "index":173,
            "아파트명":"푸른마을2단지",
            "투자타입":"일반",
            "전용면적(m2)":"106.98",
            "전용면적(평)":"32평",
            "법정동주소":"경기도 안산시 상록구 사동 1532",
            "도로명주소":"경기도 안산시 상록구 중보로 16",
            "세대수":0,
            "입주년차":20,
            "용적률점수":"--",
            "건폐율점수":"--",
            "세대당주차수":30,
            "난방방식":100,
            "공급면적":"--",
            "전용률":"--",
            "욕실수":100,
            "현관타입":100,
            "주거총점":38.5,
            "지역구공급총점":100.0,
            "역세권":50,
            "30분내 이동가능 거점":20,
            "1시간내 이동가능 거점":70,
            "교통총점":45.0,
            "백화점":100,
            "아울렛몰":0,
            "대형마트":0,
            "은행":0,
            "병원":60,
            "종합병원":100,
            "공원":100,
            "혐오시설":0,
            "인프라총점":59.0,
            "초등학군":89.98,
            "중학군":41.82,
            "학군총점":51.452,
            "인구수":41.02,
            "인구증감":-2.34,
            "인구총점":28.012,
            "일자리":24.96,
            "소득수준":62.84,
            "일자리총점":36.324,
            "가치 총점":48.8678,
            "매매실거래년":20211113.0,
            "매매실거래가":53250.0,
            "전세실거래년":20211023.0,
            "전세실거래가":27300.0,
            "전세가율":51.27,
            "장기전세가율평균":70.56,
            "전세가율거품지수":19.29,
            "검색코드":8395,
            "세대수":231.0,
            "준공년월":"2000-05-03",
            "준공년차":23.0,
            "가까운역이름":"한대앞",
            "가까운역거리":637.86,
            "역세권여부":"준역세권",
            "30분이내주요거점역":1,
            "30분거점역이름":"['안산']",
            "1시간이내주요거점역":7,
            "1시간거점역이름":"['강남', '송도', '수원시청', '평촌', '가산디지털단지', '수원', '안산']",
            "3km이내백화점수":1,
            "5km이내아울렛몰수":0,
            "1km이내대형먀트수":0,
            "500m이내은행수":1,
            "500m이내병원수":25,
            "5km이내대형병원수":4,
            "500m이내공원수":6,
            "3km이내혐오시설수":0,
            "초등학교학업성취도":89.98,
            "중학교학업성취도":69.7,
            "용적률":167,
            "건폐율":22,
            "Y":37.30526,
            "X":126.84907,
            "rank":27.0,
            "area_info":"32평(106.98), 32평(107.34), 32평(107.09)",
            "last_sales":"2021-11-13,53250.0,32평(106.98)",
            "rank_history":[
                [
                    "202203",
                    27
                ],
                [
                    "202202",
                    17
                ],
                [
                    "202201",
                    16
                ]
            ],
            "rank_gap":-10
        },
        {
            "index":135,
            "아파트명":"신우",
            "투자타입":"일반",
            "전용면적(m2)":"69.29",
            "전용면적(평)":"20평",
            "법정동주소":"경기도 안산시 상록구 사동 1344-1",
            "도로명주소":"경기도 안산시 상록구 감골로 83",
            "세대수":50,
            "입주년차":0,
            "용적률점수":"--",
            "건폐율점수":"--",
            "세대당주차수":60,
            "난방방식":30,
            "공급면적":"--",
            "전용률":"--",
            "욕실수":50,
            "현관타입":100,
            "주거총점":44.5,
            "지역구공급총점":100.0,
            "역세권":80,
            "30분내 이동가능 거점":60,
            "1시간내 이동가능 거점":60,
            "교통총점":70.0,
            "백화점":0,
            "아울렛몰":0,
            "대형마트":0,
            "은행":0,
            "병원":60,
            "종합병원":100,
            "공원":100,
            "혐오시설":0,
            "인프라총점":29.0,
            "초등학군":89.98,
            "중학군":33.3,
            "학군총점":44.636,
            "인구수":41.02,
            "인구증감":-2.34,
            "인구총점":28.012,
            "일자리":24.96,
            "소득수준":62.84,
            "일자리총점":36.324,
            "가치 총점":48.7954,
            "매매실거래년":20211114.0,
            "매매실거래가":44000.0,
            "전세실거래년":20220108.0,
            "전세실거래가":26000.0,
            "전세가율":96.3,
            "장기전세가율평균":70.56,
            "전세가율거품지수":-25.74,
            "검색코드":1933,
            "세대수":502.0,
            "준공년월":"1994-10-10",
            "준공년차":29.0,
            "가까운역이름":"사리",
            "가까운역거리":316.77,
            "역세권여부":"역세권",
            "30분이내주요거점역":3,
            "30분거점역이름":"['수원시청', '수원', '안산']",
            "1시간이내주요거점역":6,
            "1시간거점역이름":"['송도', '수원시청', '평촌', '수원', '안산', 'GTX용인(2023년)']",
            "3km이내백화점수":0,
            "5km이내아울렛몰수":0,
            "1km이내대형먀트수":0,
            "500m이내은행수":1,
            "500m이내병원수":10,
            "5km이내대형병원수":3,
            "500m이내공원수":2,
            "3km이내혐오시설수":0,
            "초등학교학업성취도":89.98,
            "중학교학업성취도":55.5,
            "용적률":151,
            "건폐율":18,
            "Y":37.28902,
            "X":126.85416,
            "rank":28.0,
            "area_info":"20평(69.29), 31평(102.59), 32평(106.63), 42평(139.77), 56평(187.39)",
            "last_sales":"2021-11-14,44000.0,32평(106.63)",
            "rank_history":[
                [
                    "202203",
                    28
                ],
                [
                    "202202",
                    41
                ],
                [
                    "202201",
                    41
                ]
            ],
            "rank_gap":13
        },
        {
            "index":303,
            "아파트명":"부원",
            "투자타입":"재건축",
            "전용면적(m2)":"44.06",
            "전용면적(평)":"13평",
            "법정동주소":"경기도 안산시 상록구 월피동 443-1",
            "도로명주소":"경기도 안산시 상록구 부루지길 16",
            "세대수":0,
            "입주년차":"--",
            "용적률점수":100,
            "건폐율점수":0,
            "세대당주차수":"--",
            "난방방식":"--",
            "공급면적":50,
            "전용률":60,
            "욕실수":"--",
            "현관타입":"--",
            "주거총점":45.5,
            "지역구공급총점":100.0,
            "역세권":50,
            "30분내 이동가능 거점":0,
            "1시간내 이동가능 거점":20,
            "교통총점":29.0,
            "백화점":100,
            "아울렛몰":0,
            "대형마트":80,
            "은행":0,
            "병원":60,
            "종합병원":100,
            "공원":80,
            "혐오시설":0,
            "인프라총점":70.4,
            "초등학군":89.95,
            "중학군":46.72,
            "학군총점":55.366,
            "인구수":41.02,
            "인구증감":-2.34,
            "인구총점":28.012,
            "일자리":24.96,
            "소득수준":62.84,
            "일자리총점":36.324,
            "가치 총점":48.6749,
            "매매실거래년":"18000101",
            "매매실거래가":null,
            "전세실거래년":null,
            "전세실거래가":null,
            "전세가율":null,
            "장기전세가율평균":70.56,
            "전세가율거품지수":null,
            "검색코드":106269,
            "세대수":132.0,
            "준공년월":"1990-01-15",
            "준공년차":33.0,
            "가까운역이름":"성포 (2024년 예정)",
            "가까운역거리":524.0,
            "역세권여부":"준역세권",
            "30분이내주요거점역":0,
            "30분거점역이름":"[]",
            "1시간이내주요거점역":2,
            "1시간거점역이름":"['평촌', '안산']",
            "3km이내백화점수":1,
            "5km이내아울렛몰수":0,
            "1km이내대형먀트수":1,
            "500m이내은행수":0,
            "500m이내병원수":15,
            "5km이내대형병원수":4,
            "500m이내공원수":1,
            "3km이내혐오시설수":0,
            "초등학교학업성취도":89.95,
            "중학교학업성취도":77.2,
            "용적률":84,
            "건폐율":0,
            "Y":37.328274,
            "X":126.851923,
            "rank":29.0,
            "area_info":"13평(44.06), 15평(50.42), 17평(57.68), 19평(64.89)",
            "last_sales":"1800-01-01,nan,13평(44.06)",
            "rank_history":[
                [
                    "202203",
                    29
                ],
                [
                    "202202",
                    34
                ],
                [
                    "202201",
                    33
                ]
            ],
            "rank_gap":5
        },
        {
            "index":4,
            "아파트명":"건건동영무예다음",
            "투자타입":"일반",
            "전용면적(m2)":"64.07",
            "전용면적(평)":"19평",
            "법정동주소":"경기도 안산시 상록구 건건동 994",
            "도로명주소":"경기도 안산시 상록구 건건로 82",
            "세대수":30,
            "입주년차":100,
            "용적률점수":"--",
            "건폐율점수":"--",
            "세대당주차수":30,
            "난방방식":30,
            "공급면적":"--",
            "전용률":"--",
            "욕실수":50,
            "현관타입":100,
            "주거총점":53.0,
            "지역구공급총점":100.0,
            "역세권":80,
            "30분내 이동가능 거점":40,
            "1시간내 이동가능 거점":60,
            "교통총점":64.0,
            "백화점":0,
            "아울렛몰":0,
            "대형마트":0,
            "은행":0,
            "병원":60,
            "종합병원":80,
            "공원":100,
            "혐오시설":0,
            "인프라총점":25.0,
            "초등학군":89.99,
            "중학군":44.2,
            "학군총점":53.358,
            "인구수":41.02,
            "인구증감":-2.34,
            "인구총점":28.012,
            "일자리":24.96,
            "소득수준":62.84,
            "일자리총점":36.324,
            "가치 총점":48.5037,
            "매매실거래년":20200819.0,
            "매매실거래가":43300.0,
            "전세실거래년":20200727.0,
            "전세실거래가":19000.0,
            "전세가율":71.97,
            "장기전세가율평균":70.56,
            "전세가율거품지수":-1.41,
            "검색코드":121911,
            "세대수":390.0,
            "준공년월":"2020-06-01",
            "준공년차":3.0,
            "가까운역이름":"반월",
            "가까운역거리":460.37,
            "역세권여부":"역세권",
            "30분이내주요거점역":2,
            "30분거점역이름":"['평촌', '안산']",
            "1시간이내주요거점역":6,
            "1시간거점역이름":"['수원시청', '평촌', '가산디지털단지', '수원', '구로디지털단지', '안산']",
            "3km이내백화점수":0,
            "5km이내아울렛몰수":0,
            "1km이내대형먀트수":0,
            "500m이내은행수":0,
            "500m이내병원수":11,
            "5km이내대형병원수":1,
            "500m이내공원수":2,
            "3km이내혐오시설수":0,
            "초등학교학업성취도":89.99,
            "중학교학업성취도":73.0,
            "용적률":209,
            "건폐율":24,
            "Y":37.308264,
            "X":126.904366,
            "rank":30.0,
            "area_info":"19평(64.07), 24평(81.56), 24평(81.64), 34평(113.14), 34평(113.77)",
            "last_sales":"2020-08-19,43300.0,34평(113.77)",
            "rank_history":[
                [
                    "202203",
                    30
                ],
                [
                    "202202",
                    15
                ],
                [
                    "202201",
                    19
                ]
            ],
            "rank_gap":-15
        },
        {
            "index":176,
            "아파트명":"푸른마을3단지",
            "투자타입":"일반",
            "전용면적(m2)":"66.11",
            "전용면적(평)":"19평",
            "법정동주소":"경기도 안산시 상록구 사동 1538-1",
            "도로명주소":"경기도 안산시 상록구 삼리로 86",
            "세대수":0,
            "입주년차":20,
            "용적률점수":"--",
            "건폐율점수":"--",
            "세대당주차수":0,
            "난방방식":100,
            "공급면적":"--",
            "전용률":"--",
            "욕실수":50,
            "현관타입":100,
            "주거총점":29.0,
            "지역구공급총점":100.0,
            "역세권":50,
            "30분내 이동가능 거점":20,
            "1시간내 이동가능 거점":80,
            "교통총점":47.0,
            "백화점":100,
            "아울렛몰":0,
            "대형마트":0,
            "은행":20,
            "병원":60,
            "종합병원":100,
            "공원":100,
            "혐오시설":0,
            "인프라총점":61.0,
            "초등학군":90.02,
            "중학군":41.82,
            "학군총점":51.46,
            "인구수":41.02,
            "인구증감":-2.34,
            "인구총점":28.012,
            "일자리":24.96,
            "소득수준":62.84,
            "일자리총점":36.324,
            "가치 총점":48.269,
            "매매실거래년":20211225.0,
            "매매실거래가":39300.0,
            "전세실거래년":20211111.0,
            "전세실거래가":17800.0,
            "전세가율":63.57,
            "장기전세가율평균":70.56,
            "전세가율거품지수":6.99,
            "검색코드":8396,
            "세대수":106.0,
            "준공년월":"2000-05-03",
            "준공년차":23.0,
            "가까운역이름":"한대앞",
            "가까운역거리":736.12,
            "역세권여부":"준역세권",
            "30분이내주요거점역":1,
            "30분거점역이름":"['안산']",
            "1시간이내주요거점역":8,
            "1시간거점역이름":"['강남', '역삼', '송도', '수원시청', '평촌', '가산디지털단지', '수원', '안산']",
            "3km이내백화점수":1,
            "5km이내아울렛몰수":0,
            "1km이내대형먀트수":0,
            "500m이내은행수":2,
            "500m이내병원수":23,
            "5km이내대형병원수":4,
            "500m이내공원수":5,
            "3km이내혐오시설수":0,
            "초등학교학업성취도":90.02,
            "중학교학업성취도":69.7,
            "용적률":149,
            "건폐율":20,
            "Y":37.30404,
            "X":126.84919,
            "rank":31.0,
            "area_info":"19평(66.11), 24평(79.57)",
            "last_sales":"2021-12-25,39300.0,24평(79.57)",
            "rank_history":[
                [
                    "202203",
                    31
                ],
                [
                    "202202",
                    24
                ],
                [
                    "202201",
                    22
                ]
            ],
            "rank_gap":-7
        },
        {
            "index":178,
            "아파트명":"푸른마을4단지",
            "투자타입":"일반",
            "전용면적(m2)":"65.13",
            "전용면적(평)":"19평",
            "법정동주소":"경기도 안산시 상록구 사동 1537",
            "도로명주소":"경기도 안산시 상록구 용하공원로 7",
            "세대수":30,
            "입주년차":20,
            "용적률점수":"--",
            "건폐율점수":"--",
            "세대당주차수":0,
            "난방방식":100,
            "공급면적":"--",
            "전용률":"--",
            "욕실수":50,
            "현관타입":10,
            "주거총점":30.5,
            "지역구공급총점":100.0,
            "역세권":50,
            "30분내 이동가능 거점":20,
            "1시간내 이동가능 거점":70,
            "교통총점":45.0,
            "백화점":100,
            "아울렛몰":0,
            "대형마트":0,
            "은행":0,
            "병원":60,
            "종합병원":100,
            "공원":100,
            "혐오시설":0,
            "인프라총점":59.0,
            "초등학군":89.98,
            "중학군":41.82,
            "학군총점":51.452,
            "인구수":41.02,
            "인구증감":-2.34,
            "인구총점":28.012,
            "일자리":24.96,
            "소득수준":62.84,
            "일자리총점":36.324,
            "가치 총점":47.2678,
            "매매실거래년":20211229.0,
            "매매실거래가":32000.0,
            "전세실거래년":20211122.0,
            "전세실거래가":21000.0,
            "전세가율":65.62,
            "장기전세가율평균":70.56,
            "전세가율거품지수":4.94,
            "검색코드":8397,
            "세대수":327.0,
            "준공년월":"2000-05-03",
            "준공년차":23.0,
            "가까운역이름":"한대앞",
            "가까운역거리":632.86,
            "역세권여부":"준역세권",
            "30분이내주요거점역":1,
            "30분거점역이름":"['안산']",
            "1시간이내주요거점역":7,
            "1시간거점역이름":"['강남', '송도', '수원시청', '평촌', '가산디지털단지', '수원', '안산']",
            "3km이내백화점수":1,
            "5km이내아울렛몰수":0,
            "1km이내대형먀트수":0,
            "500m이내은행수":0,
            "500m이내병원수":23,
            "5km이내대형병원수":3,
            "500m이내공원수":5,
            "3km이내혐오시설수":0,
            "초등학교학업성취도":89.98,
            "중학교학업성취도":69.7,
            "용적률":147,
            "건폐율":18,
            "Y":37.304322,
            "X":126.850866,
            "rank":32.0,
            "area_info":"19평(65.13), 19평(65.42), 23평(78.39)",
            "last_sales":"2021-12-29,32000.0,19평(65.13)",
            "rank_history":[
                [
                    "202203",
                    32
                ],
                [
                    "202202",
                    19
                ],
                [
                    "202201",
                    17
                ]
            ],
            "rank_gap":-13
        },
        {
            "index":45,
            "아파트명":"태영",
            "투자타입":"재건축",
            "전용면적(m2)":"77.68",
            "전용면적(평)":"23평",
            "법정동주소":"경기도 안산시 상록구 본오동 879-15",
            "도로명주소":"경기도 안산시 상록구 충장로 198",
            "세대수":50,
            "입주년차":"--",
            "용적률점수":60,
            "건폐율점수":0,
            "세대당주차수":"--",
            "난방방식":"--",
            "공급면적":50,
            "전용률":80,
            "욕실수":"--",
            "현관타입":"--",
            "주거총점":45.5,
            "지역구공급총점":100.0,
            "역세권":50,
            "30분내 이동가능 거점":20,
            "1시간내 이동가능 거점":60,
            "교통총점":43.0,
            "백화점":0,
            "아울렛몰":0,
            "대형마트":80,
            "은행":70,
            "병원":80,
            "종합병원":100,
            "공원":100,
            "혐오시설":0,
            "인프라총점":50.0,
            "초등학군":90.0,
            "중학군":42.22,
            "학군총점":51.776,
            "인구수":41.02,
            "인구증감":-2.34,
            "인구총점":28.012,
            "일자리":24.96,
            "소득수준":62.84,
            "일자리총점":36.324,
            "가치 총점":46.9164,
            "매매실거래년":20211125.0,
            "매매실거래가":61000.0,
            "전세실거래년":20211207.0,
            "전세실거래가":25000.0,
            "전세가율":74.18,
            "장기전세가율평균":70.56,
            "전세가율거품지수":-3.62,
            "검색코드":1928,
            "세대수":672.0,
            "준공년월":"1991-07-19",
            "준공년차":32.0,
            "가까운역이름":"상록수",
            "가까운역거리":625.77,
            "역세권여부":"준역세권",
            "30분이내주요거점역":1,
            "30분거점역이름":"['안산']",
            "1시간이내주요거점역":6,
            "1시간거점역이름":"['강남', '수원시청', '평촌', '가산디지털단지', '수원', '안산']",
            "3km이내백화점수":0,
            "5km이내아울렛몰수":0,
            "1km이내대형먀트수":1,
            "500m이내은행수":4,
            "500m이내병원수":57,
            "5km이내대형병원수":3,
            "500m이내공원수":3,
            "3km이내혐오시설수":0,
            "초등학교학업성취도":90.0,
            "중학교학업성취도":70.1,
            "용적률":183,
            "건폐율":0,
            "Y":37.298991,
            "X":126.861459,
            "rank":33.0,
            "area_info":"23평(77.68), 28평(94.73), 32평(106.01), 43평(144.29), 50평(166.2)",
            "last_sales":"2021-11-25,61000.0,50평(166.2)",
            "rank_history":[
                [
                    "202203",
                    33
                ],
                [
                    "202202",
                    22
                ],
                [
                    "202201",
                    24
                ]
            ],
            "rank_gap":-11
        },
        {
            "index":109,
            "아파트명":"상록수타운월드",
            "투자타입":"일반",
            "전용면적(m2)":"73.96",
            "전용면적(평)":"22평",
            "법정동주소":"경기도 안산시 상록구 사동 1346",
            "도로명주소":"경기도 안산시 상록구 감골로 59",
            "세대수":50,
            "입주년차":0,
            "용적률점수":"--",
            "건폐율점수":"--",
            "세대당주차수":30,
            "난방방식":30,
            "공급면적":"--",
            "전용률":"--",
            "욕실수":50,
            "현관타입":100,
            "주거총점":40.0,
            "지역구공급총점":100.0,
            "역세권":80,
            "30분내 이동가능 거점":40,
            "1시간내 이동가능 거점":60,
            "교통총점":64.0,
            "백화점":0,
            "아울렛몰":0,
            "대형마트":0,
            "은행":0,
            "병원":60,
            "종합병원":100,
            "공원":100,
            "혐오시설":0,
            "인프라총점":29.0,
            "초등학군":89.98,
            "중학군":33.3,
            "학군총점":44.636,
            "인구수":41.02,
            "인구증감":-2.34,
            "인구총점":28.012,
            "일자리":24.96,
            "소득수준":62.84,
            "일자리총점":36.324,
            "가치 총점":45.7954,
            "매매실거래년":20211215.0,
            "매매실거래가":63500.0,
            "전세실거래년":20220122.0,
            "전세실거래가":23000.0,
            "전세가율":79.58,
            "장기전세가율평균":70.56,
            "전세가율거품지수":-9.02,
            "검색코드":1936,
            "세대수":626.0,
            "준공년월":"1993-10-23",
            "준공년차":30.0,
            "가까운역이름":"사리",
            "가까운역거리":488.57,
            "역세권여부":"역세권",
            "30분이내주요거점역":2,
            "30분거점역이름":"['수원', '안산']",
            "1시간이내주요거점역":6,
            "1시간거점역이름":"['송도', '수원시청', '평촌', '수원', '안산', 'GTX용인(2023년)']",
            "3km이내백화점수":0,
            "5km이내아울렛몰수":0,
            "1km이내대형먀트수":0,
            "500m이내은행수":1,
            "500m이내병원수":10,
            "5km이내대형병원수":3,
            "500m이내공원수":2,
            "3km이내혐오시설수":0,
            "초등학교학업성취도":89.98,
            "중학교학업성취도":55.5,
            "용적률":141,
            "건폐율":22,
            "Y":37.287389,
            "X":126.853391,
            "rank":34.0,
            "area_info":"22평(73.96), 28평(94.93), 32평(106.9), 39평(131.29), 51평(169.62), 61평(201.71)",
            "last_sales":"2021-12-15,63500.0,61평(201.71)",
            "rank_history":[
                [
                    "202203",
                    34
                ],
                [
                    "202202",
                    46
                ],
                [
                    "202201",
                    49
                ]
            ],
            "rank_gap":12
        },
        {
            "index":26,
            "아파트명":"신안2차",
            "투자타입":"일반",
            "전용면적(m2)":"89.29",
            "전용면적(평)":"27평",
            "법정동주소":"경기도 안산시 상록구 본오동 879-16",
            "도로명주소":"경기도 안산시 상록구 반석로 9",
            "세대수":80,
            "입주년차":0,
            "용적률점수":"--",
            "건폐율점수":"--",
            "세대당주차수":0,
            "난방방식":30,
            "공급면적":"--",
            "전용률":"--",
            "욕실수":50,
            "현관타입":10,
            "주거총점":37.0,
            "지역구공급총점":100.0,
            "역세권":50,
            "30분내 이동가능 거점":20,
            "1시간내 이동가능 거점":60,
            "교통총점":43.0,
            "백화점":0,
            "아울렛몰":0,
            "대형마트":80,
            "은행":70,
            "병원":80,
            "종합병원":100,
            "공원":100,
            "혐오시설":0,
            "인프라총점":50.0,
            "초등학군":90.0,
            "중학군":44.64,
            "학군총점":53.712,
            "인구수":41.02,
            "인구증감":-2.34,
            "인구총점":28.012,
            "일자리":24.96,
            "소득수준":62.84,
            "일자리총점":36.324,
            "가치 총점":45.5068,
            "매매실거래년":20211231.0,
            "매매실거래가":43000.0,
            "전세실거래년":20211025.0,
            "전세실거래가":13650.0,
            "전세가율":39.45,
            "장기전세가율평균":70.56,
            "전세가율거품지수":31.11,
            "검색코드":1924,
            "세대수":776.0,
            "준공년월":"1993-05-25",
            "준공년차":30.0,
            "가까운역이름":"상록수",
            "가까운역거리":748.69,
            "역세권여부":"준역세권",
            "30분이내주요거점역":1,
            "30분거점역이름":"['안산']",
            "1시간이내주요거점역":6,
            "1시간거점역이름":"['강남', '수원시청', '평촌', '가산디지털단지', '수원', '안산']",
            "3km이내백화점수":0,
            "5km이내아울렛몰수":0,
            "1km이내대형먀트수":1,
            "500m이내은행수":3,
            "500m이내병원수":43,
            "5km이내대형병원수":3,
            "500m이내공원수":3,
            "3km이내혐오시설수":0,
            "초등학교학업성취도":90.0,
            "중학교학업성취도":73.8,
            "용적률":274,
            "건폐율":25,
            "Y":37.297726,
            "X":126.861118,
            "rank":35.0,
            "area_info":"27평(89.29), 31평(103.38), 34평(112.51), 54평(180.99), 58평(193.87)",
            "last_sales":"2021-12-31,43000.0,31평(103.38)",
            "rank_history":[
                [
                    "202203",
                    35
                ],
                [
                    "202202",
                    26
                ],
                [
                    "202201",
                    27
                ]
            ],
            "rank_gap":-9
        },
        {
            "index":18,
            "아파트명":"신안1차",
            "투자타입":"일반",
            "전용면적(m2)":"90.09",
            "전용면적(평)":"27평",
            "법정동주소":"경기도 안산시 상록구 본오동 871",
            "도로명주소":"경기도 안산시 상록구 반석로 44",
            "세대수":100,
            "입주년차":0,
            "용적률점수":"--",
            "건폐율점수":"--",
            "세대당주차수":0,
            "난방방식":30,
            "공급면적":"--",
            "전용률":"--",
            "욕실수":50,
            "현관타입":100,
            "주거총점":53.0,
            "지역구공급총점":100.0,
            "역세권":50,
            "30분내 이동가능 거점":0,
            "1시간내 이동가능 거점":60,
            "교통총점":37.0,
            "백화점":0,
            "아울렛몰":0,
            "대형마트":80,
            "은행":70,
            "병원":80,
            "종합병원":100,
            "공원":100,
            "혐오시설":0,
            "인프라총점":50.0,
            "초등학군":90.02,
            "중학군":34.68,
            "학군총점":45.748,
            "인구수":41.02,
            "인구증감":-2.34,
            "인구총점":28.012,
            "일자리":24.96,
            "소득수준":62.84,
            "일자리총점":36.324,
            "가치 총점":45.4122,
            "매매실거래년":20211227.0,
            "매매실거래가":55000.0,
            "전세실거래년":20220221.0,
            "전세실거래가":17850.0,
            "전세가율":53.28,
            "장기전세가율평균":70.56,
            "전세가율거품지수":17.28,
            "검색코드":1922,
            "세대수":2132.0,
            "준공년월":"1993-06-10",
            "준공년차":30.0,
            "가까운역이름":"사리",
            "가까운역거리":846.6,
            "역세권여부":"준역세권",
            "30분이내주요거점역":0,
            "30분거점역이름":"[]",
            "1시간이내주요거점역":6,
            "1시간거점역이름":"['강남', '수원시청', '평촌', '가산디지털단지', '수원', '안산']",
            "3km이내백화점수":0,
            "5km이내아울렛몰수":0,
            "1km이내대형먀트수":1,
            "500m이내은행수":3,
            "500m이내병원수":56,
            "5km이내대형병원수":3,
            "500m이내공원수":4,
            "3km이내혐오시설수":0,
            "초등학교학업성취도":90.02,
            "중학교학업성취도":57.8,
            "용적률":292,
            "건폐율":0,
            "Y":37.295042,
            "X":126.864914,
            "rank":36.0,
            "area_info":"27평(90.09), 27평(91.9), 32평(108.2), 36평(120.54), 53평(175.82), 61평(202.08), 61평(203.11), 61평(203.52)",
            "last_sales":"2021-12-27,55000.0,53평(175.82)",
            "rank_history":[
                [
                    "202203",
                    36
                ],
                [
                    "202202",
                    27
                ],
                [
                    "202201",
                    26
                ]
            ],
            "rank_gap":-9
        },
        {
            "index":156,
            "아파트명":"엘리지움",
            "투자타입":"일반",
            "전용면적(m2)":"105.75",
            "전용면적(평)":"31평",
            "법정동주소":"경기도 안산시 상록구 사동 1318-4",
            "도로명주소":"경기도 안산시 상록구 석호로 204",
            "세대수":0,
            "입주년차":60,
            "용적률점수":"--",
            "건폐율점수":"--",
            "세대당주차수":60,
            "난방방식":30,
            "공급면적":"--",
            "전용률":"--",
            "욕실수":100,
            "현관타입":100,
            "주거총점":44.0,
            "지역구공급총점":100.0,
            "역세권":50,
            "30분내 이동가능 거점":40,
            "1시간내 이동가능 거점":60,
            "교통총점":49.0,
            "백화점":0,
            "아울렛몰":0,
            "대형마트":80,
            "은행":0,
            "병원":30,
            "종합병원":100,
            "공원":100,
            "혐오시설":0,
            "인프라총점":38.0,
            "초등학군":89.98,
            "중학군":44.64,
            "학군총점":53.708,
            "인구수":41.02,
            "인구증감":-2.34,
            "인구총점":28.012,
            "일자리":24.96,
            "소득수준":62.84,
            "일자리총점":36.324,
            "가치 총점":45.4062,
            "매매실거래년":20220225.0,
            "매매실거래가":34000.0,
            "전세실거래년":20210326.0,
            "전세실거래가":20000.0,
            "전세가율":66.67,
            "장기전세가율평균":70.56,
            "전세가율거품지수":3.89,
            "검색코드":103587,
            "세대수":99.0,
            "준공년월":"2010-08-26",
            "준공년차":13.0,
            "가까운역이름":"사리",
            "가까운역거리":560.4,
            "역세권여부":"준역세권",
            "30분이내주요거점역":2,
            "30분거점역이름":"['수원', '안산']",
            "1시간이내주요거점역":6,
            "1시간거점역이름":"['송도', '수원시청', '평촌', '수원', '안산', 'GTX용인(2023년)']",
            "3km이내백화점수":0,
            "5km이내아울렛몰수":0,
            "1km이내대형먀트수":1,
            "500m이내은행수":0,
            "500m이내병원수":9,
            "5km이내대형병원수":3,
            "500m이내공원수":4,
            "3km이내혐오시설수":0,
            "초등학교학업성취도":89.98,
            "중학교학업성취도":73.8,
            "용적률":707,
            "건폐율":64,
            "Y":37.294659,
            "X":126.85328,
            "rank":37.0,
            "area_info":"31평(105.75), 32평(106.05), 41평(138.59), 47평(157.07), 81평(270.5)",
            "last_sales":"2022-02-25,34000.0,47평(157.07)",
            "rank_history":[
                [
                    "202203",
                    37
                ],
                [
                    "202202",
                    9999
                ]
            ],
            "rank_gap":9999
        },
        {
            "index":216,
            "아파트명":"신우연립(1~4)",
            "투자타입":"재건축",
            "전용면적(m2)":"70.26",
            "전용면적(평)":"21평",
            "법정동주소":"경기도 안산시 상록구 성포동 585-1",
            "도로명주소":"경기도 안산시 상록구 충장로 462",
            "세대수":0,
            "입주년차":"--",
            "용적률점수":0,
            "건폐율점수":0,
            "세대당주차수":"--",
            "난방방식":"--",
            "공급면적":50,
            "전용률":60,
            "욕실수":"--",
            "현관타입":"--",
            "주거총점":5.5,
            "지역구공급총점":100.0,
            "역세권":50,
            "30분내 이동가능 거점":20,
            "1시간내 이동가능 거점":40,
            "교통총점":39.0,
            "백화점":100,
            "아울렛몰":0,
            "대형마트":100,
            "은행":0,
            "병원":30,
            "종합병원":100,
            "공원":100,
            "혐오시설":0,
            "인프라총점":71.0,
            "초등학군":89.98,
            "중학군":46.72,
            "학군총점":55.372,
            "인구수":41.02,
            "인구증감":-2.34,
            "인구총점":28.012,
            "일자리":24.96,
            "소득수준":62.84,
            "일자리총점":36.324,
            "가치 총점":44.3558,
            "매매실거래년":"18000101",
            "매매실거래가":null,
            "전세실거래년":null,
            "전세실거래가":null,
            "전세가율":null,
            "장기전세가율평균":70.56,
            "전세가율거품지수":null,
            "검색코드":119838,
            "세대수":72.0,
            "준공년월":"1992-01-30",
            "준공년차":31.0,
            "가까운역이름":"성포 (2024년 예정)",
            "가까운역거리":918.32,
            "역세권여부":"준역세권",
            "30분이내주요거점역":1,
            "30분거점역이름":"['안산']",
            "1시간이내주요거점역":4,
            "1시간거점역이름":"['수원시청', '평촌', '수원', '안산']",
            "3km이내백화점수":1,
            "5km이내아울렛몰수":0,
            "1km이내대형먀트수":2,
            "500m이내은행수":0,
            "500m이내병원수":8,
            "5km이내대형병원수":4,
            "500m이내공원수":2,
            "3km이내혐오시설수":0,
            "초등학교학업성취도":89.98,
            "중학교학업성취도":77.2,
            "용적률":0,
            "건폐율":0,
            "Y":37.320261,
            "X":126.850001,
            "rank":38.0,
            "area_info":"21평(70.26), 25평(84.53), 26평(88.13), 26평(88.35), 27평(89.43), 29평(97.24), 30평(102.0)",
            "last_sales":"1800-01-01,nan,21평(70.26)",
            "rank_history":[
                [
                    "202203",
                    38
                ],
                [
                    "202202",
                    9999
                ]
            ],
            "rank_gap":9999
        },
        {
            "index":151,
            "아파트명":"안산고잔푸르지오9차",
            "투자타입":"일반",
            "전용면적(m2)":"125.68",
            "전용면적(평)":"38평",
            "법정동주소":"경기도 안산시 상록구 사동 1511",
            "도로명주소":"경기도 안산시 상록구 해양로 16",
            "세대수":80,
            "입주년차":40,
            "용적률점수":"--",
            "건폐율점수":"--",
            "세대당주차수":60,
            "난방방식":100,
            "공급면적":"--",
            "전용률":"--",
            "욕실수":100,
            "현관타입":100,
            "주거총점":75.0,
            "지역구공급총점":100.0,
            "역세권":50,
            "30분내 이동가능 거점":0,
            "1시간내 이동가능 거점":40,
            "교통총점":33.0,
            "백화점":0,
            "아울렛몰":0,
            "대형마트":0,
            "은행":0,
            "병원":30,
            "종합병원":100,
            "공원":80,
            "혐오시설":0,
            "인프라총점":25.4,
            "초등학군":90.01,
            "중학군":54.78,
            "학군총점":61.826,
            "인구수":41.02,
            "인구증감":-2.34,
            "인구총점":28.012,
            "일자리":24.96,
            "소득수준":62.84,
            "일자리총점":36.324,
            "가치 총점":43.4439,
            "매매실거래년":20210123.0,
            "매매실거래가":80000.0,
            "전세실거래년":null,
            "전세실거래가":null,
            "전세가율":null,
            "장기전세가율평균":70.56,
            "전세가율거품지수":null,
            "검색코드":26021,
            "세대수":705.0,
            "준공년월":"2007-09-20",
            "준공년차":16.0,
            "가까운역이름":"한양대 (2024년 예정)",
            "가까운역거리":987.95,
            "역세권여부":"준역세권",
            "30분이내주요거점역":0,
            "30분거점역이름":"[]",
            "1시간이내주요거점역":4,
            "1시간거점역이름":"['수원시청', '평촌', '수원', '안산']",
            "3km이내백화점수":0,
            "5km이내아울렛몰수":0,
            "1km이내대형먀트수":0,
            "500m이내은행수":0,
            "500m이내병원수":5,
            "5km이내대형병원수":3,
            "500m이내공원수":1,
            "3km이내혐오시설수":0,
            "초등학교학업성취도":90.01,
            "중학교학업성취도":90.7,
            "용적률":198,
            "건폐율":12,
            "Y":37.293277,
            "X":126.820865,
            "rank":39.0,
            "area_info":"38평(125.68), 38평(126.09), 47평(158.19), 47평(158.17), 61평(204.51)",
            "last_sales":"2021-01-23,80000.0,61평(204.51)",
            "rank_history":[
                [
                    "202203",
                    39
                ],
                [
                    "202202",
                    42
                ],
                [
                    "202201",
                    43
                ]
            ],
            "rank_gap":3
        },
        {
            "index":130,
            "아파트명":"숲속마을",
            "투자타입":"일반",
            "전용면적(m2)":"91.77",
            "전용면적(평)":"27평",
            "법정동주소":"경기도 안산시 상록구 사동 1553",
            "도로명주소":"경기도 안산시 상록구 삼리로 24",
            "세대수":50,
            "입주년차":20,
            "용적률점수":"--",
            "건폐율점수":"--",
            "세대당주차수":60,
            "난방방식":100,
            "공급면적":"--",
            "전용률":"--",
            "욕실수":100,
            "현관타입":100,
            "주거총점":60.5,
            "지역구공급총점":100.0,
            "역세권":0,
            "30분내 이동가능 거점":20,
            "1시간내 이동가능 거점":60,
            "교통총점":18.0,
            "백화점":100,
            "아울렛몰":0,
            "대형마트":0,
            "은행":0,
            "병원":10,
            "종합병원":100,
            "공원":100,
            "혐오시설":0,
            "인프라총점":54.0,
            "초등학군":90.0,
            "중학군":41.82,
            "학군총점":51.456,
            "인구수":41.02,
            "인구증감":-2.34,
            "인구총점":28.012,
            "일자리":24.96,
            "소득수준":62.84,
            "일자리총점":36.324,
            "가치 총점":42.3184,
            "매매실거래년":20211129.0,
            "매매실거래가":62500.0,
            "전세실거래년":20220219.0,
            "전세실거래가":26250.0,
            "전세가율":65.62,
            "장기전세가율평균":70.56,
            "전세가율거품지수":4.94,
            "검색코드":2791,
            "세대수":554.0,
            "준공년월":"1999-11-30",
            "준공년차":24.0,
            "가까운역이름":"호수 (2024년 예정)",
            "가까운역거리":1180.97,
            "역세권여부":"비역세권",
            "30분이내주요거점역":1,
            "30분거점역이름":"['안산']",
            "1시간이내주요거점역":6,
            "1시간거점역이름":"['강남', '역삼', '수원시청', '평촌', '수원', '안산']",
            "3km이내백화점수":1,
            "5km이내아울렛몰수":0,
            "1km이내대형먀트수":0,
            "500m이내은행수":1,
            "500m이내병원수":2,
            "5km이내대형병원수":4,
            "500m이내공원수":5,
            "3km이내혐오시설수":0,
            "초등학교학업성취도":90.0,
            "중학교학업성취도":69.7,
            "용적률":184,
            "건폐율":19,
            "Y":37.30417,
            "X":126.84114,
            "rank":40.0,
            "area_info":"27평(91.77), 32평(108.23), 37평(124.22), 42평(140.07), 53평(176.57)",
            "last_sales":"2021-11-29,62500.0,53평(176.57)",
            "rank_history":[
                [
                    "202203",
                    40
                ],
                [
                    "202202",
                    35
                ],
                [
                    "202201",
                    35
                ]
            ],
            "rank_gap":-5
        },
        {
            "index":14,
            "아파트명":"신동아종건블루아(도시형)",
            "투자타입":"일반",
            "전용면적(m2)":"25.63",
            "전용면적(평)":"7평",
            "법정동주소":"경기도 안산시 상록구 건건동 536-40",
            "도로명주소":"경기도 안산시 상록구 건건로 119-9",
            "세대수":0,
            "입주년차":60,
            "용적률점수":"--",
            "건폐율점수":"--",
            "세대당주차수":0,
            "난방방식":30,
            "공급면적":"--",
            "전용률":"--",
            "욕실수":50,
            "현관타입":10,
            "주거총점":21.0,
            "지역구공급총점":100.0,
            "역세권":80,
            "30분내 이동가능 거점":40,
            "1시간내 이동가능 거점":70,
            "교통총점":66.0,
            "백화점":0,
            "아울렛몰":0,
            "대형마트":0,
            "은행":0,
            "병원":30,
            "종합병원":80,
            "공원":100,
            "혐오시설":0,
            "인프라총점":22.0,
            "초등학군":89.99,
            "중학군":44.2,
            "학군총점":53.358,
            "인구수":41.02,
            "인구증감":-2.34,
            "인구총점":28.012,
            "일자리":24.96,
            "소득수준":62.84,
            "일자리총점":36.324,
            "가치 총점":41.9037,
            "매매실거래년":20220125.0,
            "매매실거래가":9000.0,
            "전세실거래년":null,
            "전세실거래가":null,
            "전세가율":null,
            "장기전세가율평균":70.56,
            "전세가율거품지수":null,
            "검색코드":108624,
            "세대수":165.0,
            "준공년월":"2013-04-24",
            "준공년차":10.0,
            "가까운역이름":"반월",
            "가까운역거리":115.81,
            "역세권여부":"역세권",
            "30분이내주요거점역":2,
            "30분거점역이름":"['평촌', '안산']",
            "1시간이내주요거점역":7,
            "1시간거점역이름":"['강남', '역삼', '수원시청', '평촌', '가산디지털단지', '수원', '안산']",
            "3km이내백화점수":0,
            "5km이내아울렛몰수":0,
            "1km이내대형먀트수":0,
            "500m이내은행수":0,
            "500m이내병원수":6,
            "5km이내대형병원수":1,
            "500m이내공원수":2,
            "3km이내혐오시설수":0,
            "초등학교학업성취도":89.99,
            "중학교학업성취도":73.0,
            "용적률":247,
            "건폐율":54,
            "Y":37.311369,
            "X":126.90413,
            "rank":41.0,
            "area_info":"7평(25.63), 7평(25.96), 8평(27.37), 12평(42.85)",
            "last_sales":"2022-01-25,9000.0,7평(25.96)",
            "rank_history":[
                [
                    "202203",
                    41
                ],
                [
                    "202202",
                    23
                ],
                [
                    "202201",
                    23
                ]
            ],
            "rank_gap":-18
        },
        {
            "index":115,
            "아파트명":"상록수현대1차",
            "투자타입":"일반",
            "전용면적(m2)":"69.58",
            "전용면적(평)":"21평",
            "법정동주소":"경기도 안산시 상록구 사동 1345-2",
            "도로명주소":"경기도 안산시 상록구 감골1로 43",
            "세대수":50,
            "입주년차":0,
            "용적률점수":"--",
            "건폐율점수":"--",
            "세대당주차수":60,
            "난방방식":30,
            "공급면적":"--",
            "전용률":"--",
            "욕실수":50,
            "현관타입":100,
            "주거총점":44.5,
            "지역구공급총점":100.0,
            "역세권":50,
            "30분내 이동가능 거점":40,
            "1시간내 이동가능 거점":60,
            "교통총점":49.0,
            "백화점":0,
            "아울렛몰":0,
            "대형마트":0,
            "은행":0,
            "병원":30,
            "종합병원":100,
            "공원":80,
            "혐오시설":0,
            "인프라총점":25.4,
            "초등학군":89.98,
            "중학군":44.64,
            "학군총점":53.708,
            "인구수":41.02,
            "인구증감":-2.34,
            "인구총점":28.012,
            "일자리":24.96,
            "소득수준":62.84,
            "일자리총점":36.324,
            "가치 총점":41.7262,
            "매매실거래년":20220203.0,
            "매매실거래가":48000.0,
            "전세실거래년":20210730.0,
            "전세실거래가":22000.0,
            "전세가율":83.02,
            "장기전세가율평균":70.56,
            "전세가율거품지수":-12.46,
            "검색코드":1938,
            "세대수":478.0,
            "준공년월":"1994-10-31",
            "준공년차":29.0,
            "가까운역이름":"사리",
            "가까운역거리":600.37,
            "역세권여부":"준역세권",
            "30분이내주요거점역":2,
            "30분거점역이름":"['수원', '안산']",
            "1시간이내주요거점역":6,
            "1시간거점역이름":"['송도', '수원시청', '평촌', '수원', '안산', 'GTX용인(2023년)']",
            "3km이내백화점수":0,
            "5km이내아울렛몰수":0,
            "1km이내대형먀트수":0,
            "500m이내은행수":1,
            "500m이내병원수":7,
            "5km이내대형병원수":3,
            "500m이내공원수":1,
            "3km이내혐오시설수":0,
            "초등학교학업성취도":89.98,
            "중학교학업성취도":73.8,
            "용적률":149,
            "건폐율":17,
            "Y":37.289262,
            "X":126.850543,
            "rank":42.0,
            "area_info":"21평(69.58), 31평(102.58), 32평(106.58), 44평(145.89), 55평(184.67)",
            "last_sales":"2022-02-03,48000.0,32평(106.58)",
            "rank_history":[
                [
                    "202203",
                    42
                ],
                [
                    "202202",
                    44
                ],
                [
                    "202201",
                    44
                ]
            ],
            "rank_gap":2
        },
        {
            "index":125,
            "아파트명":"선경",
            "투자타입":"일반",
            "전용면적(m2)":"67.75",
            "전용면적(평)":"20평",
            "법정동주소":"경기도 안산시 상록구 사동 1345",
            "도로명주소":"경기도 안산시 상록구 감골2로 58",
            "세대수":50,
            "입주년차":0,
            "용적률점수":"--",
            "건폐율점수":"--",
            "세대당주차수":30,
            "난방방식":30,
            "공급면적":"--",
            "전용률":"--",
            "욕실수":50,
            "현관타입":100,
            "주거총점":40.0,
            "지역구공급총점":100.0,
            "역세권":50,
            "30분내 이동가능 거점":40,
            "1시간내 이동가능 거점":60,
            "교통총점":49.0,
            "백화점":0,
            "아울렛몰":0,
            "대형마트":0,
            "은행":0,
            "병원":30,
            "종합병원":100,
            "공원":100,
            "혐오시설":0,
            "인프라총점":26.0,
            "초등학군":89.98,
            "중학군":44.64,
            "학군총점":53.708,
            "인구수":41.02,
            "인구증감":-2.34,
            "인구총점":28.012,
            "일자리":24.96,
            "소득수준":62.84,
            "일자리총점":36.324,
            "가치 총점":41.0062,
            "매매실거래년":20211021.0,
            "매매실거래가":61700.0,
            "전세실거래년":20210812.0,
            "전세실거래가":20000.0,
            "전세가율":71.94,
            "장기전세가율평균":70.56,
            "전세가율거품지수":-1.38,
            "검색코드":1932,
            "세대수":550.0,
            "준공년월":"1994-07-28",
            "준공년차":29.0,
            "가까운역이름":"사리",
            "가까운역거리":638.99,
            "역세권여부":"준역세권",
            "30분이내주요거점역":2,
            "30분거점역이름":"['수원', '안산']",
            "1시간이내주요거점역":6,
            "1시간거점역이름":"['송도', '수원시청', '평촌', '수원', '안산', 'GTX용인(2023년)']",
            "3km이내백화점수":0,
            "5km이내아울렛몰수":0,
            "1km이내대형먀트수":0,
            "500m이내은행수":0,
            "500m이내병원수":8,
            "5km이내대형병원수":3,
            "500m이내공원수":3,
            "3km이내혐오시설수":0,
            "초등학교학업성취도":89.98,
            "중학교학업성취도":73.8,
            "용적률":158,
            "건폐율":17,
            "Y":37.29216,
            "X":126.850138,
            "rank":43.0,
            "area_info":"20평(67.75), 27평(91.5), 32평(106.77), 47평(158.42), 60평(201.03)",
            "last_sales":"2021-10-21,61700.0,60평(201.03)",
            "rank_history":[
                [
                    "202203",
                    43
                ],
                [
                    "202202",
                    45
                ],
                [
                    "202201",
                    45
                ]
            ],
            "rank_gap":2
        },
        {
            "index":104,
            "아파트명":"상록삼보",
            "투자타입":"일반",
            "전용면적(m2)":"95.94",
            "전용면적(평)":"29평",
            "법정동주소":"경기도 안산시 상록구 사동 1514",
            "도로명주소":"경기도 안산시 상록구 삼리로 23",
            "세대수":30,
            "입주년차":20,
            "용적률점수":"--",
            "건폐율점수":"--",
            "세대당주차수":60,
            "난방방식":100,
            "공급면적":"--",
            "전용률":"--",
            "욕실수":100,
            "현관타입":100,
            "주거총점":53.5,
            "지역구공급총점":100.0,
            "역세권":0,
            "30분내 이동가능 거점":20,
            "1시간내 이동가능 거점":50,
            "교통총점":16.0,
            "백화점":100,
            "아울렛몰":0,
            "대형마트":0,
            "은행":0,
            "병원":10,
            "종합병원":100,
            "공원":100,
            "혐오시설":0,
            "인프라총점":54.0,
            "초등학군":89.97,
            "중학군":41.82,
            "학군총점":51.45,
            "인구수":41.02,
            "인구증감":-2.34,
            "인구총점":28.012,
            "일자리":24.96,
            "소득수준":62.84,
            "일자리총점":36.324,
            "가치 총점":40.2175,
            "매매실거래년":20211218.0,
            "매매실거래가":59000.0,
            "전세실거래년":20210112.0,
            "전세실거래가":16275.0,
            "전세가율":58.13,
            "장기전세가율평균":70.56,
            "전세가율거품지수":12.43,
            "검색코드":8394,
            "세대수":352.0,
            "준공년월":"1999-11-25",
            "준공년차":24.0,
            "가까운역이름":"한대앞",
            "가까운역거리":1081.6,
            "역세권여부":"비역세권",
            "30분이내주요거점역":1,
            "30분거점역이름":"['안산']",
            "1시간이내주요거점역":5,
            "1시간거점역이름":"['강남', '수원시청', '평촌', '수원', '안산']",
            "3km이내백화점수":1,
            "5km이내아울렛몰수":0,
            "1km이내대형먀트수":0,
            "500m이내은행수":1,
            "500m이내병원수":2,
            "5km이내대형병원수":4,
            "500m이내공원수":5,
            "3km이내혐오시설수":0,
            "초등학교학업성취도":89.97,
            "중학교학업성취도":69.7,
            "용적률":181,
            "건폐율":19,
            "Y":37.30599,
            "X":126.842584,
            "rank":44.0,
            "area_info":"29평(95.94), 32평(106.82), 36평(120.06), 43평(142.97), 51평(168.61)",
            "last_sales":"2021-12-18,59000.0,51평(168.61)",
            "rank_history":[
                [
                    "202203",
                    44
                ],
                [
                    "202202",
                    36
                ],
                [
                    "202201",
                    36
                ]
            ],
            "rank_gap":-8
        },
        {
            "index":166,
            "아파트명":"요진",
            "투자타입":"일반",
            "전용면적(m2)":"71.11",
            "전용면적(평)":"21평",
            "법정동주소":"경기도 안산시 상록구 사동 1345-1",
            "도로명주소":"경기도 안산시 상록구 감골2로 47",
            "세대수":50,
            "입주년차":0,
            "용적률점수":"--",
            "건폐율점수":"--",
            "세대당주차수":0,
            "난방방식":30,
            "공급면적":"--",
            "전용률":"--",
            "욕실수":50,
            "현관타입":100,
            "주거총점":35.5,
            "지역구공급총점":100.0,
            "역세권":50,
            "30분내 이동가능 거점":40,
            "1시간내 이동가능 거점":60,
            "교통총점":49.0,
            "백화점":0,
            "아울렛몰":0,
            "대형마트":0,
            "은행":0,
            "병원":30,
            "종합병원":100,
            "공원":100,
            "혐오시설":0,
            "인프라총점":26.0,
            "초등학군":89.98,
            "중학군":44.64,
            "학군총점":53.708,
            "인구수":41.02,
            "인구증감":-2.34,
            "인구총점":28.012,
            "일자리":24.96,
            "소득수준":62.84,
            "일자리총점":36.324,
            "가치 총점":40.1062,
            "매매실거래년":20210929.0,
            "매매실거래가":65000.0,
            "전세실거래년":20210410.0,
            "전세실거래가":13000.0,
            "전세가율":52.0,
            "장기전세가율평균":70.56,
            "전세가율거품지수":18.56,
            "검색코드":1934,
            "세대수":598.0,
            "준공년월":"1994-08-31",
            "준공년차":29.0,
            "가까운역이름":"사리",
            "가까운역거리":647.26,
            "역세권여부":"준역세권",
            "30분이내주요거점역":2,
            "30분거점역이름":"['수원', '안산']",
            "1시간이내주요거점역":6,
            "1시간거점역이름":"['송도', '수원시청', '평촌', '수원', '안산', 'GTX용인(2023년)']",
            "3km이내백화점수":0,
            "5km이내아울렛몰수":0,
            "1km이내대형먀트수":0,
            "500m이내은행수":0,
            "500m이내병원수":7,
            "5km이내대형병원수":3,
            "500m이내공원수":2,
            "3km이내혐오시설수":0,
            "초등학교학업성취도":89.98,
            "중학교학업성취도":73.8,
            "용적률":157,
            "건폐율":14,
            "Y":37.290688,
            "X":126.849788,
            "rank":45.0,
            "area_info":"21평(71.11), 28평(93.8), 30평(102.03), 32평(106.52), 47평(156.92), 55평(182.73), 64평(212.76)",
            "last_sales":"2021-09-29,65000.0,64평(212.76)",
            "rank_history":[
                [
                    "202203",
                    45
                ],
                [
                    "202202",
                    47
                ],
                [
                    "202201",
                    47
                ]
            ],
            "rank_gap":2
        },
        {
            "index":78,
            "아파트명":"그랑시티자이2차",
            "투자타입":"일반",
            "전용면적(m2)":"84.59",
            "전용면적(평)":"25평",
            "법정동주소":"경기도 안산시 상록구 사동 1639",
            "도로명주소":"경기도 안산시 상록구 해양5로 17",
            "세대수":100,
            "입주년차":100,
            "용적률점수":"--",
            "건폐율점수":"--",
            "세대당주차수":60,
            "난방방식":100,
            "공급면적":"--",
            "전용률":"--",
            "욕실수":100,
            "현관타입":100,
            "주거총점":94.0,
            "지역구공급총점":100.0,
            "역세권":0,
            "30분내 이동가능 거점":0,
            "1시간내 이동가능 거점":10,
            "교통총점":2.0,
            "백화점":0,
            "아울렛몰":0,
            "대형마트":0,
            "은행":0,
            "병원":10,
            "종합병원":100,
            "공원":0,
            "혐오시설":0,
            "인프라총점":21.0,
            "초등학군":90.01,
            "중학군":54.78,
            "학군총점":61.826,
            "인구수":41.02,
            "인구증감":-2.34,
            "인구총점":28.012,
            "일자리":24.96,
            "소득수준":62.84,
            "일자리총점":36.324,
            "가치 총점":35.0739,
            "매매실거래년":20210324.0,
            "매매실거래가":88190.0,
            "전세실거래년":20211019.0,
            "전세실거래가":27000.0,
            "전세가율":46.65,
            "장기전세가율평균":70.56,
            "전세가율거품지수":23.91,
            "검색코드":117350,
            "세대수":2872.0,
            "준공년월":"2020-10-01",
            "준공년차":3.0,
            "가까운역이름":"한양대 (2024년 예정)",
            "가까운역거리":2247.5,
            "역세권여부":"비역세권",
            "30분이내주요거점역":0,
            "30분거점역이름":"[]",
            "1시간이내주요거점역":1,
            "1시간거점역이름":"['안산']",
            "3km이내백화점수":0,
            "5km이내아울렛몰수":0,
            "1km이내대형먀트수":0,
            "500m이내은행수":0,
            "500m이내병원수":4,
            "5km이내대형병원수":2,
            "500m이내공원수":0,
            "3km이내혐오시설수":0,
            "초등학교학업성취도":90.01,
            "중학교학업성취도":90.7,
            "용적률":0,
            "건폐율":0,
            "Y":37.280385,
            "X":126.831797,
            "rank":46.0,
            "area_info":"25평(84.59), 28평(95.58), 31평(104.06), 35평(117.4), 35평(117.94), 35평(117.03), 35평(118.38), 35평(118.27), 36평(119.04), 39평(131.16), 39평(131.74), 39평(131.69), 39평(131.63), 40평(132.4), 42평(141.32), 48평(159.45), 53평(175.29), 59평(196.79)",
            "last_sales":"2021-03-24,88190.0,48평(159.45)",
            "rank_history":[
                [
                    "202203",
                    46
                ],
                [
                    "202202",
                    38
                ],
                [
                    "202201",
                    38
                ]
            ],
            "rank_gap":-8
        },
        {
            "index":62,
            "아파트명":"그랑시티자이",
            "투자타입":"일반",
            "전용면적(m2)":"84.79",
            "전용면적(평)":"25평",
            "법정동주소":"경기도 안산시 상록구 사동 1639-7",
            "도로명주소":"경기도 안산시 상록구 해양4로 31",
            "세대수":100,
            "입주년차":100,
            "용적률점수":"--",
            "건폐율점수":"--",
            "세대당주차수":30,
            "난방방식":100,
            "공급면적":"--",
            "전용률":"--",
            "욕실수":100,
            "현관타입":100,
            "주거총점":89.5,
            "지역구공급총점":100.0,
            "역세권":0,
            "30분내 이동가능 거점":0,
            "1시간내 이동가능 거점":20,
            "교통총점":4.0,
            "백화점":0,
            "아울렛몰":0,
            "대형마트":0,
            "은행":0,
            "병원":10,
            "종합병원":100,
            "공원":0,
            "혐오시설":0,
            "인프라총점":21.0,
            "초등학군":90.01,
            "중학군":54.78,
            "학군총점":61.826,
            "인구수":41.02,
            "인구증감":-2.34,
            "인구총점":28.012,
            "일자리":24.96,
            "소득수준":62.84,
            "일자리총점":36.324,
            "가치 총점":34.8739,
            "매매실거래년":20210910.0,
            "매매실거래가":85000.0,
            "전세실거래년":20220129.0,
            "전세실거래가":30000.0,
            "전세가율":61.22,
            "장기전세가율평균":70.56,
            "전세가율거품지수":9.34,
            "검색코드":114098,
            "세대수":3728.0,
            "준공년월":"2020-02-18",
            "준공년차":3.0,
            "가까운역이름":"한양대 (2024년 예정)",
            "가까운역거리":1966.18,
            "역세권여부":"비역세권",
            "30분이내주요거점역":0,
            "30분거점역이름":"[]",
            "1시간이내주요거점역":2,
            "1시간거점역이름":"['수원', '안산']",
            "3km이내백화점수":0,
            "5km이내아울렛몰수":0,
            "1km이내대형먀트수":0,
            "500m이내은행수":0,
            "500m이내병원수":4,
            "5km이내대형병원수":2,
            "500m이내공원수":0,
            "3km이내혐오시설수":0,
            "초등학교학업성취도":90.01,
            "중학교학업성취도":90.7,
            "용적률":403,
            "건폐율":21,
            "Y":37.282783,
            "X":126.830429,
            "rank":47.0,
            "area_info":"25평(84.79), 29평(95.94), 30평(101.59), 34평(114.33), 35평(117.82), 35평(117.81), 35평(118.72), 35평(118.02), 35평(118.28), 39평(131.55), 39평(131.34), 39평(131.35), 40평(132.25), 42평(140.65), 53평(175.75), 59평(196.74)",
            "last_sales":"2021-09-10,85000.0,42평(140.65)",
            "rank_history":[
                [
                    "202203",
                    47
                ],
                [
                    "202202",
                    39
                ],
                [
                    "202201",
                    39
                ]
            ],
            "rank_gap":-8
        },
        {
            "index":11,
            "아파트명":"서해",
            "투자타입":"일반",
            "전용면적(m2)":"80.67",
            "전용면적(평)":"24평",
            "법정동주소":"경기도 안산시 상록구 건건동 665",
            "도로명주소":"경기도 안산시 상록구 건건5길 10",
            "세대수":50,
            "입주년차":0,
            "용적률점수":"--",
            "건폐율점수":"--",
            "세대당주차수":30,
            "난방방식":30,
            "공급면적":"--",
            "전용률":"--",
            "욕실수":50,
            "현관타입":100,
            "주거총점":40.0,
            "지역구공급총점":100.0,
            "역세권":50,
            "30분내 이동가능 거점":0,
            "1시간내 이동가능 거점":50,
            "교통총점":35.0,
            "백화점":0,
            "아울렛몰":0,
            "대형마트":0,
            "은행":0,
            "병원":30,
            "종합병원":80,
            "공원":100,
            "혐오시설":0,
            "인프라총점":22.0,
            "초등학군":89.99,
            "중학군":44.2,
            "학군총점":53.358,
            "인구수":41.02,
            "인구증감":-2.34,
            "인구총점":28.012,
            "일자리":24.96,
            "소득수준":62.84,
            "일자리총점":36.324,
            "가치 총점":34.8537,
            "매매실거래년":20210903.0,
            "매매실거래가":55000.0,
            "전세실거래년":20220219.0,
            "전세실거래가":16000.0,
            "전세가율":80.0,
            "장기전세가율평균":70.56,
            "전세가율거품지수":-9.44,
            "검색코드":2788,
            "세대수":682.0,
            "준공년월":"1998-09-30",
            "준공년차":25.0,
            "가까운역이름":"반월",
            "가까운역거리":756.51,
            "역세권여부":"준역세권",
            "30분이내주요거점역":0,
            "30분거점역이름":"[]",
            "1시간이내주요거점역":5,
            "1시간거점역이름":"['수원시청', '평촌', '가산디지털단지', '수원', '안산']",
            "3km이내백화점수":0,
            "5km이내아울렛몰수":0,
            "1km이내대형먀트수":0,
            "500m이내은행수":0,
            "500m이내병원수":9,
            "5km이내대형병원수":1,
            "500m이내공원수":2,
            "3km이내혐오시설수":0,
            "초등학교학업성취도":89.99,
            "중학교학업성취도":73.0,
            "용적률":236,
            "건폐율":17,
            "Y":37.30562,
            "X":126.90477,
            "rank":48.0,
            "area_info":"24평(80.67), 32평(108.15), 42평(140.48)",
            "last_sales":"2021-09-03,55000.0,42평(140.48)",
            "rank_history":[
                [
                    "202203",
                    48
                ],
                [
                    "202202",
                    40
                ],
                [
                    "202201",
                    40
                ]
            ],
            "rank_gap":-8
        },
        {
            "index":9,
            "아파트명":"마크리엘",
            "투자타입":"일반",
            "전용면적(m2)":"102.54",
            "전용면적(평)":"31평",
            "법정동주소":"경기도 안산시 상록구 건건동 644-7",
            "도로명주소":"경기도 안산시 상록구 창말2길 25",
            "세대수":0,
            "입주년차":80,
            "용적률점수":"--",
            "건폐율점수":"--",
            "세대당주차수":0,
            "난방방식":30,
            "공급면적":"--",
            "전용률":"--",
            "욕실수":100,
            "현관타입":100,
            "주거총점":39.0,
            "지역구공급총점":100.0,
            "역세권":50,
            "30분내 이동가능 거점":0,
            "1시간내 이동가능 거점":50,
            "교통총점":35.0,
            "백화점":0,
            "아울렛몰":0,
            "대형마트":0,
            "은행":0,
            "병원":30,
            "종합병원":80,
            "공원":100,
            "혐오시설":0,
            "인프라총점":22.0,
            "초등학군":89.99,
            "중학군":44.2,
            "학군총점":53.358,
            "인구수":41.02,
            "인구증감":-2.34,
            "인구총점":28.012,
            "일자리":24.96,
            "소득수준":62.84,
            "일자리총점":36.324,
            "가치 총점":34.6537,
            "매매실거래년":20201203.0,
            "매매실거래가":32000.0,
            "전세실거래년":20190715.0,
            "전세실거래가":22000.0,
            "전세가율":68.75,
            "장기전세가율평균":70.56,
            "전세가율거품지수":1.81,
            "검색코드":120031,
            "세대수":51.0,
            "준공년월":"2018-02-08",
            "준공년차":5.0,
            "가까운역이름":"반월",
            "가까운역거리":734.3,
            "역세권여부":"준역세권",
            "30분이내주요거점역":0,
            "30분거점역이름":"[]",
            "1시간이내주요거점역":5,
            "1시간거점역이름":"['수원시청', '평촌', '가산디지털단지', '수원', '안산']",
            "3km이내백화점수":0,
            "5km이내아울렛몰수":0,
            "1km이내대형먀트수":0,
            "500m이내은행수":0,
            "500m이내병원수":9,
            "5km이내대형병원수":1,
            "500m이내공원수":2,
            "3km이내혐오시설수":0,
            "초등학교학업성취도":89.99,
            "중학교학업성취도":73.0,
            "용적률":555,
            "건폐율":65,
            "Y":37.305809,
            "X":126.903021,
            "rank":49.0,
            "area_info":"31평(102.54), 31평(102.53)",
            "last_sales":"2020-12-03,32000.0,31평(102.54)",
            "rank_history":[
                [
                    "202203",
                    49
                ],
                [
                    "202202",
                    9999
                ]
            ],
            "rank_gap":9999
        },
        {
            "index":200,
            "아파트명":"삼환",
            "투자타입":"일반",
            "전용면적(m2)":"71.23",
            "전용면적(평)":"21평",
            "법정동주소":"경기도 안산시 상록구 성포동 585-3",
            "도로명주소":"경기도 안산시 상록구 충장로 452",
            "세대수":0,
            "입주년차":0,
            "용적률점수":"--",
            "건폐율점수":"--",
            "세대당주차수":0,
            "난방방식":30,
            "공급면적":"--",
            "전용률":"--",
            "욕실수":50,
            "현관타입":100,
            "주거총점":18.0,
            "지역구공급총점":100.0,
            "역세권":0,
            "30분내 이동가능 거점":0,
            "1시간내 이동가능 거점":40,
            "교통총점":8.0,
            "백화점":100,
            "아울렛몰":0,
            "대형마트":80,
            "은행":0,
            "병원":10,
            "종합병원":100,
            "공원":100,
            "혐오시설":0,
            "인프라총점":66.0,
            "초등학군":89.98,
            "중학군":46.72,
            "학군총점":55.372,
            "인구수":41.02,
            "인구증감":-2.34,
            "인구총점":28.012,
            "일자리":24.96,
            "소득수준":62.84,
            "일자리총점":36.324,
            "가치 총점":34.5058,
            "매매실거래년":"18000101",
            "매매실거래가":null,
            "전세실거래년":null,
            "전세실거래가":null,
            "전세가율":null,
            "장기전세가율평균":70.56,
            "전세가율거품지수":null,
            "검색코드":14830,
            "세대수":136.0,
            "준공년월":"1994-06-27",
            "준공년차":29.0,
            "가까운역이름":"성포 (2024년 예정)",
            "가까운역거리":1043.96,
            "역세권여부":"비역세권",
            "30분이내주요거점역":0,
            "30분거점역이름":"[]",
            "1시간이내주요거점역":4,
            "1시간거점역이름":"['수원시청', '평촌', '수원', '안산']",
            "3km이내백화점수":1,
            "5km이내아울렛몰수":0,
            "1km이내대형먀트수":1,
            "500m이내은행수":0,
            "500m이내병원수":4,
            "5km이내대형병원수":4,
            "500m이내공원수":2,
            "3km이내혐오시설수":0,
            "초등학교학업성취도":89.98,
            "중학교학업성취도":77.2,
            "용적률":125,
            "건폐율":0,
            "Y":37.319102,
            "X":126.850179,
            "rank":50.0,
            "area_info":"21평(71.23), 29평(98.23), 42평(139.27)",
            "last_sales":"1800-01-01,nan,21평(71.23)",
            "rank_history":[
                [
                    "202203",
                    50
                ],
                [
                    "202202",
                    43
                ],
                [
                    "202201",
                    42
                ]
            ],
            "rank_gap":-7
        },
        {
            "index":211,
            "아파트명":"신우(5~9동)",
            "투자타입":"재건축",
            "전용면적(m2)":"78.22",
            "전용면적(평)":"23평",
            "법정동주소":"경기도 안산시 상록구 성포동 585-4",
            "도로명주소":"경기도 안산시 상록구 충장로 446",
            "세대수":0,
            "입주년차":"--",
            "용적률점수":0,
            "건폐율점수":0,
            "세대당주차수":"--",
            "난방방식":"--",
            "공급면적":50,
            "전용률":60,
            "욕실수":"--",
            "현관타입":"--",
            "주거총점":5.5,
            "지역구공급총점":100.0,
            "역세권":0,
            "30분내 이동가능 거점":0,
            "1시간내 이동가능 거점":40,
            "교통총점":8.0,
            "백화점":100,
            "아울렛몰":0,
            "대형마트":80,
            "은행":0,
            "병원":10,
            "종합병원":100,
            "공원":100,
            "혐오시설":0,
            "인프라총점":66.0,
            "초등학군":89.98,
            "중학군":33.48,
            "학군총점":44.78,
            "인구수":41.02,
            "인구증감":-2.34,
            "인구총점":28.012,
            "일자리":24.96,
            "소득수준":62.84,
            "일자리총점":36.324,
            "가치 총점":30.417,
            "매매실거래년":"18000101",
            "매매실거래가":null,
            "전세실거래년":null,
            "전세실거래가":null,
            "전세가율":null,
            "장기전세가율평균":70.56,
            "전세가율거품지수":null,
            "검색코드":112825,
            "세대수":112.0,
            "준공년월":"1992-01-30",
            "준공년차":31.0,
            "가까운역이름":"한대앞",
            "가까운역거리":1052.42,
            "역세권여부":"비역세권",
            "30분이내주요거점역":0,
            "30분거점역이름":"[]",
            "1시간이내주요거점역":4,
            "1시간거점역이름":"['수원시청', '평촌', '수원', '안산']",
            "3km이내백화점수":1,
            "5km이내아울렛몰수":0,
            "1km이내대형먀트수":1,
            "500m이내은행수":0,
            "500m이내병원수":2,
            "5km이내대형병원수":4,
            "500m이내공원수":2,
            "3km이내혐오시설수":0,
            "초등학교학업성취도":89.98,
            "중학교학업성취도":55.0,
            "용적률":0,
            "건폐율":0,
            "Y":37.318569,
            "X":126.850931,
            "rank":51.0,
            "area_info":"23평(78.22), 31평(104.76), 32평(106.15), 33평(109.66), 33평(109.45)",
            "last_sales":"1800-01-01,nan,23평(78.22)",
            "rank_history":[
                [
                    "202203",
                    51
                ],
                [
                    "202202",
                    48
                ],
                [
                    "202201",
                    46
                ]
            ],
            "rank_gap":-3
        },
        {
            "index":58,
            "아파트명":"e편한세상상록",
            "투자타입":"일반",
            "전용면적(m2)":"101.72",
            "전용면적(평)":"30평",
            "법정동주소":"경기도 안산시 상록구 사동 1423",
            "도로명주소":"경기도 안산시 상록구 항가울로 28",
            "세대수":50,
            "입주년차":100,
            "용적률점수":"--",
            "건폐율점수":"--",
            "세대당주차수":30,
            "난방방식":30,
            "공급면적":"--",
            "전용률":"--",
            "욕실수":100,
            "현관타입":100,
            "주거총점":65.0,
            "지역구공급총점":100.0,
            "역세권":0,
            "30분내 이동가능 거점":0,
            "1시간내 이동가능 거점":40,
            "교통총점":8.0,
            "백화점":0,
            "아울렛몰":0,
            "대형마트":0,
            "은행":0,
            "병원":30,
            "종합병원":100,
            "공원":100,
            "혐오시설":0,
            "인프라총점":26.0,
            "초등학군":90.01,
            "중학군":33.3,
            "학군총점":44.642,
            "인구수":41.02,
            "인구증감":-2.34,
            "인구총점":28.012,
            "일자리":24.96,
            "소득수준":62.84,
            "일자리총점":36.324,
            "가치 총점":30.2963,
            "매매실거래년":20220128.0,
            "매매실거래가":49000.0,
            "전세실거래년":20220221.0,
            "전세실거래가":36000.0,
            "전세가율":91.14,
            "장기전세가율평균":70.56,
            "전세가율거품지수":-20.58,
            "검색코드":113317,
            "세대수":559.0,
            "준공년월":"2019-12-24",
            "준공년차":4.0,
            "가까운역이름":"사리",
            "가까운역거리":1072.33,
            "역세권여부":"비역세권",
            "30분이내주요거점역":0,
            "30분거점역이름":"[]",
            "1시간이내주요거점역":4,
            "1시간거점역이름":"['수원시청', '평촌', '수원', '안산']",
            "3km이내백화점수":0,
            "5km이내아울렛몰수":0,
            "1km이내대형먀트수":0,
            "500m이내은행수":0,
            "500m이내병원수":8,
            "5km이내대형병원수":3,
            "500m이내공원수":4,
            "3km이내혐오시설수":0,
            "초등학교학업성취도":90.01,
            "중학교학업성취도":55.5,
            "용적률":1008,
            "건폐율":57,
            "Y":37.28436,
            "X":126.847907,
            "rank":52.0,
            "area_info":"30평(101.72), 33평(110.49), 33평(111.48), 39평(129.36)",
            "last_sales":"2022-01-28,49000.0,33평(111.48)",
            "rank_history":[
                [
                    "202203",
                    52
                ],
                [
                    "202202",
                    49
                ],
                [
                    "202201",
                    48
                ]
            ],
            "rank_gap":-3
        },
        {
            "index":101,
            "아파트명":"본오",
            "투자타입":"재건축",
            "전용면적(m2)":"52.47",
            "전용면적(평)":"15평",
            "법정동주소":"경기도 안산시 상록구 사동 1506",
            "도로명주소":"경기도 안산시 상록구 선진로 108",
            "세대수":90,
            "입주년차":"--",
            "용적률점수":20,
            "건폐율점수":100,
            "세대당주차수":"--",
            "난방방식":"--",
            "공급면적":50,
            "전용률":60,
            "욕실수":"--",
            "현관타입":"--",
            "주거총점":60.5,
            "지역구공급총점":100.0,
            "역세권":0,
            "30분내 이동가능 거점":0,
            "1시간내 이동가능 거점":40,
            "교통총점":8.0,
            "백화점":0,
            "아울렛몰":0,
            "대형마트":0,
            "은행":0,
            "병원":30,
            "종합병원":100,
            "공원":100,
            "혐오시설":0,
            "인프라총점":26.0,
            "초등학군":90.01,
            "중학군":33.3,
            "학군총점":44.642,
            "인구수":41.02,
            "인구증감":-2.34,
            "인구총점":28.012,
            "일자리":24.96,
            "소득수준":62.84,
            "일자리총점":36.324,
            "가치 총점":29.3963,
            "매매실거래년":20220210.0,
            "매매실거래가":17500.0,
            "전세실거래년":20220107.0,
            "전세실거래가":12000.0,
            "전세가율":92.31,
            "장기전세가율평균":70.56,
            "전세가율거품지수":-21.75,
            "검색코드":2792,
            "세대수":1000.0,
            "준공년월":"1992-11-16",
            "준공년차":31.0,
            "가까운역이름":"사리",
            "가까운역거리":1214.89,
            "역세권여부":"비역세권",
            "30분이내주요거점역":0,
            "30분거점역이름":"[]",
            "1시간이내주요거점역":4,
            "1시간거점역이름":"['수원시청', '평촌', '수원', '안산']",
            "3km이내백화점수":0,
            "5km이내아울렛몰수":0,
            "1km이내대형먀트수":0,
            "500m이내은행수":0,
            "500m이내병원수":5,
            "5km이내대형병원수":3,
            "500m이내공원수":2,
            "3km이내혐오시설수":0,
            "초등학교학업성취도":90.01,
            "중학교학업성취도":55.5,
            "용적률":212,
            "건폐율":19,
            "Y":37.280091,
            "X":126.853535,
            "rank":53.0,
            "area_info":"15평(52.47), 18평(59.61)",
            "last_sales":"2022-02-10,17500.0,18평(59.61)",
            "rank_history":[
                [
                    "202203",
                    53
                ],
                [
                    "202202",
                    50
                ],
                [
                    "202201",
                    50
                ]
            ],
            "rank_gap":-3
        },
        {
            "index":257,
            "아파트명":"대광빌리지",
            "투자타입":"재건축",
            "전용면적(m2)":"40.41",
            "전용면적(평)":"12평",
            "법정동주소":"경기도 안산시 상록구 수암동 460-3",
            "도로명주소":"경기도 안산시 상록구 원당골2길 43",
            "세대수":0,
            "입주년차":"--",
            "용적률점수":100,
            "건폐율점수":0,
            "세대당주차수":"--",
            "난방방식":"--",
            "공급면적":50,
            "전용률":80,
            "욕실수":"--",
            "현관타입":"--",
            "주거총점":46.5,
            "지역구공급총점":100.0,
            "역세권":0,
            "30분내 이동가능 거점":0,
            "1시간내 이동가능 거점":40,
            "교통총점":8.0,
            "백화점":0,
            "아울렛몰":80,
            "대형마트":0,
            "은행":0,
            "병원":30,
            "종합병원":80,
            "공원":100,
            "혐오시설":0,
            "인프라총점":30.0,
            "초등학군":89.98,
            "중학군":31.68,
            "학군총점":43.34,
            "인구수":41.02,
            "인구증감":-2.34,
            "인구총점":28.012,
            "일자리":24.96,
            "소득수준":62.84,
            "일자리총점":36.324,
            "가치 총점":27.601,
            "매매실거래년":"18000101",
            "매매실거래가":null,
            "전세실거래년":null,
            "전세실거래가":null,
            "전세가율":null,
            "장기전세가율평균":70.56,
            "전세가율거품지수":null,
            "검색코드":14831,
            "세대수":130.0,
            "준공년월":"1991-12-30",
            "준공년차":32.0,
            "가까운역이름":"목감 (2024년 예정)",
            "가까운역거리":2295.81,
            "역세권여부":"비역세권",
            "30분이내주요거점역":0,
            "30분거점역이름":"[]",
            "1시간이내주요거점역":4,
            "1시간거점역이름":"['평촌', '가산디지털단지', '구로디지털단지', '안산']",
            "3km이내백화점수":0,
            "5km이내아울렛몰수":1,
            "1km이내대형먀트수":0,
            "500m이내은행수":0,
            "500m이내병원수":5,
            "5km이내대형병원수":1,
            "500m이내공원수":3,
            "3km이내혐오시설수":0,
            "초등학교학업성취도":89.98,
            "중학교학업성취도":52.8,
            "용적률":128,
            "건폐율":0,
            "Y":37.365645,
            "X":126.879116,
            "rank":54.0,
            "area_info":"12평(40.41), 13평(44.51), 13평(46.17), 14평(48.51), 14평(48.6), 15평(50.4), 15평(51.65), 16평(54.26), 16평(55.48), 16평(55.15), 17평(57.4), 17평(59.26), 18평(60.39), 19평(63.0)",
            "last_sales":"1800-01-01,nan,12평(40.41)",
            "rank_history":[
                [
                    "202203",
                    54
                ],
                [
                    "202202",
                    51
                ],
                [
                    "202201",
                    51
                ]
            ],
            "rank_gap":-3
        },
        {
            "index":293,
            "아파트명":"엘리지움(490)",
            "투자타입":"일반",
            "전용면적(m2)":"105.8",
            "전용면적(평)":"32평",
            "법정동주소":"경기도 안산시 상록구 수암동 490",
            "도로명주소":"경기도 안산시 상록구 수암길 55",
            "세대수":0,
            "입주년차":60,
            "용적률점수":"--",
            "건폐율점수":"--",
            "세대당주차수":80,
            "난방방식":30,
            "공급면적":"--",
            "전용률":"--",
            "욕실수":100,
            "현관타입":100,
            "주거총점":47.0,
            "지역구공급총점":100.0,
            "역세권":0,
            "30분내 이동가능 거점":0,
            "1시간내 이동가능 거점":30,
            "교통총점":6.0,
            "백화점":0,
            "아울렛몰":80,
            "대형마트":0,
            "은행":0,
            "병원":10,
            "종합병원":100,
            "공원":100,
            "혐오시설":0,
            "인프라총점":32.0,
            "초등학군":89.98,
            "중학군":31.68,
            "학군총점":43.34,
            "인구수":41.02,
            "인구증감":-2.34,
            "인구총점":28.012,
            "일자리":24.96,
            "소득수준":62.84,
            "일자리총점":36.324,
            "가치 총점":27.601,
            "매매실거래년":20210527.0,
            "매매실거래가":60000.0,
            "전세실거래년":20201009.0,
            "전세실거래가":18000.0,
            "전세가율":61.02,
            "장기전세가율평균":70.56,
            "전세가율거품지수":9.54,
            "검색코드":100331,
            "세대수":56.0,
            "준공년월":"2009-09-09",
            "준공년차":14.0,
            "가까운역이름":"장하 (2024년 예정)",
            "가까운역거리":2489.61,
            "역세권여부":"비역세권",
            "30분이내주요거점역":0,
            "30분거점역이름":"[]",
            "1시간이내주요거점역":3,
            "1시간거점역이름":"['가산디지털단지', '구로디지털단지', '안산']",
            "3km이내백화점수":0,
            "5km이내아울렛몰수":1,
            "1km이내대형먀트수":0,
            "500m이내은행수":0,
            "500m이내병원수":4,
            "5km이내대형병원수":2,
            "500m이내공원수":2,
            "3km이내혐오시설수":0,
            "초등학교학업성취도":89.98,
            "중학교학업성취도":52.8,
            "용적률":230,
            "건폐율":40,
            "Y":37.361164,
            "X":126.881201,
            "rank":54.0,
            "area_info":"32평(105.8), 59평(196.64), 61평(203.49), 76평(251.43)",
            "last_sales":"2021-05-27,60000.0,76평(251.43)",
            "rank_history":[
                [
                    "202203",
                    54
                ],
                [
                    "202202",
                    9999
                ]
            ],
            "rank_gap":9999
        },
        {
            "index":288,
            "아파트명":"로얄",
            "투자타입":"재건축",
            "전용면적(m2)":"40.09",
            "전용면적(평)":"12평",
            "법정동주소":"경기도 안산시 상록구 수암동 185-5",
            "도로명주소":"경기도 안산시 상록구 수암2길 21",
            "세대수":0,
            "입주년차":"--",
            "용적률점수":80,
            "건폐율점수":0,
            "세대당주차수":"--",
            "난방방식":"--",
            "공급면적":50,
            "전용률":60,
            "욕실수":"--",
            "현관타입":"--",
            "주거총점":37.5,
            "지역구공급총점":100.0,
            "역세권":0,
            "30분내 이동가능 거점":0,
            "1시간내 이동가능 거점":40,
            "교통총점":8.0,
            "백화점":0,
            "아울렛몰":80,
            "대형마트":0,
            "은행":0,
            "병원":30,
            "종합병원":80,
            "공원":100,
            "혐오시설":0,
            "인프라총점":30.0,
            "초등학군":89.98,
            "중학군":31.68,
            "학군총점":43.34,
            "인구수":41.02,
            "인구증감":-2.34,
            "인구총점":28.012,
            "일자리":24.96,
            "소득수준":62.84,
            "일자리총점":36.324,
            "가치 총점":25.801,
            "매매실거래년":20220216.0,
            "매매실거래가":7000.0,
            "전세실거래년":20220215.0,
            "전세실거래가":5500.0,
            "전세가율":74.32,
            "장기전세가율평균":70.56,
            "전세가율거품지수":-3.76,
            "검색코드":2794,
            "세대수":125.0,
            "준공년월":"1987-02-27",
            "준공년차":36.0,
            "가까운역이름":"목감 (2024년 예정)",
            "가까운역거리":2419.71,
            "역세권여부":"비역세권",
            "30분이내주요거점역":0,
            "30분거점역이름":"[]",
            "1시간이내주요거점역":4,
            "1시간거점역이름":"['평촌', '가산디지털단지', '구로디지털단지', '안산']",
            "3km이내백화점수":0,
            "5km이내아울렛몰수":1,
            "1km이내대형먀트수":0,
            "500m이내은행수":0,
            "500m이내병원수":5,
            "5km이내대형병원수":1,
            "500m이내공원수":3,
            "3km이내혐오시설수":0,
            "초등학교학업성취도":89.98,
            "중학교학업성취도":52.8,
            "용적률":177,
            "건폐율":0,
            "Y":37.36381,
            "X":126.8785,
            "rank":55.0,
            "area_info":"12평(40.09), 12평(42.44), 16평(53.03), 21평(72.37), 24평(80.71)",
            "last_sales":"2022-02-16,7000.0,12평(42.44)",
            "rank_history":[
                [
                    "202203",
                    55
                ],
                [
                    "202202",
                    52
                ],
                [
                    "202201",
                    52
                ]
            ],
            "rank_gap":-3
        },
        {
            "index":186,
            "아파트명":"황제",
            "투자타입":"재건축",
            "전용면적(m2)":"58.75",
            "전용면적(평)":"17평",
            "법정동주소":"경기도 안산시 상록구 사사동 239-1",
            "도로명주소":"경기도 안산시 상록구 사사안골길 6",
            "세대수":0,
            "입주년차":"--",
            "용적률점수":100,
            "건폐율점수":0,
            "세대당주차수":"--",
            "난방방식":"--",
            "공급면적":50,
            "전용률":60,
            "욕실수":"--",
            "현관타입":"--",
            "주거총점":45.5,
            "지역구공급총점":100.0,
            "역세권":0,
            "30분내 이동가능 거점":0,
            "1시간내 이동가능 거점":40,
            "교통총점":8.0,
            "백화점":0,
            "아울렛몰":0,
            "대형마트":0,
            "은행":0,
            "병원":0,
            "종합병원":80,
            "공원":0,
            "혐오시설":0,
            "인프라총점":16.0,
            "초등학군":90.01,
            "중학군":44.2,
            "학군총점":53.362,
            "인구수":41.02,
            "인구증감":-2.34,
            "인구총점":28.012,
            "일자리":24.96,
            "소득수준":62.84,
            "일자리총점":36.324,
            "가치 총점":24.7043,
            "매매실거래년":20210904.0,
            "매매실거래가":16000.0,
            "전세실거래년":20210524.0,
            "전세실거래가":4500.0,
            "전세가율":50.0,
            "장기전세가율평균":70.56,
            "전세가율거품지수":20.56,
            "검색코드":13959,
            "세대수":101.0,
            "준공년월":"1985-06-21",
            "준공년차":38.0,
            "가까운역이름":"반월",
            "가까운역거리":2344.35,
            "역세권여부":"비역세권",
            "30분이내주요거점역":0,
            "30분거점역이름":"[]",
            "1시간이내주요거점역":4,
            "1시간거점역이름":"['수원시청', '평촌', '수원', '안산']",
            "3km이내백화점수":0,
            "5km이내아울렛몰수":0,
            "1km이내대형먀트수":0,
            "500m이내은행수":0,
            "500m이내병원수":0,
            "5km이내대형병원수":1,
            "500m이내공원수":0,
            "3km이내혐오시설수":0,
            "초등학교학업성취도":90.01,
            "중학교학업성취도":73.0,
            "용적률":144,
            "건폐율":0,
            "Y":37.29884,
            "X":126.92414,
            "rank":56.0,
            "area_info":"17평(58.75), 18평(62.35), 19평(63.97), 19평(65.37), 19평(65.59), 20평(68.47), 21평(70.27), 21평(72.43), 23평(76.39), 23평(77.25), 23평(79.32), 24평(82.32), 24평(82.56), 25평(84.9)",
            "last_sales":"2021-09-04,16000.0,24평(82.32)",
            "rank_history":[
                [
                    "202203",
                    56
                ],
                [
                    "202202",
                    53
                ],
                [
                    "202201",
                    53
                ]
            ],
            "rank_gap":-3
        },
        {
            "index":183,
            "아파트명":"현대",
            "투자타입":"일반",
            "전용면적(m2)":"81.92",
            "전용면적(평)":"24평",
            "법정동주소":"경기도 안산시 상록구 사사동 413",
            "도로명주소":"경기도 안산시 상록구 양지마을1길 81",
            "세대수":50,
            "입주년차":20,
            "용적률점수":"--",
            "건폐율점수":"--",
            "세대당주차수":0,
            "난방방식":30,
            "공급면적":"--",
            "전용률":"--",
            "욕실수":50,
            "현관타입":100,
            "주거총점":39.5,
            "지역구공급총점":100.0,
            "역세권":0,
            "30분내 이동가능 거점":0,
            "1시간내 이동가능 거점":40,
            "교통총점":8.0,
            "백화점":0,
            "아울렛몰":0,
            "대형마트":0,
            "은행":0,
            "병원":0,
            "종합병원":80,
            "공원":0,
            "혐오시설":0,
            "인프라총점":16.0,
            "초등학군":89.99,
            "중학군":44.2,
            "학군총점":53.358,
            "인구수":41.02,
            "인구증감":-2.34,
            "인구총점":28.012,
            "일자리":24.96,
            "소득수준":62.84,
            "일자리총점":36.324,
            "가치 총점":23.5037,
            "매매실거래년":20211008.0,
            "매매실거래가":35000.0,
            "전세실거래년":20211126.0,
            "전세실거래가":16000.0,
            "전세가율":80.0,
            "장기전세가율평균":70.56,
            "전세가율거품지수":-9.44,
            "검색코드":9166,
            "세대수":491.0,
            "준공년월":"2002-04-29",
            "준공년차":21.0,
            "가까운역이름":"반월",
            "가까운역거리":2231.23,
            "역세권여부":"비역세권",
            "30분이내주요거점역":0,
            "30분거점역이름":"[]",
            "1시간이내주요거점역":4,
            "1시간거점역이름":"['수원시청', '평촌', '수원', '안산']",
            "3km이내백화점수":0,
            "5km이내아울렛몰수":0,
            "1km이내대형먀트수":0,
            "500m이내은행수":0,
            "500m이내병원수":0,
            "5km이내대형병원수":1,
            "500m이내공원수":0,
            "3km이내혐오시설수":0,
            "초등학교학업성취도":89.99,
            "중학교학업성취도":73.0,
            "용적률":187,
            "건폐율":15,
            "Y":37.29515,
            "X":126.91675,
            "rank":57.0,
            "area_info":"24평(81.92), 28평(94.14), 32평(108.23)",
            "last_sales":"2021-10-08,35000.0,32평(108.23)",
            "rank_history":[
                [
                    "202203",
                    57
                ],
                [
                    "202202",
                    54
                ],
                [
                    "202201",
                    54
                ]
            ],
            "rank_gap":-3
        },
        {
            "index":103,
            "아파트명":"본오2차",
            "투자타입":"일반",
            "전용면적(m2)":"64.72",
            "전용면적(평)":"19평",
            "법정동주소":"경기도 안산시 상록구 사동 1505",
            "도로명주소":"경기도 안산시 상록구 선진로 114",
            "세대수":50,
            "입주년차":0,
            "용적률점수":"--",
            "건폐율점수":"--",
            "세대당주차수":0,
            "난방방식":30,
            "공급면적":"--",
            "전용률":"--",
            "욕실수":50,
            "현관타입":10,
            "주거총점":26.5,
            "지역구공급총점":100.0,
            "역세권":0,
            "30분내 이동가능 거점":0,
            "1시간내 이동가능 거점":40,
            "교통총점":8.0,
            "백화점":0,
            "아울렛몰":0,
            "대형마트":0,
            "은행":0,
            "병원":30,
            "종합병원":100,
            "공원":100,
            "혐오시설":0,
            "인프라총점":26.0,
            "초등학군":90.01,
            "중학군":33.3,
            "학군총점":44.642,
            "인구수":41.02,
            "인구증감":-2.34,
            "인구총점":28.012,
            "일자리":24.96,
            "소득수준":62.84,
            "일자리총점":36.324,
            "가치 총점":22.5963,
            "매매실거래년":20220210.0,
            "매매실거래가":17400.0,
            "전세실거래년":20220218.0,
            "전세실거래가":13500.0,
            "전세가율":77.59,
            "장기전세가율평균":70.56,
            "전세가율거품지수":-7.03,
            "검색코드":2793,
            "세대수":585.0,
            "준공년월":"1994-08-18",
            "준공년차":29.0,
            "가까운역이름":"사리",
            "가까운역거리":1110.7,
            "역세권여부":"비역세권",
            "30분이내주요거점역":0,
            "30분거점역이름":"[]",
            "1시간이내주요거점역":4,
            "1시간거점역이름":"['수원시청', '평촌', '수원', '안산']",
            "3km이내백화점수":0,
            "5km이내아울렛몰수":0,
            "1km이내대형먀트수":0,
            "500m이내은행수":0,
            "500m이내병원수":8,
            "5km이내대형병원수":3,
            "500m이내공원수":3,
            "3km이내혐오시설수":0,
            "초등학교학업성취도":90.01,
            "중학교학업성취도":55.5,
            "용적률":277,
            "건폐율":24,
            "Y":37.28114,
            "X":126.85323,
            "rank":58.0,
            "area_info":"19평(64.72)",
            "last_sales":"2022-02-10,17400.0,19평(64.72)",
            "rank_history":[
                [
                    "202203",
                    58
                ],
                [
                    "202202",
                    55
                ],
                [
                    "202201",
                    55
                ]
            ],
            "rank_gap":-3
        },
        {
            "index":271,
            "아파트명":"대보",
            "투자타입":"재건축",
            "전용면적(m2)":"64.15",
            "전용면적(평)":"19평",
            "법정동주소":"경기도 안산시 상록구 수암동 499-7",
            "도로명주소":"경기도 안산시 상록구 수암1길 24",
            "세대수":0,
            "입주년차":"--",
            "용적률점수":0,
            "건폐율점수":0,
            "세대당주차수":"--",
            "난방방식":"--",
            "공급면적":50,
            "전용률":60,
            "욕실수":"--",
            "현관타입":"--",
            "주거총점":5.5,
            "지역구공급총점":100.0,
            "역세권":0,
            "30분내 이동가능 거점":0,
            "1시간내 이동가능 거점":40,
            "교통총점":8.0,
            "백화점":0,
            "아울렛몰":80,
            "대형마트":0,
            "은행":0,
            "병원":30,
            "종합병원":80,
            "공원":100,
            "혐오시설":0,
            "인프라총점":30.0,
            "초등학군":89.98,
            "중학군":31.68,
            "학군총점":43.34,
            "인구수":41.02,
            "인구증감":-2.34,
            "인구총점":28.012,
            "일자리":24.96,
            "소득수준":62.84,
            "일자리총점":36.324,
            "가치 총점":19.401,
            "매매실거래년":20210628.0,
            "매매실거래가":8300.0,
            "전세실거래년":20210612.0,
            "전세실거래가":9000.0,
            "전세가율":84.91,
            "장기전세가율평균":70.56,
            "전세가율거품지수":-14.35,
            "검색코드":13420,
            "세대수":90.0,
            "준공년월":"1989-12-27",
            "준공년차":34.0,
            "가까운역이름":"장하 (2024년 예정)",
            "가까운역거리":2388.54,
            "역세권여부":"비역세권",
            "30분이내주요거점역":0,
            "30분거점역이름":"[]",
            "1시간이내주요거점역":4,
            "1시간거점역이름":"['평촌', '가산디지털단지', '구로디지털단지', '안산']",
            "3km이내백화점수":0,
            "5km이내아울렛몰수":1,
            "1km이내대형먀트수":0,
            "500m이내은행수":0,
            "500m이내병원수":5,
            "5km이내대형병원수":1,
            "500m이내공원수":3,
            "3km이내혐오시설수":0,
            "초등학교학업성취도":89.98,
            "중학교학업성취도":52.8,
            "용적률":0,
            "건폐율":0,
            "Y":37.362649,
            "X":126.878176,
            "rank":59.0,
            "area_info":"19평(64.15), 19평(65.14), 20평(66.31), 21평(69.98), 22평(73.51)",
            "last_sales":"2021-06-28,8300.0,20평(66.31)",
            "rank_history":[
                [
                    "202203",
                    59
                ],
                [
                    "202202",
                    9999
                ]
            ],
            "rank_gap":9999
        },
        {
            "index":276,
            "아파트명":"더블리스(도시형)",
            "투자타입":"일반",
            "전용면적(m2)":"29.05",
            "전용면적(평)":"8평",
            "법정동주소":"경기도 안산시 상록구 수암동 501-2",
            "도로명주소":"경기도 안산시 상록구 원당골1길 13",
            "세대수":0,
            "입주년차":60,
            "용적률점수":"--",
            "건폐율점수":"--",
            "세대당주차수":0,
            "난방방식":30,
            "공급면적":"--",
            "전용률":"--",
            "욕실수":50,
            "현관타입":50,
            "주거총점":25.0,
            "지역구공급총점":100.0,
            "역세권":0,
            "30분내 이동가능 거점":0,
            "1시간내 이동가능 거점":40,
            "교통총점":8.0,
            "백화점":0,
            "아울렛몰":80,
            "대형마트":0,
            "은행":0,
            "병원":30,
            "종합병원":0,
            "공원":100,
            "혐오시설":0,
            "인프라총점":14.0,
            "초등학군":89.98,
            "중학군":31.68,
            "학군총점":43.34,
            "인구수":41.02,
            "인구증감":-2.34,
            "인구총점":28.012,
            "일자리":24.96,
            "소득수준":62.84,
            "일자리총점":36.324,
            "가치 총점":18.501,
            "매매실거래년":20211107.0,
            "매매실거래가":17000.0,
            "전세실거래년":null,
            "전세실거래가":null,
            "전세가율":null,
            "장기전세가율평균":70.56,
            "전세가율거품지수":null,
            "검색코드":108081,
            "세대수":68.0,
            "준공년월":"2013-07-05",
            "준공년차":10.0,
            "가까운역이름":"목감 (2024년 예정)",
            "가까운역거리":2364.32,
            "역세권여부":"비역세권",
            "30분이내주요거점역":0,
            "30분거점역이름":"[]",
            "1시간이내주요거점역":4,
            "1시간거점역이름":"['평촌', '가산디지털단지', '구로디지털단지', '안산']",
            "3km이내백화점수":0,
            "5km이내아울렛몰수":1,
            "1km이내대형먀트수":0,
            "500m이내은행수":0,
            "500m이내병원수":5,
            "5km이내대형병원수":0,
            "500m이내공원수":3,
            "3km이내혐오시설수":0,
            "초등학교학업성취도":89.98,
            "중학교학업성취도":52.8,
            "용적률":628,
            "건폐율":67,
            "Y":37.363648,
            "X":126.877146,
            "rank":60.0,
            "area_info":"8평(29.05), 13평(44.73), 15평(50.07), 15평(52.81), 16평(55.42), 17평(59.33), 19평(64.41), 19평(65.79), 19평(65.7), 19평(65.75), 19평(65.85), 19평(65.98)",
            "last_sales":"2021-11-07,17000.0,19평(65.75)",
            "rank_history":[
                [
                    "202203",
                    60
                ],
                [
                    "202202",
                    9999
                ]
            ],
            "rank_gap":9999
        },
        {
            "index":344,
            "아파트명":"건양그린",
            "투자타입":"일반",
            "전용면적(m2)":"79.37",
            "전용면적(평)":"24평",
            "법정동주소":"경기도 안산시 상록구 장상동 18-5",
            "도로명주소":"경기도 안산시 상록구 청룡길 25",
            "세대수":0,
            "입주년차":0,
            "용적률점수":"--",
            "건폐율점수":"--",
            "세대당주차수":0,
            "난방방식":30,
            "공급면적":"--",
            "전용률":"--",
            "욕실수":50,
            "현관타입":10,
            "주거총점":9.0,
            "지역구공급총점":100.0,
            "역세권":0,
            "30분내 이동가능 거점":0,
            "1시간내 이동가능 거점":40,
            "교통총점":8.0,
            "백화점":0,
            "아울렛몰":0,
            "대형마트":0,
            "은행":0,
            "병원":0,
            "종합병원":80,
            "공원":100,
            "혐오시설":0,
            "인프라총점":19.0,
            "초등학군":89.98,
            "중학군":31.68,
            "학군총점":43.34,
            "인구수":41.02,
            "인구증감":-2.34,
            "인구총점":28.012,
            "일자리":24.96,
            "소득수준":62.84,
            "일자리총점":36.324,
            "가치 총점":16.801,
            "매매실거래년":20210721.0,
            "매매실거래가":18400.0,
            "전세실거래년":20210420.0,
            "전세실거래가":11000.0,
            "전세가율":59.78,
            "장기전세가율평균":70.56,
            "전세가율거품지수":10.78,
            "검색코드":13267,
            "세대수":128.0,
            "준공년월":"1995-07-21",
            "준공년차":28.0,
            "가까운역이름":"장하 (2024년 예정)",
            "가까운역거리":1807.41,
            "역세권여부":"비역세권",
            "30분이내주요거점역":0,
            "30분거점역이름":"[]",
            "1시간이내주요거점역":4,
            "1시간거점역이름":"['평촌', '가산디지털단지', '구로디지털단지', '안산']",
            "3km이내백화점수":0,
            "5km이내아울렛몰수":0,
            "1km이내대형먀트수":0,
            "500m이내은행수":0,
            "500m이내병원수":1,
            "5km이내대형병원수":1,
            "500m이내공원수":2,
            "3km이내혐오시설수":0,
            "초등학교학업성취도":89.98,
            "중학교학업성취도":52.8,
            "용적률":296,
            "건폐율":27,
            "Y":37.35934,
            "X":126.87306,
            "rank":61.0,
            "area_info":"24평(79.37), 33평(110.5)",
            "last_sales":"2021-07-21,18400.0,24평(79.37)",
            "rank_history":[
                [
                    "202203",
                    61
                ],
                [
                    "202202",
                    56
                ],
                [
                    "202201",
                    56
                ]
            ],
            "rank_gap":-5
        }
    ]
}