{
    "schema":{
        "fields":[
            {
                "name":"index",
                "type":"integer"
            },
            {
                "name":"아파트명",
                "type":"string"
            },
            {
                "name":"투자타입",
                "type":"string"
            },
            {
                "name":"전용면적(m2)",
                "type":"string"
            },
            {
                "name":"전용면적(평)",
                "type":"string"
            },
            {
                "name":"법정동주소",
                "type":"string"
            },
            {
                "name":"도로명주소",
                "type":"string"
            },
            {
                "name":"세대수",
                "type":"integer"
            },
            {
                "name":"입주년차",
                "type":"string"
            },
            {
                "name":"용적률점수",
                "type":"string"
            },
            {
                "name":"건폐율점수",
                "type":"string"
            },
            {
                "name":"세대당주차수",
                "type":"string"
            },
            {
                "name":"난방방식",
                "type":"string"
            },
            {
                "name":"공급면적",
                "type":"string"
            },
            {
                "name":"전용률",
                "type":"string"
            },
            {
                "name":"욕실수",
                "type":"string"
            },
            {
                "name":"현관타입",
                "type":"string"
            },
            {
                "name":"주거총점",
                "type":"number"
            },
            {
                "name":"지역구공급총점",
                "type":"number"
            },
            {
                "name":"역세권",
                "type":"integer"
            },
            {
                "name":"30분내 이동가능 거점",
                "type":"integer"
            },
            {
                "name":"1시간내 이동가능 거점",
                "type":"integer"
            },
            {
                "name":"교통총점",
                "type":"number"
            },
            {
                "name":"백화점",
                "type":"integer"
            },
            {
                "name":"아울렛몰",
                "type":"integer"
            },
            {
                "name":"대형마트",
                "type":"integer"
            },
            {
                "name":"은행",
                "type":"integer"
            },
            {
                "name":"병원",
                "type":"integer"
            },
            {
                "name":"종합병원",
                "type":"integer"
            },
            {
                "name":"공원",
                "type":"integer"
            },
            {
                "name":"혐오시설",
                "type":"integer"
            },
            {
                "name":"인프라총점",
                "type":"number"
            },
            {
                "name":"초등학군",
                "type":"number"
            },
            {
                "name":"중학군",
                "type":"number"
            },
            {
                "name":"학군총점",
                "type":"number"
            },
            {
                "name":"인구수",
                "type":"number"
            },
            {
                "name":"인구증감",
                "type":"number"
            },
            {
                "name":"인구총점",
                "type":"number"
            },
            {
                "name":"일자리",
                "type":"number"
            },
            {
                "name":"소득수준",
                "type":"number"
            },
            {
                "name":"일자리총점",
                "type":"number"
            },
            {
                "name":"가치 총점",
                "type":"number"
            },
            {
                "name":"매매실거래년",
                "type":"string"
            },
            {
                "name":"매매실거래가",
                "type":"number"
            },
            {
                "name":"전세실거래년",
                "type":"number"
            },
            {
                "name":"전세실거래가",
                "type":"number"
            },
            {
                "name":"전세가율",
                "type":"number"
            },
            {
                "name":"장기전세가율평균",
                "type":"number"
            },
            {
                "name":"전세가율거품지수",
                "type":"number"
            },
            {
                "name":"검색코드",
                "type":"integer"
            },
            {
                "name":"세대수",
                "type":"number"
            },
            {
                "name":"준공년월",
                "type":"string"
            },
            {
                "name":"준공년차",
                "type":"number"
            },
            {
                "name":"가까운역이름",
                "type":"string"
            },
            {
                "name":"가까운역거리",
                "type":"number"
            },
            {
                "name":"역세권여부",
                "type":"string"
            },
            {
                "name":"30분이내주요거점역",
                "type":"integer"
            },
            {
                "name":"30분거점역이름",
                "type":"string"
            },
            {
                "name":"1시간이내주요거점역",
                "type":"integer"
            },
            {
                "name":"1시간거점역이름",
                "type":"string"
            },
            {
                "name":"3km이내백화점수",
                "type":"integer"
            },
            {
                "name":"5km이내아울렛몰수",
                "type":"integer"
            },
            {
                "name":"1km이내대형먀트수",
                "type":"integer"
            },
            {
                "name":"500m이내은행수",
                "type":"integer"
            },
            {
                "name":"500m이내병원수",
                "type":"integer"
            },
            {
                "name":"5km이내대형병원수",
                "type":"integer"
            },
            {
                "name":"500m이내공원수",
                "type":"integer"
            },
            {
                "name":"3km이내혐오시설수",
                "type":"integer"
            },
            {
                "name":"초등학교학업성취도",
                "type":"number"
            },
            {
                "name":"중학교학업성취도",
                "type":"number"
            },
            {
                "name":"용적률",
                "type":"integer"
            },
            {
                "name":"건폐율",
                "type":"integer"
            },
            {
                "name":"Y",
                "type":"number"
            },
            {
                "name":"X",
                "type":"number"
            },
            {
                "name":"rank",
                "type":"number"
            },
            {
                "name":"area_info",
                "type":"string"
            },
            {
                "name":"last_sales",
                "type":"string"
            },
            {
                "name":"rank_history",
                "type":"string"
            },
            {
                "name":"rank_gap",
                "type":"integer"
            }
        ],
        "primaryKey":[
            "index"
        ],
        "pandas_version":"1.4.0"
    },
    "data":[
        {
            "index":233,
            "아파트명":"한인",
            "투자타입":"재건축",
            "전용면적(m2)":"60.91",
            "전용면적(평)":"18평",
            "법정동주소":"경기도 구리시 수택동 517-3",
            "도로명주소":"경기도 구리시 수택천로25번길 11",
            "세대수":0,
            "입주년차":"--",
            "용적률점수":100,
            "건폐율점수":100,
            "세대당주차수":"--",
            "난방방식":"--",
            "공급면적":50,
            "전용률":60,
            "욕실수":"--",
            "현관타입":"--",
            "주거총점":65.5,
            "지역구공급총점":100.0,
            "역세권":80,
            "30분내 이동가능 거점":0,
            "1시간내 이동가능 거점":0,
            "교통총점":40.0,
            "백화점":100,
            "아울렛몰":100,
            "대형마트":80,
            "은행":70,
            "병원":100,
            "종합병원":100,
            "공원":100,
            "혐오시설":0,
            "인프라총점":92.0,
            "초등학군":90.01,
            "중학군":46.98,
            "학군총점":55.586,
            "인구수":21.77,
            "인구증감":-17.55,
            "인구총점":9.974,
            "일자리":9.04,
            "소득수준":50.88,
            "일자리총점":21.592,
            "가치 총점":63.0379,
            "매매실거래년":20220129.0,
            "매매실거래가":44500.0,
            "전세실거래년":20211118.0,
            "전세실거래가":15000.0,
            "전세가율":40.0,
            "장기전세가율평균":68.39,
            "전세가율거품지수":28.39,
            "검색코드":9434,
            "세대수":137.0,
            "준공년월":"1989-05-09",
            "준공년차":34.0,
            "가까운역이름":"구리",
            "가까운역거리":494.4,
            "역세권여부":"역세권",
            "30분이내주요거점역":0,
            "30분거점역이름":"[]",
            "1시간이내주요거점역":0,
            "1시간거점역이름":"[]",
            "3km이내백화점수":1,
            "5km이내아울렛몰수":2,
            "1km이내대형먀트수":1,
            "500m이내은행수":3,
            "500m이내병원수":113,
            "5km이내대형병원수":3,
            "500m이내공원수":8,
            "3km이내혐오시설수":0,
            "초등학교학업성취도":90.01,
            "중학교학업성취도":77.9,
            "용적률":89,
            "건폐율":18,
            "Y":37.59907,
            "X":127.14519,
            "rank":1.0,
            "area_info":"18평(60.91), 18평(60.35), 21평(69.85), 26평(88.68), 27평(89.29)",
            "last_sales":"2022-01-29,44500.0,18평(60.35)",
            "rank_history":[
                [
                    "202203",
                    1
                ],
                [
                    "202202",
                    1
                ],
                [
                    "202201",
                    4
                ]
            ],
            "rank_gap":0
        },
        {
            "index":120,
            "아파트명":"e편한세상수택센트럴파크",
            "투자타입":"일반",
            "전용면적(m2)":"81.74",
            "전용면적(평)":"24평",
            "법정동주소":"경기도 구리시 수택동 437",
            "도로명주소":"경기도 구리시 안골로64번길 10",
            "세대수":80,
            "입주년차":100,
            "용적률점수":"--",
            "건폐율점수":"--",
            "세대당주차수":30,
            "난방방식":30,
            "공급면적":"--",
            "전용률":"--",
            "욕실수":100,
            "현관타입":100,
            "주거총점":75.5,
            "지역구공급총점":100.0,
            "역세권":50,
            "30분내 이동가능 거점":0,
            "1시간내 이동가능 거점":0,
            "교통총점":25.0,
            "백화점":100,
            "아울렛몰":100,
            "대형마트":100,
            "은행":70,
            "병원":100,
            "종합병원":100,
            "공원":100,
            "혐오시설":0,
            "인프라총점":95.0,
            "초등학군":90.01,
            "중학군":44.76,
            "학군총점":53.81,
            "인구수":21.77,
            "인구증감":-17.55,
            "인구총점":9.974,
            "일자리":9.04,
            "소득수준":50.88,
            "일자리총점":21.592,
            "가치 총점":60.4215,
            "매매실거래년":20200812.0,
            "매매실거래가":86500.0,
            "전세실거래년":20220219.0,
            "전세실거래가":35000.0,
            "전세가율":59.32,
            "장기전세가율평균":68.39,
            "전세가율거품지수":9.07,
            "검색코드":117604,
            "세대수":733.0,
            "준공년월":"2020-01-23",
            "준공년차":3.0,
            "가까운역이름":"구리",
            "가까운역거리":852.8,
            "역세권여부":"준역세권",
            "30분이내주요거점역":0,
            "30분거점역이름":"[]",
            "1시간이내주요거점역":0,
            "1시간거점역이름":"[]",
            "3km이내백화점수":1,
            "5km이내아울렛몰수":2,
            "1km이내대형먀트수":2,
            "500m이내은행수":3,
            "500m이내병원수":71,
            "5km이내대형병원수":4,
            "500m이내공원수":6,
            "3km이내혐오시설수":0,
            "초등학교학업성취도":90.01,
            "중학교학업성취도":74.6,
            "용적률":207,
            "건폐율":14,
            "Y":37.596398,
            "X":127.139055,
            "rank":2.0,
            "area_info":"24평(81.74), 24평(81.89), 30평(101.46), 34평(113.36), 34평(113.9)",
            "last_sales":"2020-08-12,86500.0,34평(113.36)",
            "rank_history":[
                [
                    "202203",
                    2
                ],
                [
                    "202202",
                    3
                ],
                [
                    "202201",
                    3
                ]
            ],
            "rank_gap":1
        },
        {
            "index":238,
            "아파트명":"e편한세상인창어반포레",
            "투자타입":"일반",
            "전용면적(m2)":"60.75",
            "전용면적(평)":"18평",
            "법정동주소":"경기도 구리시 인창동 716",
            "도로명주소":"경기도 구리시 건원대로33번길 9",
            "세대수":50,
            "입주년차":100,
            "용적률점수":"--",
            "건폐율점수":"--",
            "세대당주차수":30,
            "난방방식":30,
            "공급면적":"--",
            "전용률":"--",
            "욕실수":50,
            "현관타입":10,
            "주거총점":51.0,
            "지역구공급총점":100.0,
            "역세권":80,
            "30분내 이동가능 거점":0,
            "1시간내 이동가능 거점":0,
            "교통총점":40.0,
            "백화점":100,
            "아울렛몰":100,
            "대형마트":80,
            "은행":70,
            "병원":100,
            "종합병원":100,
            "공원":100,
            "혐오시설":0,
            "인프라총점":92.0,
            "초등학군":90.0,
            "중학군":46.98,
            "학군총점":55.584,
            "인구수":21.77,
            "인구증감":-17.55,
            "인구총점":9.974,
            "일자리":9.04,
            "소득수준":50.88,
            "일자리총점":21.592,
            "가치 총점":60.1376,
            "매매실거래년":20210927.0,
            "매매실거래가":116000.0,
            "전세실거래년":20220220.0,
            "전세실거래가":30000.0,
            "전세가율":60.0,
            "장기전세가율평균":68.39,
            "전세가율거품지수":8.39,
            "검색코드":121008,
            "세대수":632.0,
            "준공년월":"2020-08-01",
            "준공년차":3.0,
            "가까운역이름":"구리",
            "가까운역거리":423.06,
            "역세권여부":"역세권",
            "30분이내주요거점역":0,
            "30분거점역이름":"[]",
            "1시간이내주요거점역":0,
            "1시간거점역이름":"[]",
            "3km이내백화점수":1,
            "5km이내아울렛몰수":2,
            "1km이내대형먀트수":1,
            "500m이내은행수":4,
            "500m이내병원수":107,
            "5km이내대형병원수":3,
            "500m이내공원수":7,
            "3km이내혐오시설수":0,
            "초등학교학업성취도":90.0,
            "중학교학업성취도":77.9,
            "용적률":235,
            "건폐율":17,
            "Y":37.603228,
            "X":127.138549,
            "rank":3.0,
            "area_info":"18평(60.75), 26평(86.49), 26평(86.19), 34평(113.04), 34평(114.38)",
            "last_sales":"2021-09-27,116000.0,34평(113.04)",
            "rank_history":[
                [
                    "202203",
                    3
                ],
                [
                    "202202",
                    2
                ],
                [
                    "202201",
                    1
                ]
            ],
            "rank_gap":-1
        },
        {
            "index":52,
            "아파트명":"구리두산",
            "투자타입":"재건축",
            "전용면적(m2)":"79.89",
            "전용면적(평)":"24평",
            "법정동주소":"경기도 구리시 교문동 766",
            "도로명주소":"경기도 구리시 체육관로113번길 45",
            "세대수":50,
            "입주년차":"--",
            "용적률점수":100,
            "건폐율점수":80,
            "세대당주차수":"--",
            "난방방식":"--",
            "공급면적":50,
            "전용률":60,
            "욕실수":"--",
            "현관타입":"--",
            "주거총점":76.5,
            "지역구공급총점":100.0,
            "역세권":50,
            "30분내 이동가능 거점":0,
            "1시간내 이동가능 거점":10,
            "교통총점":27.0,
            "백화점":100,
            "아울렛몰":100,
            "대형마트":100,
            "은행":0,
            "병원":80,
            "종합병원":100,
            "공원":100,
            "혐오시설":0,
            "인프라총점":86.0,
            "초등학군":90.01,
            "중학군":50.08,
            "학군총점":58.066,
            "인구수":21.77,
            "인구증감":-17.55,
            "인구총점":9.974,
            "일자리":9.04,
            "소득수준":50.88,
            "일자리총점":21.592,
            "가치 총점":59.2599,
            "매매실거래년":20211102.0,
            "매매실거래가":77000.0,
            "전세실거래년":20220207.0,
            "전세실거래가":19500.0,
            "전세가율":25.32,
            "장기전세가율평균":68.39,
            "전세가율거품지수":43.07,
            "검색코드":2568,
            "세대수":434.0,
            "준공년월":"1991-05-31",
            "준공년차":32.0,
            "가까운역이름":"토평 (2023년 예정)",
            "가까운역거리":725.91,
            "역세권여부":"준역세권",
            "30분이내주요거점역":0,
            "30분거점역이름":"[]",
            "1시간이내주요거점역":1,
            "1시간거점역이름":"['잠실']",
            "3km이내백화점수":1,
            "5km이내아울렛몰수":2,
            "1km이내대형먀트수":2,
            "500m이내은행수":1,
            "500m이내병원수":37,
            "5km이내대형병원수":5,
            "500m이내공원수":5,
            "3km이내혐오시설수":0,
            "초등학교학업성취도":90.01,
            "중학교학업성취도":82.8,
            "용적률":110,
            "건폐율":26,
            "Y":37.593163,
            "X":127.135281,
            "rank":4.0,
            "area_info":"24평(79.89)",
            "last_sales":"2021-11-02,77000.0,24평(79.89)",
            "rank_history":[
                [
                    "202203",
                    4
                ],
                [
                    "202202",
                    22
                ],
                [
                    "202201",
                    22
                ]
            ],
            "rank_gap":18
        },
        {
            "index":138,
            "아파트명":"금호(금호베스트빌II)",
            "투자타입":"일반",
            "전용면적(m2)":"139.06",
            "전용면적(평)":"42평",
            "법정동주소":"경기도 구리시 수택동 877",
            "도로명주소":"경기도 구리시 장자호수길 77",
            "세대수":50,
            "입주년차":20,
            "용적률점수":"--",
            "건폐율점수":"--",
            "세대당주차수":80,
            "난방방식":30,
            "공급면적":"--",
            "전용률":"--",
            "욕실수":100,
            "현관타입":100,
            "주거총점":56.5,
            "지역구공급총점":100.0,
            "역세권":80,
            "30분내 이동가능 거점":0,
            "1시간내 이동가능 거점":10,
            "교통총점":42.0,
            "백화점":100,
            "아울렛몰":100,
            "대형마트":80,
            "은행":0,
            "병원":60,
            "종합병원":100,
            "공원":100,
            "혐오시설":0,
            "인프라총점":81.0,
            "초등학군":89.97,
            "중학군":51.64,
            "학군총점":59.306,
            "인구수":21.77,
            "인구증감":-17.55,
            "인구총점":9.974,
            "일자리":9.04,
            "소득수준":50.88,
            "일자리총점":21.592,
            "가치 총점":59.1959,
            "매매실거래년":20210928.0,
            "매매실거래가":137500.0,
            "전세실거래년":20220217.0,
            "전세실거래가":52500.0,
            "전세가율":38.18,
            "장기전세가율평균":68.39,
            "전세가율거품지수":30.21,
            "검색코드":3025,
            "세대수":498.0,
            "준공년월":"2001-08-31",
            "준공년차":22.0,
            "가까운역이름":"토평 (2023년 예정)",
            "가까운역거리":167.49,
            "역세권여부":"역세권",
            "30분이내주요거점역":0,
            "30분거점역이름":"[]",
            "1시간이내주요거점역":1,
            "1시간거점역이름":"['잠실']",
            "3km이내백화점수":1,
            "5km이내아울렛몰수":2,
            "1km이내대형먀트수":1,
            "500m이내은행수":0,
            "500m이내병원수":22,
            "5km이내대형병원수":5,
            "500m이내공원수":3,
            "3km이내혐오시설수":0,
            "초등학교학업성취도":89.97,
            "중학교학업성취도":85.4,
            "용적률":209,
            "건폐율":13,
            "Y":37.585948,
            "X":127.139282,
            "rank":5.0,
            "area_info":"42평(139.06), 51평(170.52), 62평(205.16)",
            "last_sales":"2021-09-28,137500.0,42평(139.06)",
            "rank_history":[
                [
                    "202203",
                    5
                ],
                [
                    "202202",
                    34
                ],
                [
                    "202201",
                    44
                ]
            ],
            "rank_gap":29
        },
        {
            "index":66,
            "아파트명":"금호(금호베스트빌I)",
            "투자타입":"일반",
            "전용면적(m2)":"80.48",
            "전용면적(평)":"24평",
            "법정동주소":"경기도 구리시 교문동 820",
            "도로명주소":"경기도 구리시 장자대로 38",
            "세대수":80,
            "입주년차":20,
            "용적률점수":"--",
            "건폐율점수":"--",
            "세대당주차수":30,
            "난방방식":30,
            "공급면적":"--",
            "전용률":"--",
            "욕실수":50,
            "현관타입":100,
            "주거총점":54.5,
            "지역구공급총점":100.0,
            "역세권":80,
            "30분내 이동가능 거점":0,
            "1시간내 이동가능 거점":10,
            "교통총점":42.0,
            "백화점":100,
            "아울렛몰":100,
            "대형마트":80,
            "은행":0,
            "병원":60,
            "종합병원":100,
            "공원":100,
            "혐오시설":0,
            "인프라총점":81.0,
            "초등학군":89.97,
            "중학군":51.64,
            "학군총점":59.306,
            "인구수":21.77,
            "인구증감":-17.55,
            "인구총점":9.974,
            "일자리":9.04,
            "소득수준":50.88,
            "일자리총점":21.592,
            "가치 총점":58.7959,
            "매매실거래년":20211022.0,
            "매매실거래가":80000.0,
            "전세실거래년":20220129.0,
            "전세실거래가":28350.0,
            "전세가율":34.28,
            "장기전세가율평균":68.39,
            "전세가율거품지수":34.11,
            "검색코드":3027,
            "세대수":704.0,
            "준공년월":"2001-08-31",
            "준공년차":22.0,
            "가까운역이름":"토평 (2023년 예정)",
            "가까운역거리":386.27,
            "역세권여부":"역세권",
            "30분이내주요거점역":0,
            "30분거점역이름":"[]",
            "1시간이내주요거점역":1,
            "1시간거점역이름":"['잠실']",
            "3km이내백화점수":1,
            "5km이내아울렛몰수":2,
            "1km이내대형먀트수":1,
            "500m이내은행수":0,
            "500m이내병원수":20,
            "5km이내대형병원수":5,
            "500m이내공원수":2,
            "3km이내혐오시설수":0,
            "초등학교학업성취도":89.97,
            "중학교학업성취도":85.4,
            "용적률":229,
            "건폐율":16,
            "Y":37.586762,
            "X":127.133509,
            "rank":6.0,
            "area_info":"24평(80.48), 24평(81.09), 24평(81.05), 24평(81.0)",
            "last_sales":"2021-10-22,80000.0,24평(81.09)",
            "rank_history":[
                [
                    "202203",
                    6
                ],
                [
                    "202202",
                    29
                ],
                [
                    "202201",
                    36
                ]
            ],
            "rank_gap":23
        },
        {
            "index":114,
            "아파트명":"한성",
            "투자타입":"재건축",
            "전용면적(m2)":"84.15",
            "전용면적(평)":"25평",
            "법정동주소":"경기도 구리시 교문동 766-1",
            "도로명주소":"경기도 구리시 이문안로 51",
            "세대수":50,
            "입주년차":"--",
            "용적률점수":100,
            "건폐율점수":60,
            "세대당주차수":"--",
            "난방방식":"--",
            "공급면적":70,
            "전용률":80,
            "욕실수":"--",
            "현관타입":"--",
            "주거총점":74.5,
            "지역구공급총점":100.0,
            "역세권":50,
            "30분내 이동가능 거점":0,
            "1시간내 이동가능 거점":10,
            "교통총점":27.0,
            "백화점":100,
            "아울렛몰":100,
            "대형마트":100,
            "은행":0,
            "병원":80,
            "종합병원":100,
            "공원":100,
            "혐오시설":0,
            "인프라총점":86.0,
            "초등학군":89.99,
            "중학군":44.76,
            "학군총점":53.806,
            "인구수":21.77,
            "인구증감":-17.55,
            "인구총점":9.974,
            "일자리":9.04,
            "소득수준":50.88,
            "일자리총점":21.592,
            "가치 총점":58.2209,
            "매매실거래년":20220226.0,
            "매매실거래가":80000.0,
            "전세실거래년":20220218.0,
            "전세실거래가":30000.0,
            "전세가율":37.5,
            "장기전세가율평균":68.39,
            "전세가율거품지수":30.89,
            "검색코드":1646,
            "세대수":490.0,
            "준공년월":"1990-12-24",
            "준공년차":33.0,
            "가까운역이름":"토평 (2023년 예정)",
            "가까운역거리":703.8,
            "역세권여부":"준역세권",
            "30분이내주요거점역":0,
            "30분거점역이름":"[]",
            "1시간이내주요거점역":1,
            "1시간거점역이름":"['잠실']",
            "3km이내백화점수":1,
            "5km이내아울렛몰수":2,
            "1km이내대형먀트수":2,
            "500m이내은행수":1,
            "500m이내병원수":46,
            "5km이내대형병원수":5,
            "500m이내공원수":8,
            "3km이내혐오시설수":0,
            "초등학교학업성취도":89.99,
            "중학교학업성취도":74.6,
            "용적률":136,
            "건폐율":34,
            "Y":37.593247,
            "X":127.136865,
            "rank":7.0,
            "area_info":"25평(84.15), 29평(98.46)",
            "last_sales":"2022-02-26,80000.0,25평(84.15)",
            "rank_history":[
                [
                    "202203",
                    7
                ],
                [
                    "202202",
                    24
                ],
                [
                    "202201",
                    24
                ]
            ],
            "rank_gap":17
        },
        {
            "index":484,
            "아파트명":"현대",
            "투자타입":"일반",
            "전용면적(m2)":"111.73",
            "전용면적(평)":"33평",
            "법정동주소":"경기도 구리시 인창동 508",
            "도로명주소":"경기도 구리시 동구릉로 114",
            "세대수":50,
            "입주년차":20,
            "용적률점수":"--",
            "건폐율점수":"--",
            "세대당주차수":30,
            "난방방식":30,
            "공급면적":"--",
            "전용률":"--",
            "욕실수":100,
            "현관타입":100,
            "주거총점":49.0,
            "지역구공급총점":100.0,
            "역세권":80,
            "30분내 이동가능 거점":0,
            "1시간내 이동가능 거점":0,
            "교통총점":40.0,
            "백화점":100,
            "아울렛몰":100,
            "대형마트":80,
            "은행":20,
            "병원":80,
            "종합병원":100,
            "공원":100,
            "혐오시설":0,
            "인프라총점":85.0,
            "초등학군":90.0,
            "중학군":49.54,
            "학군총점":57.632,
            "인구수":21.77,
            "인구증감":-17.55,
            "인구총점":9.974,
            "일자리":9.04,
            "소득수준":50.88,
            "일자리총점":21.592,
            "가치 총점":57.9448,
            "매매실거래년":20210916.0,
            "매매실거래가":85000.0,
            "전세실거래년":20220213.0,
            "전세실거래가":31500.0,
            "전세가율":37.06,
            "장기전세가율평균":68.39,
            "전세가율거품지수":31.33,
            "검색코드":3574,
            "세대수":598.0,
            "준공년월":"2002-08-16",
            "준공년차":21.0,
            "가까운역이름":"구리도매시장 (2023년 예정)",
            "가까운역거리":229.0,
            "역세권여부":"역세권",
            "30분이내주요거점역":0,
            "30분거점역이름":"[]",
            "1시간이내주요거점역":0,
            "1시간거점역이름":"[]",
            "3km이내백화점수":1,
            "5km이내아울렛몰수":2,
            "1km이내대형먀트수":1,
            "500m이내은행수":2,
            "500m이내병원수":42,
            "5km이내대형병원수":3,
            "500m이내공원수":8,
            "3km이내혐오시설수":0,
            "초등학교학업성취도":90.0,
            "중학교학업성취도":82.1,
            "용적률":327,
            "건폐율":22,
            "Y":37.6088,
            "X":127.137014,
            "rank":8.0,
            "area_info":"33평(111.73), 48평(160.25)",
            "last_sales":"2021-09-16,85000.0,33평(111.73)",
            "rank_history":[
                [
                    "202203",
                    8
                ],
                [
                    "202202",
                    10
                ],
                [
                    "202201",
                    10
                ]
            ],
            "rank_gap":2
        },
        {
            "index":99,
            "아파트명":"신명",
            "투자타입":"일반",
            "전용면적(m2)":"117.3",
            "전용면적(평)":"35평",
            "법정동주소":"경기도 구리시 교문동 826",
            "도로명주소":"경기도 구리시 장자호수길 71",
            "세대수":50,
            "입주년차":20,
            "용적률점수":"--",
            "건폐율점수":"--",
            "세대당주차수":30,
            "난방방식":30,
            "공급면적":"--",
            "전용률":"--",
            "욕실수":100,
            "현관타입":100,
            "주거총점":49.0,
            "지역구공급총점":100.0,
            "역세권":80,
            "30분내 이동가능 거점":0,
            "1시간내 이동가능 거점":10,
            "교통총점":42.0,
            "백화점":100,
            "아울렛몰":100,
            "대형마트":80,
            "은행":0,
            "병원":60,
            "종합병원":100,
            "공원":100,
            "혐오시설":0,
            "인프라총점":81.0,
            "초등학군":89.97,
            "중학군":51.64,
            "학군총점":59.306,
            "인구수":21.77,
            "인구증감":-17.55,
            "인구총점":9.974,
            "일자리":9.04,
            "소득수준":50.88,
            "일자리총점":21.592,
            "가치 총점":57.6959,
            "매매실거래년":20211204.0,
            "매매실거래가":110000.0,
            "전세실거래년":20220124.0,
            "전세실거래가":65000.0,
            "전세가율":59.09,
            "장기전세가율평균":68.39,
            "전세가율거품지수":9.3,
            "검색코드":3577,
            "세대수":434.0,
            "준공년월":"2001-09-08",
            "준공년차":22.0,
            "가까운역이름":"토평 (2023년 예정)",
            "가까운역거리":161.01,
            "역세권여부":"역세권",
            "30분이내주요거점역":0,
            "30분거점역이름":"[]",
            "1시간이내주요거점역":1,
            "1시간거점역이름":"['잠실']",
            "3km이내백화점수":1,
            "5km이내아울렛몰수":2,
            "1km이내대형먀트수":1,
            "500m이내은행수":0,
            "500m이내병원수":21,
            "5km이내대형병원수":5,
            "500m이내공원수":3,
            "3km이내혐오시설수":0,
            "초등학교학업성취도":89.97,
            "중학교학업성취도":85.4,
            "용적률":199,
            "건폐율":14,
            "Y":37.58576,
            "X":127.13688,
            "rank":9.0,
            "area_info":"35평(117.3)",
            "last_sales":"2021-12-04,110000.0,35평(117.3)",
            "rank_history":[
                [
                    "202203",
                    9
                ],
                [
                    "202202",
                    35
                ],
                [
                    "202201",
                    45
                ]
            ],
            "rank_gap":26
        },
        {
            "index":364,
            "아파트명":"아름마을일신건영1차",
            "투자타입":"일반",
            "전용면적(m2)":"81.89",
            "전용면적(평)":"24평",
            "법정동주소":"경기도 구리시 인창동 487-32",
            "도로명주소":"경기도 구리시 동구릉로 93",
            "세대수":50,
            "입주년차":20,
            "용적률점수":"--",
            "건폐율점수":"--",
            "세대당주차수":30,
            "난방방식":30,
            "공급면적":"--",
            "전용률":"--",
            "욕실수":50,
            "현관타입":100,
            "주거총점":44.0,
            "지역구공급총점":100.0,
            "역세권":80,
            "30분내 이동가능 거점":0,
            "1시간내 이동가능 거점":10,
            "교통총점":42.0,
            "백화점":100,
            "아울렛몰":100,
            "대형마트":80,
            "은행":20,
            "병원":80,
            "종합병원":100,
            "공원":100,
            "혐오시설":0,
            "인프라총점":85.0,
            "초등학군":89.99,
            "중학군":49.54,
            "학군총점":57.63,
            "인구수":21.77,
            "인구증감":-17.55,
            "인구총점":9.974,
            "일자리":9.04,
            "소득수준":50.88,
            "일자리총점":21.592,
            "가치 총점":57.6445,
            "매매실거래년":20211218.0,
            "매매실거래가":60000.0,
            "전세실거래년":20220128.0,
            "전세실거래가":26000.0,
            "전세가율":43.33,
            "장기전세가율평균":68.39,
            "전세가율거품지수":25.06,
            "검색코드":2621,
            "세대수":441.0,
            "준공년월":"1999-11-02",
            "준공년차":24.0,
            "가까운역이름":"구리도매시장 (2023년 예정)",
            "가까운역거리":381.06,
            "역세권여부":"역세권",
            "30분이내주요거점역":0,
            "30분거점역이름":"[]",
            "1시간이내주요거점역":1,
            "1시간거점역이름":"['잠실']",
            "3km이내백화점수":1,
            "5km이내아울렛몰수":2,
            "1km이내대형먀트수":1,
            "500m이내은행수":2,
            "500m이내병원수":33,
            "5km이내대형병원수":3,
            "500m이내공원수":5,
            "3km이내혐오시설수":0,
            "초등학교학업성취도":89.99,
            "중학교학업성취도":82.1,
            "용적률":308,
            "건폐율":23,
            "Y":37.609211,
            "X":127.134109,
            "rank":10.0,
            "area_info":"24평(81.89), 33평(111.19), 49평(164.01)",
            "last_sales":"2021-12-18,60000.0,24평(81.89)",
            "rank_history":[
                [
                    "202203",
                    10
                ],
                [
                    "202202",
                    36
                ],
                [
                    "202201",
                    31
                ]
            ],
            "rank_gap":26
        },
        {
            "index":500,
            "아파트명":"한일",
            "투자타입":"일반",
            "전용면적(m2)":"85.73",
            "전용면적(평)":"25평",
            "법정동주소":"경기도 구리시 토평동 961",
            "도로명주소":"경기도 구리시 장자대로111번길 11",
            "세대수":50,
            "입주년차":20,
            "용적률점수":"--",
            "건폐율점수":"--",
            "세대당주차수":30,
            "난방방식":30,
            "공급면적":"--",
            "전용률":"--",
            "욕실수":100,
            "현관타입":100,
            "주거총점":49.0,
            "지역구공급총점":100.0,
            "역세권":80,
            "30분내 이동가능 거점":0,
            "1시간내 이동가능 거점":10,
            "교통총점":42.0,
            "백화점":100,
            "아울렛몰":100,
            "대형마트":80,
            "은행":0,
            "병원":80,
            "종합병원":100,
            "공원":100,
            "혐오시설":0,
            "인프라총점":83.0,
            "초등학군":89.99,
            "중학군":44.76,
            "학군총점":53.806,
            "인구수":21.77,
            "인구증감":-17.55,
            "인구총점":9.974,
            "일자리":9.04,
            "소득수준":50.88,
            "일자리총점":21.592,
            "가치 총점":57.4709,
            "매매실거래년":20220125.0,
            "매매실거래가":78000.0,
            "전세실거래년":20220219.0,
            "전세실거래가":31500.0,
            "전세가율":40.38,
            "장기전세가율평균":68.39,
            "전세가율거품지수":28.01,
            "검색코드":3024,
            "세대수":526.0,
            "준공년월":"2001-08-23",
            "준공년차":22.0,
            "가까운역이름":"토평 (2023년 예정)",
            "가까운역거리":418.73,
            "역세권여부":"역세권",
            "30분이내주요거점역":0,
            "30분거점역이름":"[]",
            "1시간이내주요거점역":1,
            "1시간거점역이름":"['잠실']",
            "3km이내백화점수":1,
            "5km이내아울렛몰수":2,
            "1km이내대형먀트수":1,
            "500m이내은행수":0,
            "500m이내병원수":50,
            "5km이내대형병원수":5,
            "500m이내공원수":6,
            "3km이내혐오시설수":0,
            "초등학교학업성취도":89.99,
            "중학교학업성취도":74.6,
            "용적률":189,
            "건폐율":16,
            "Y":37.58828,
            "X":127.14234,
            "rank":11.0,
            "area_info":"25평(85.73)",
            "last_sales":"2022-01-25,78000.0,25평(85.73)",
            "rank_history":[
                [
                    "202203",
                    11
                ],
                [
                    "202202",
                    52
                ],
                [
                    "202201",
                    61
                ]
            ],
            "rank_gap":41
        },
        {
            "index":317,
            "아파트명":"삼호",
            "투자타입":"재건축",
            "전용면적(m2)":"68.23",
            "전용면적(평)":"20평",
            "법정동주소":"경기도 구리시 인창동 590",
            "도로명주소":"경기도 구리시 응달말로40번길 13",
            "세대수":0,
            "입주년차":"--",
            "용적률점수":100,
            "건폐율점수":100,
            "세대당주차수":"--",
            "난방방식":"--",
            "공급면적":50,
            "전용률":80,
            "욕실수":"--",
            "현관타입":"--",
            "주거총점":66.5,
            "지역구공급총점":100.0,
            "역세권":50,
            "30분내 이동가능 거점":0,
            "1시간내 이동가능 거점":10,
            "교통총점":27.0,
            "백화점":100,
            "아울렛몰":100,
            "대형마트":80,
            "은행":20,
            "병원":100,
            "종합병원":100,
            "공원":100,
            "혐오시설":0,
            "인프라총점":87.0,
            "초등학군":89.99,
            "중학군":46.98,
            "학군총점":55.582,
            "인구수":21.77,
            "인구증감":-17.55,
            "인구총점":9.974,
            "일자리":9.04,
            "소득수준":50.88,
            "일자리총점":21.592,
            "가치 총점":57.1873,
            "매매실거래년":20210722.0,
            "매매실거래가":54500.0,
            "전세실거래년":20220212.0,
            "전세실거래가":28000.0,
            "전세가율":51.38,
            "장기전세가율평균":68.39,
            "전세가율거품지수":17.01,
            "검색코드":1657,
            "세대수":231.0,
            "준공년월":"1991-10-25",
            "준공년차":32.0,
            "가까운역이름":"구리",
            "가까운역거리":634.14,
            "역세권여부":"준역세권",
            "30분이내주요거점역":0,
            "30분거점역이름":"[]",
            "1시간이내주요거점역":1,
            "1시간거점역이름":"['잠실']",
            "3km이내백화점수":1,
            "5km이내아울렛몰수":2,
            "1km이내대형먀트수":1,
            "500m이내은행수":2,
            "500m이내병원수":62,
            "5km이내대형병원수":4,
            "500m이내공원수":5,
            "3km이내혐오시설수":0,
            "초등학교학업성취도":89.99,
            "중학교학업성취도":77.9,
            "용적률":119,
            "건폐율":10,
            "Y":37.60353,
            "X":127.13616,
            "rank":12.0,
            "area_info":"20평(68.23), 29평(97.54)",
            "last_sales":"2021-07-22,54500.0,20평(68.23)",
            "rank_history":[
                [
                    "202203",
                    12
                ],
                [
                    "202202",
                    6
                ],
                [
                    "202201",
                    6
                ]
            ],
            "rank_gap":-6
        },
        {
            "index":53,
            "아파트명":"구리우성,한양",
            "투자타입":"일반",
            "전용면적(m2)":"80.66",
            "전용면적(평)":"24평",
            "법정동주소":"경기도 구리시 교문동 809-2",
            "도로명주소":"경기도 구리시 체육관로 45",
            "세대수":50,
            "입주년차":0,
            "용적률점수":"--",
            "건폐율점수":"--",
            "세대당주차수":30,
            "난방방식":30,
            "공급면적":"--",
            "전용률":"--",
            "욕실수":50,
            "현관타입":100,
            "주거총점":40.0,
            "지역구공급총점":100.0,
            "역세권":80,
            "30분내 이동가능 거점":0,
            "1시간내 이동가능 거점":10,
            "교통총점":42.0,
            "백화점":100,
            "아울렛몰":100,
            "대형마트":80,
            "은행":0,
            "병원":100,
            "종합병원":100,
            "공원":100,
            "혐오시설":0,
            "인프라총점":85.0,
            "초등학군":89.97,
            "중학군":50.08,
            "학군총점":58.058,
            "인구수":21.77,
            "인구증감":-17.55,
            "인구총점":9.974,
            "일자리":9.04,
            "소득수준":50.88,
            "일자리총점":21.592,
            "가치 총점":56.9087,
            "매매실거래년":20200912.0,
            "매매실거래가":93800.0,
            "전세실거래년":null,
            "전세실거래가":null,
            "전세가율":null,
            "장기전세가율평균":68.39,
            "전세가율거품지수":null,
            "검색코드":1640,
            "세대수":682.0,
            "준공년월":"1994-07-26",
            "준공년차":29.0,
            "가까운역이름":"토평 (2023년 예정)",
            "가까운역거리":249.31,
            "역세권여부":"역세권",
            "30분이내주요거점역":0,
            "30분거점역이름":"[]",
            "1시간이내주요거점역":1,
            "1시간거점역이름":"['잠실']",
            "3km이내백화점수":1,
            "5km이내아울렛몰수":2,
            "1km이내대형먀트수":1,
            "500m이내은행수":1,
            "500m이내병원수":63,
            "5km이내대형병원수":5,
            "500m이내공원수":4,
            "3km이내혐오시설수":0,
            "초등학교학업성취도":89.97,
            "중학교학업성취도":82.8,
            "용적률":219,
            "건폐율":0,
            "Y":37.589094,
            "X":127.136981,
            "rank":13.0,
            "area_info":"24평(80.66), 24평(80.82), 29평(99.01), 32평(106.8), 34평(112.83), 37평(125.41), 38평(126.2), 44평(146.56), 48평(161.04), 49평(162.69)",
            "last_sales":"2020-09-12,93800.0,49평(162.69)",
            "rank_history":[
                [
                    "202203",
                    13
                ],
                [
                    "202202",
                    41
                ],
                [
                    "202201",
                    52
                ]
            ],
            "rank_gap":28
        },
        {
            "index":499,
            "아파트명":"토평마을e편한세상",
            "투자타입":"일반",
            "전용면적(m2)":"115.16",
            "전용면적(평)":"34평",
            "법정동주소":"경기도 구리시 토평동 955",
            "도로명주소":"경기도 구리시 장자호수길 125",
            "세대수":50,
            "입주년차":20,
            "용적률점수":"--",
            "건폐율점수":"--",
            "세대당주차수":30,
            "난방방식":30,
            "공급면적":"--",
            "전용률":"--",
            "욕실수":100,
            "현관타입":100,
            "주거총점":49.0,
            "지역구공급총점":100.0,
            "역세권":80,
            "30분내 이동가능 거점":0,
            "1시간내 이동가능 거점":10,
            "교통총점":42.0,
            "백화점":100,
            "아울렛몰":100,
            "대형마트":80,
            "은행":0,
            "병원":60,
            "종합병원":100,
            "공원":100,
            "혐오시설":0,
            "인프라총점":81.0,
            "초등학군":89.99,
            "중학군":44.76,
            "학군총점":53.806,
            "인구수":21.77,
            "인구증감":-17.55,
            "인구총점":9.974,
            "일자리":9.04,
            "소득수준":50.88,
            "일자리총점":21.592,
            "가치 총점":56.8709,
            "매매실거래년":20210928.0,
            "매매실거래가":107000.0,
            "전세실거래년":20220216.0,
            "전세실거래가":42000.0,
            "전세가율":39.25,
            "장기전세가율평균":68.39,
            "전세가율거품지수":29.14,
            "검색코드":3026,
            "세대수":678.0,
            "준공년월":"2001-06-27",
            "준공년차":22.0,
            "가까운역이름":"토평 (2023년 예정)",
            "가까운역거리":442.12,
            "역세권여부":"역세권",
            "30분이내주요거점역":0,
            "30분거점역이름":"[]",
            "1시간이내주요거점역":1,
            "1시간거점역이름":"['잠실']",
            "3km이내백화점수":1,
            "5km이내아울렛몰수":2,
            "1km이내대형먀트수":1,
            "500m이내은행수":0,
            "500m이내병원수":21,
            "5km이내대형병원수":4,
            "500m이내공원수":4,
            "3km이내혐오시설수":0,
            "초등학교학업성취도":89.99,
            "중학교학업성취도":74.6,
            "용적률":229,
            "건폐율":17,
            "Y":37.586019,
            "X":127.142757,
            "rank":14.0,
            "area_info":"34평(115.16)",
            "last_sales":"2021-09-28,107000.0,34평(115.16)",
            "rank_history":[
                [
                    "202203",
                    14
                ],
                [
                    "202202",
                    60
                ],
                [
                    "202201",
                    70
                ]
            ],
            "rank_gap":46
        },
        {
            "index":127,
            "아파트명":"구리역한양수자인리버시티",
            "투자타입":"일반",
            "전용면적(m2)":"83.1",
            "전용면적(평)":"25평",
            "법정동주소":"경기도 구리시 수택동 556",
            "도로명주소":"경기도 구리시 경춘로276번길 21",
            "세대수":50,
            "입주년차":100,
            "용적률점수":"--",
            "건폐율점수":"--",
            "세대당주차수":30,
            "난방방식":30,
            "공급면적":"--",
            "전용률":"--",
            "욕실수":100,
            "현관타입":100,
            "주거총점":65.0,
            "지역구공급총점":100.0,
            "역세권":80,
            "30분내 이동가능 거점":0,
            "1시간내 이동가능 거점":0,
            "교통총점":40.0,
            "백화점":100,
            "아울렛몰":100,
            "대형마트":0,
            "은행":0,
            "병원":80,
            "종합병원":100,
            "공원":100,
            "혐오시설":0,
            "인프라총점":71.0,
            "초등학군":90.01,
            "중학군":46.98,
            "학군총점":55.586,
            "인구수":21.77,
            "인구증감":-17.55,
            "인구총점":9.974,
            "일자리":9.04,
            "소득수준":50.88,
            "일자리총점":21.592,
            "가치 총점":56.6379,
            "매매실거래년":20211207.0,
            "매매실거래가":85000.0,
            "전세실거래년":20211231.0,
            "전세실거래가":53000.0,
            "전세가율":62.35,
            "장기전세가율평균":68.39,
            "전세가율거품지수":6.04,
            "검색코드":125425,
            "세대수":410.0,
            "준공년월":"2021-07-01",
            "준공년차":2.0,
            "가까운역이름":"구리",
            "가까운역거리":393.57,
            "역세권여부":"역세권",
            "30분이내주요거점역":0,
            "30분거점역이름":"[]",
            "1시간이내주요거점역":0,
            "1시간거점역이름":"[]",
            "3km이내백화점수":1,
            "5km이내아울렛몰수":2,
            "1km이내대형먀트수":0,
            "500m이내은행수":1,
            "500m이내병원수":30,
            "5km이내대형병원수":3,
            "500m이내공원수":5,
            "3km이내혐오시설수":0,
            "초등학교학업성취도":90.01,
            "중학교학업성취도":77.9,
            "용적률":249,
            "건폐율":25,
            "Y":37.602243,
            "X":127.147626,
            "rank":15.0,
            "area_info":"25평(83.1), 25평(83.4), 25평(84.0), 26평(88.69), 34평(113.23), 34평(113.55)",
            "last_sales":"2021-12-07,85000.0,25평(83.1)",
            "rank_history":[
                [
                    "202203",
                    15
                ],
                [
                    "202202",
                    5
                ],
                [
                    "202201",
                    5
                ]
            ],
            "rank_gap":-10
        },
        {
            "index":144,
            "아파트명":"대림한숲",
            "투자타입":"일반",
            "전용면적(m2)":"71.42",
            "전용면적(평)":"21평",
            "법정동주소":"경기도 구리시 수택동 854",
            "도로명주소":"경기도 구리시 체육관로 66",
            "세대수":90,
            "입주년차":0,
            "용적률점수":"--",
            "건폐율점수":"--",
            "세대당주차수":0,
            "난방방식":30,
            "공급면적":"--",
            "전용률":"--",
            "욕실수":50,
            "현관타입":10,
            "주거총점":40.5,
            "지역구공급총점":100.0,
            "역세권":80,
            "30분내 이동가능 거점":0,
            "1시간내 이동가능 거점":10,
            "교통총점":42.0,
            "백화점":100,
            "아울렛몰":100,
            "대형마트":80,
            "은행":0,
            "병원":100,
            "종합병원":100,
            "공원":100,
            "혐오시설":0,
            "인프라총점":85.0,
            "초등학군":89.99,
            "중학군":44.76,
            "학군총점":53.806,
            "인구수":21.77,
            "인구증감":-17.55,
            "인구총점":9.974,
            "일자리":9.04,
            "소득수준":50.88,
            "일자리총점":21.592,
            "가치 총점":56.3709,
            "매매실거래년":20220117.0,
            "매매실거래가":63500.0,
            "전세실거래년":20220221.0,
            "전세실거래가":15750.0,
            "전세가율":24.8,
            "장기전세가율평균":68.39,
            "전세가율거품지수":43.59,
            "검색코드":1652,
            "세대수":956.0,
            "준공년월":"1995-08-14",
            "준공년차":28.0,
            "가까운역이름":"토평 (2023년 예정)",
            "가까운역거리":427.32,
            "역세권여부":"역세권",
            "30분이내주요거점역":0,
            "30분거점역이름":"[]",
            "1시간이내주요거점역":1,
            "1시간거점역이름":"['잠실']",
            "3km이내백화점수":1,
            "5km이내아울렛몰수":2,
            "1km이내대형먀트수":1,
            "500m이내은행수":1,
            "500m이내병원수":65,
            "5km이내대형병원수":5,
            "500m이내공원수":4,
            "3km이내혐오시설수":0,
            "초등학교학업성취도":89.99,
            "중학교학업성취도":74.6,
            "용적률":218,
            "건폐율":15,
            "Y":37.59062,
            "X":127.1394,
            "rank":16.0,
            "area_info":"21평(71.42), 26평(86.6), 31평(105.57)",
            "last_sales":"2022-01-17,63500.0,21평(71.42)",
            "rank_history":[
                [
                    "202203",
                    16
                ],
                [
                    "202202",
                    43
                ],
                [
                    "202201",
                    54
                ]
            ],
            "rank_gap":27
        },
        {
            "index":107,
            "아파트명":"하나",
            "투자타입":"일반",
            "전용면적(m2)":"89.15",
            "전용면적(평)":"26평",
            "법정동주소":"경기도 구리시 교문동 809-1",
            "도로명주소":"경기도 구리시 체육관로 69",
            "세대수":50,
            "입주년차":0,
            "용적률점수":"--",
            "건폐율점수":"--",
            "세대당주차수":30,
            "난방방식":30,
            "공급면적":"--",
            "전용률":"--",
            "욕실수":50,
            "현관타입":100,
            "주거총점":40.0,
            "지역구공급총점":100.0,
            "역세권":80,
            "30분내 이동가능 거점":0,
            "1시간내 이동가능 거점":10,
            "교통총점":42.0,
            "백화점":100,
            "아울렛몰":100,
            "대형마트":80,
            "은행":0,
            "병원":100,
            "종합병원":100,
            "공원":100,
            "혐오시설":0,
            "인프라총점":85.0,
            "초등학군":89.99,
            "중학군":44.76,
            "학군총점":53.806,
            "인구수":21.77,
            "인구증감":-17.55,
            "인구총점":9.974,
            "일자리":9.04,
            "소득수준":50.88,
            "일자리총점":21.592,
            "가치 총점":56.2709,
            "매매실거래년":20211113.0,
            "매매실거래가":97000.0,
            "전세실거래년":20211208.0,
            "전세실거래가":41000.0,
            "전세가율":50.0,
            "장기전세가율평균":68.39,
            "전세가율거품지수":18.39,
            "검색코드":1643,
            "세대수":686.0,
            "준공년월":"1994-07-16",
            "준공년차":29.0,
            "가까운역이름":"토평 (2023년 예정)",
            "가까운역거리":483.08,
            "역세권여부":"역세권",
            "30분이내주요거점역":0,
            "30분거점역이름":"[]",
            "1시간이내주요거점역":1,
            "1시간거점역이름":"['잠실']",
            "3km이내백화점수":1,
            "5km이내아울렛몰수":2,
            "1km이내대형먀트수":1,
            "500m이내은행수":1,
            "500m이내병원수":63,
            "5km이내대형병원수":5,
            "500m이내공원수":6,
            "3km이내혐오시설수":0,
            "초등학교학업성취도":89.99,
            "중학교학업성취도":74.6,
            "용적률":219,
            "건폐율":14,
            "Y":37.591257,
            "X":127.137001,
            "rank":17.0,
            "area_info":"26평(89.15), 31평(105.23), 37평(124.58), 43평(143.5)",
            "last_sales":"2021-11-13,97000.0,37평(124.58)",
            "rank_history":[
                [
                    "202203",
                    17
                ],
                [
                    "202202",
                    45
                ],
                [
                    "202201",
                    56
                ]
            ],
            "rank_gap":28
        },
        {
            "index":403,
            "아파트명":"인창5단지삼환신일",
            "투자타입":"일반",
            "전용면적(m2)":"124.32",
            "전용면적(평)":"37평",
            "법정동주소":"경기도 구리시 인창동 667-1",
            "도로명주소":"경기도 구리시 건원대로34번길 51",
            "세대수":50,
            "입주년차":0,
            "용적률점수":"--",
            "건폐율점수":"--",
            "세대당주차수":60,
            "난방방식":30,
            "공급면적":"--",
            "전용률":"--",
            "욕실수":100,
            "현관타입":100,
            "주거총점":49.5,
            "지역구공급총점":100.0,
            "역세권":80,
            "30분내 이동가능 거점":0,
            "1시간내 이동가능 거점":0,
            "교통총점":40.0,
            "백화점":100,
            "아울렛몰":100,
            "대형마트":0,
            "은행":70,
            "병원":100,
            "종합병원":100,
            "공원":100,
            "혐오시설":0,
            "인프라총점":80.0,
            "초등학군":89.99,
            "중학군":46.98,
            "학군총점":55.582,
            "인구수":21.77,
            "인구증감":-17.55,
            "인구총점":9.974,
            "일자리":9.04,
            "소득수준":50.88,
            "일자리총점":21.592,
            "가치 총점":56.2373,
            "매매실거래년":20210916.0,
            "매매실거래가":116000.0,
            "전세실거래년":20220221.0,
            "전세실거래가":35700.0,
            "전세가율":40.11,
            "장기전세가율평균":68.39,
            "전세가율거품지수":28.28,
            "검색코드":1658,
            "세대수":552.0,
            "준공년월":"1996-11-16",
            "준공년차":27.0,
            "가까운역이름":"구리",
            "가까운역거리":266.22,
            "역세권여부":"역세권",
            "30분이내주요거점역":0,
            "30분거점역이름":"[]",
            "1시간이내주요거점역":0,
            "1시간거점역이름":"[]",
            "3km이내백화점수":1,
            "5km이내아울렛몰수":2,
            "1km이내대형먀트수":0,
            "500m이내은행수":3,
            "500m이내병원수":76,
            "5km이내대형병원수":3,
            "500m이내공원수":10,
            "3km이내혐오시설수":0,
            "초등학교학업성취도":89.99,
            "중학교학업성취도":77.9,
            "용적률":244,
            "건폐율":21,
            "Y":37.605514,
            "X":127.142295,
            "rank":18.0,
            "area_info":"37평(124.32), 37평(124.32), 45평(150.87), 45평(150.87)",
            "last_sales":"2021-09-16,116000.0,45평(150.87)",
            "rank_history":[
                [
                    "202203",
                    18
                ],
                [
                    "202202",
                    4
                ],
                [
                    "202201",
                    2
                ]
            ],
            "rank_gap":-14
        },
        {
            "index":314,
            "아파트명":"삼보",
            "투자타입":"일반",
            "전용면적(m2)":"114.38",
            "전용면적(평)":"34평",
            "법정동주소":"경기도 구리시 인창동 665-1",
            "도로명주소":"경기도 구리시 건원대로 56",
            "세대수":90,
            "입주년차":0,
            "용적률점수":"--",
            "건폐율점수":"--",
            "세대당주차수":30,
            "난방방식":30,
            "공급면적":"--",
            "전용률":"--",
            "욕실수":100,
            "현관타입":100,
            "주거총점":59.0,
            "지역구공급총점":100.0,
            "역세권":80,
            "30분내 이동가능 거점":0,
            "1시간내 이동가능 거점":0,
            "교통총점":40.0,
            "백화점":100,
            "아울렛몰":100,
            "대형마트":0,
            "은행":20,
            "병원":80,
            "종합병원":100,
            "공원":100,
            "혐오시설":0,
            "인프라총점":73.0,
            "초등학군":89.99,
            "중학군":46.98,
            "학군총점":55.582,
            "인구수":21.77,
            "인구증감":-17.55,
            "인구총점":9.974,
            "일자리":9.04,
            "소득수준":50.88,
            "일자리총점":21.592,
            "가치 총점":56.0373,
            "매매실거래년":20220221.0,
            "매매실거래가":90000.0,
            "전세실거래년":20211016.0,
            "전세실거래가":50000.0,
            "전세가율":62.5,
            "장기전세가율평균":68.39,
            "전세가율거품지수":5.89,
            "검색코드":1655,
            "세대수":906.0,
            "준공년월":"1996-11-07",
            "준공년차":27.0,
            "가까운역이름":"구리도매시장 (2023년 예정)",
            "가까운역거리":472.83,
            "역세권여부":"역세권",
            "30분이내주요거점역":0,
            "30분거점역이름":"[]",
            "1시간이내주요거점역":0,
            "1시간거점역이름":"[]",
            "3km이내백화점수":1,
            "5km이내아울렛몰수":2,
            "1km이내대형먀트수":0,
            "500m이내은행수":2,
            "500m이내병원수":38,
            "5km이내대형병원수":3,
            "500m이내공원수":12,
            "3km이내혐오시설수":0,
            "초등학교학업성취도":89.99,
            "중학교학업성취도":77.9,
            "용적률":244,
            "건폐율":18,
            "Y":37.606887,
            "X":127.140366,
            "rank":19.0,
            "area_info":"34평(114.38), 38평(127.28), 42평(141.24)",
            "last_sales":"2022-02-21,90000.0,38평(127.28)",
            "rank_history":[
                [
                    "202203",
                    19
                ],
                [
                    "202202",
                    7
                ],
                [
                    "202201",
                    7
                ]
            ],
            "rank_gap":-12
        },
        {
            "index":116,
            "아파트명":"LG원앙",
            "투자타입":"일반",
            "전용면적(m2)":"68.65",
            "전용면적(평)":"20평",
            "법정동주소":"경기도 구리시 수택동 854-2",
            "도로명주소":"경기도 구리시 체육관로 54",
            "세대수":80,
            "입주년차":0,
            "용적률점수":"--",
            "건폐율점수":"--",
            "세대당주차수":0,
            "난방방식":30,
            "공급면적":"--",
            "전용률":"--",
            "욕실수":50,
            "현관타입":10,
            "주거총점":37.0,
            "지역구공급총점":100.0,
            "역세권":80,
            "30분내 이동가능 거점":0,
            "1시간내 이동가능 거점":10,
            "교통총점":42.0,
            "백화점":100,
            "아울렛몰":100,
            "대형마트":80,
            "은행":0,
            "병원":100,
            "종합병원":100,
            "공원":100,
            "혐오시설":0,
            "인프라총점":85.0,
            "초등학군":89.99,
            "중학군":44.76,
            "학군총점":53.806,
            "인구수":21.77,
            "인구증감":-17.55,
            "인구총점":9.974,
            "일자리":9.04,
            "소득수준":50.88,
            "일자리총점":21.592,
            "가치 총점":55.6709,
            "매매실거래년":20220122.0,
            "매매실거래가":64500.0,
            "전세실거래년":20220215.0,
            "전세실거래가":19950.0,
            "전세가율":30.93,
            "장기전세가율평균":68.39,
            "전세가율거품지수":37.46,
            "검색코드":1649,
            "세대수":824.0,
            "준공년월":"1995-08-10",
            "준공년차":28.0,
            "가까운역이름":"토평 (2023년 예정)",
            "가까운역거리":280.06,
            "역세권여부":"역세권",
            "30분이내주요거점역":0,
            "30분거점역이름":"[]",
            "1시간이내주요거점역":1,
            "1시간거점역이름":"['잠실']",
            "3km이내백화점수":1,
            "5km이내아울렛몰수":2,
            "1km이내대형먀트수":1,
            "500m이내은행수":1,
            "500m이내병원수":66,
            "5km이내대형병원수":5,
            "500m이내공원수":3,
            "3km이내혐오시설수":0,
            "초등학교학업성취도":89.99,
            "중학교학업성취도":74.6,
            "용적률":219,
            "건폐율":19,
            "Y":37.589343,
            "X":127.138948,
            "rank":20.0,
            "area_info":"20평(68.65), 22평(75.35), 27평(91.23), 32평(107.28)",
            "last_sales":"2022-01-22,64500.0,20평(68.65)",
            "rank_history":[
                [
                    "202203",
                    20
                ],
                [
                    "202202",
                    50
                ],
                [
                    "202201",
                    62
                ]
            ],
            "rank_gap":30
        },
        {
            "index":373,
            "아파트명":"원일가대라곡",
            "투자타입":"일반",
            "전용면적(m2)":"83.88",
            "전용면적(평)":"25평",
            "법정동주소":"경기도 구리시 인창동 691",
            "도로명주소":"경기도 구리시 동구릉로148번길 15",
            "세대수":50,
            "입주년차":40,
            "용적률점수":"--",
            "건폐율점수":"--",
            "세대당주차수":30,
            "난방방식":30,
            "공급면적":"--",
            "전용률":"--",
            "욕실수":100,
            "현관타입":100,
            "주거총점":53.0,
            "지역구공급총점":100.0,
            "역세권":80,
            "30분내 이동가능 거점":0,
            "1시간내 이동가능 거점":10,
            "교통총점":42.0,
            "백화점":100,
            "아울렛몰":100,
            "대형마트":0,
            "은행":20,
            "병원":60,
            "종합병원":100,
            "공원":100,
            "혐오시설":0,
            "인프라총점":71.0,
            "초등학군":89.98,
            "중학군":49.54,
            "학군총점":57.628,
            "인구수":21.77,
            "인구증감":-17.55,
            "인구총점":9.974,
            "일자리":9.04,
            "소득수준":50.88,
            "일자리총점":21.592,
            "가치 총점":55.2442,
            "매매실거래년":20220115.0,
            "매매실거래가":66000.0,
            "전세실거래년":20210930.0,
            "전세실거래가":28350.0,
            "전세가율":42.95,
            "장기전세가율평균":68.39,
            "전세가율거품지수":25.44,
            "검색코드":11044,
            "세대수":533.0,
            "준공년월":"2005-03-31",
            "준공년차":18.0,
            "가까운역이름":"구리도매시장 (2023년 예정)",
            "가까운역거리":314.15,
            "역세권여부":"역세권",
            "30분이내주요거점역":0,
            "30분거점역이름":"[]",
            "1시간이내주요거점역":1,
            "1시간거점역이름":"['잠실']",
            "3km이내백화점수":1,
            "5km이내아울렛몰수":2,
            "1km이내대형먀트수":0,
            "500m이내은행수":2,
            "500m이내병원수":10,
            "5km이내대형병원수":3,
            "500m이내공원수":6,
            "3km이내혐오시설수":0,
            "초등학교학업성취도":89.98,
            "중학교학업성취도":82.1,
            "용적률":218,
            "건폐율":17,
            "Y":37.613305,
            "X":127.139397,
            "rank":21.0,
            "area_info":"25평(83.88), 26평(88.04), 34평(114.42), 49평(163.78)",
            "last_sales":"2022-01-15,66000.0,25평(83.88)",
            "rank_history":[
                [
                    "202203",
                    21
                ],
                [
                    "202202",
                    62
                ],
                [
                    "202201",
                    57
                ]
            ],
            "rank_gap":41
        },
        {
            "index":78,
            "아파트명":"동양",
            "투자타입":"일반",
            "전용면적(m2)":"152.18",
            "전용면적(평)":"46평",
            "법정동주소":"경기도 구리시 교문동 825",
            "도로명주소":"경기도 구리시 장자대로 66",
            "세대수":0,
            "입주년차":20,
            "용적률점수":"--",
            "건폐율점수":"--",
            "세대당주차수":60,
            "난방방식":30,
            "공급면적":"--",
            "전용률":"--",
            "욕실수":100,
            "현관타입":100,
            "주거총점":36.0,
            "지역구공급총점":100.0,
            "역세권":80,
            "30분내 이동가능 거점":0,
            "1시간내 이동가능 거점":10,
            "교통총점":42.0,
            "백화점":100,
            "아울렛몰":100,
            "대형마트":80,
            "은행":0,
            "병원":60,
            "종합병원":100,
            "공원":100,
            "혐오시설":0,
            "인프라총점":81.0,
            "초등학군":89.97,
            "중학군":51.64,
            "학군총점":59.306,
            "인구수":21.77,
            "인구증감":-17.55,
            "인구총점":9.974,
            "일자리":9.04,
            "소득수준":50.88,
            "일자리총점":21.592,
            "가치 총점":55.0959,
            "매매실거래년":20210611.0,
            "매매실거래가":120000.0,
            "전세실거래년":20211231.0,
            "전세실거래가":75000.0,
            "전세가율":62.5,
            "장기전세가율평균":68.39,
            "전세가율거품지수":5.89,
            "검색코드":3575,
            "세대수":212.0,
            "준공년월":"2001-08-31",
            "준공년차":22.0,
            "가까운역이름":"토평 (2023년 예정)",
            "가까운역거리":125.2,
            "역세권여부":"역세권",
            "30분이내주요거점역":0,
            "30분거점역이름":"[]",
            "1시간이내주요거점역":1,
            "1시간거점역이름":"['잠실']",
            "3km이내백화점수":1,
            "5km이내아울렛몰수":2,
            "1km이내대형먀트수":1,
            "500m이내은행수":0,
            "500m이내병원수":24,
            "5km이내대형병원수":5,
            "500m이내공원수":2,
            "3km이내혐오시설수":0,
            "초등학교학업성취도":89.97,
            "중학교학업성취도":85.4,
            "용적률":200,
            "건폐율":13,
            "Y":37.586721,
            "X":127.136499,
            "rank":22.0,
            "area_info":"46평(152.18), 46평(152.18)",
            "last_sales":"2021-06-11,120000.0,46평(152.18)",
            "rank_history":[
                [
                    "202203",
                    22
                ],
                [
                    "202202",
                    48
                ],
                [
                    "202201",
                    55
                ]
            ],
            "rank_gap":26
        },
        {
            "index":416,
            "아파트명":"인창e-편한세상2차",
            "투자타입":"일반",
            "전용면적(m2)":"79.19",
            "전용면적(평)":"23평",
            "법정동주소":"경기도 구리시 인창동 705",
            "도로명주소":"경기도 구리시 동구릉로129번길 23",
            "세대수":50,
            "입주년차":40,
            "용적률점수":"--",
            "건폐율점수":"--",
            "세대당주차수":30,
            "난방방식":30,
            "공급면적":"--",
            "전용률":"--",
            "욕실수":50,
            "현관타입":100,
            "주거총점":48.0,
            "지역구공급총점":100.0,
            "역세권":80,
            "30분내 이동가능 거점":0,
            "1시간내 이동가능 거점":10,
            "교통총점":42.0,
            "백화점":100,
            "아울렛몰":100,
            "대형마트":0,
            "은행":20,
            "병원":80,
            "종합병원":100,
            "공원":100,
            "혐오시설":0,
            "인프라총점":73.0,
            "초등학군":89.99,
            "중학군":49.54,
            "학군총점":57.63,
            "인구수":21.77,
            "인구증감":-17.55,
            "인구총점":9.974,
            "일자리":9.04,
            "소득수준":50.88,
            "일자리총점":21.592,
            "가치 총점":54.8445,
            "매매실거래년":20210812.0,
            "매매실거래가":114000.0,
            "전세실거래년":null,
            "전세실거래가":null,
            "전세가율":null,
            "장기전세가율평균":68.39,
            "전세가율거품지수":null,
            "검색코드":18276,
            "세대수":621.0,
            "준공년월":"2006-12-29",
            "준공년차":17.0,
            "가까운역이름":"구리도매시장 (2023년 예정)",
            "가까운역거리":229.38,
            "역세권여부":"역세권",
            "30분이내주요거점역":0,
            "30분거점역이름":"[]",
            "1시간이내주요거점역":1,
            "1시간거점역이름":"['잠실']",
            "3km이내백화점수":1,
            "5km이내아울렛몰수":2,
            "1km이내대형먀트수":0,
            "500m이내은행수":2,
            "500m이내병원수":31,
            "5km이내대형병원수":3,
            "500m이내공원수":7,
            "3km이내혐오시설수":0,
            "초등학교학업성취도":89.99,
            "중학교학업성취도":82.1,
            "용적률":297,
            "건폐율":20,
            "Y":37.610527,
            "X":127.135408,
            "rank":23.0,
            "area_info":"23평(79.19), 24평(81.43), 32평(107.94), 33평(110.77), 43평(143.13)",
            "last_sales":"2021-08-12,114000.0,43평(143.13)",
            "rank_history":[
                [
                    "202203",
                    23
                ],
                [
                    "202202",
                    56
                ],
                [
                    "202201",
                    49
                ]
            ],
            "rank_gap":33
        },
        {
            "index":47,
            "아파트명":"교문대우,동양고속",
            "투자타입":"일반",
            "전용면적(m2)":"78.55",
            "전용면적(평)":"23평",
            "법정동주소":"경기도 구리시 교문동 809-3",
            "도로명주소":"경기도 구리시 장자대로37번길 20",
            "세대수":50,
            "입주년차":0,
            "용적률점수":"--",
            "건폐율점수":"--",
            "세대당주차수":30,
            "난방방식":30,
            "공급면적":"--",
            "전용률":"--",
            "욕실수":50,
            "현관타입":10,
            "주거총점":31.0,
            "지역구공급총점":100.0,
            "역세권":80,
            "30분내 이동가능 거점":0,
            "1시간내 이동가능 거점":10,
            "교통총점":42.0,
            "백화점":100,
            "아울렛몰":100,
            "대형마트":80,
            "은행":0,
            "병원":80,
            "종합병원":100,
            "공원":100,
            "혐오시설":0,
            "인프라총점":83.0,
            "초등학군":89.99,
            "중학군":50.08,
            "학군총점":58.062,
            "인구수":21.77,
            "인구증감":-17.55,
            "인구총점":9.974,
            "일자리":9.04,
            "소득수준":50.88,
            "일자리총점":21.592,
            "가치 총점":54.5093,
            "매매실거래년":20210909.0,
            "매매실거래가":92500.0,
            "전세실거래년":20220212.0,
            "전세실거래가":25000.0,
            "전세가율":35.46,
            "장기전세가율평균":68.39,
            "전세가율거품지수":32.93,
            "검색코드":1638,
            "세대수":680.0,
            "준공년월":"1994-10-26",
            "준공년차":29.0,
            "가까운역이름":"토평 (2023년 예정)",
            "가까운역거리":347.0,
            "역세권여부":"역세권",
            "30분이내주요거점역":0,
            "30분거점역이름":"[]",
            "1시간이내주요거점역":1,
            "1시간거점역이름":"['잠실']",
            "3km이내백화점수":1,
            "5km이내아울렛몰수":2,
            "1km이내대형먀트수":1,
            "500m이내은행수":1,
            "500m이내병원수":47,
            "5km이내대형병원수":5,
            "500m이내공원수":2,
            "3km이내혐오시설수":0,
            "초등학교학업성취도":89.99,
            "중학교학업성취도":82.8,
            "용적률":219,
            "건폐율":17,
            "Y":37.589407,
            "X":127.135426,
            "rank":24.0,
            "area_info":"23평(78.55), 23평(78.76), 31평(105.06), 36평(120.93), 47평(158.23)",
            "last_sales":"2021-09-09,92500.0,47평(158.23)",
            "rank_history":[
                [
                    "202203",
                    24
                ],
                [
                    "202202",
                    58
                ],
                [
                    "202201",
                    68
                ]
            ],
            "rank_gap":34
        },
        {
            "index":294,
            "아파트명":"동양",
            "투자타입":"일반",
            "전용면적(m2)":"114.71",
            "전용면적(평)":"34평",
            "법정동주소":"경기도 구리시 인창동 487",
            "도로명주소":"경기도 구리시 동구릉로103번길 61",
            "세대수":50,
            "입주년차":20,
            "용적률점수":"--",
            "건폐율점수":"--",
            "세대당주차수":30,
            "난방방식":30,
            "공급면적":"--",
            "전용률":"--",
            "욕실수":100,
            "현관타입":100,
            "주거총점":49.0,
            "지역구공급총점":100.0,
            "역세권":80,
            "30분내 이동가능 거점":0,
            "1시간내 이동가능 거점":10,
            "교통총점":42.0,
            "백화점":100,
            "아울렛몰":100,
            "대형마트":0,
            "은행":20,
            "병원":60,
            "종합병원":100,
            "공원":100,
            "혐오시설":0,
            "인프라총점":71.0,
            "초등학군":89.99,
            "중학군":49.54,
            "학군총점":57.63,
            "인구수":21.77,
            "인구증감":-17.55,
            "인구총점":9.974,
            "일자리":9.04,
            "소득수준":50.88,
            "일자리총점":21.592,
            "가치 총점":54.4445,
            "매매실거래년":20211020.0,
            "매매실거래가":76000.0,
            "전세실거래년":20220121.0,
            "전세실거래가":30970.0,
            "전세가율":40.75,
            "장기전세가율평균":68.39,
            "전세가율거품지수":27.64,
            "검색코드":3571,
            "세대수":485.0,
            "준공년월":"2002-10-15",
            "준공년차":21.0,
            "가까운역이름":"구리도매시장 (2023년 예정)",
            "가까운역거리":353.51,
            "역세권여부":"역세권",
            "30분이내주요거점역":0,
            "30분거점역이름":"[]",
            "1시간이내주요거점역":1,
            "1시간거점역이름":"['잠실']",
            "3km이내백화점수":1,
            "5km이내아울렛몰수":2,
            "1km이내대형먀트수":0,
            "500m이내은행수":2,
            "500m이내병원수":25,
            "5km이내대형병원수":4,
            "500m이내공원수":5,
            "3km이내혐오시설수":0,
            "초등학교학업성취도":89.99,
            "중학교학업성취도":82.1,
            "용적률":338,
            "건폐율":18,
            "Y":37.611681,
            "X":127.134183,
            "rank":25.0,
            "area_info":"34평(114.71)",
            "last_sales":"2021-10-20,76000.0,34평(114.71)",
            "rank_history":[
                [
                    "202203",
                    25
                ],
                [
                    "202202",
                    63
                ],
                [
                    "202201",
                    51
                ]
            ],
            "rank_gap":38
        },
        {
            "index":156,
            "아파트명":"럭키",
            "투자타입":"재건축",
            "전용면적(m2)":"47.02",
            "전용면적(평)":"14평",
            "법정동주소":"경기도 구리시 수택동 853",
            "도로명주소":"경기도 구리시 이문안로 124",
            "세대수":50,
            "입주년차":"--",
            "용적률점수":60,
            "건폐율점수":80,
            "세대당주차수":"--",
            "난방방식":"--",
            "공급면적":50,
            "전용률":60,
            "욕실수":"--",
            "현관타입":"--",
            "주거총점":60.5,
            "지역구공급총점":100.0,
            "역세권":50,
            "30분내 이동가능 거점":0,
            "1시간내 이동가능 거점":10,
            "교통총점":27.0,
            "백화점":100,
            "아울렛몰":100,
            "대형마트":80,
            "은행":0,
            "병원":80,
            "종합병원":100,
            "공원":100,
            "혐오시설":0,
            "인프라총점":83.0,
            "초등학군":89.99,
            "중학군":43.18,
            "학군총점":52.542,
            "인구수":21.77,
            "인구증감":-17.55,
            "인구총점":9.974,
            "일자리":9.04,
            "소득수준":50.88,
            "일자리총점":21.592,
            "가치 총점":54.3313,
            "매매실거래년":20220105.0,
            "매매실거래가":57700.0,
            "전세실거래년":20220119.0,
            "전세실거래가":12600.0,
            "전세가율":29.51,
            "장기전세가율평균":68.39,
            "전세가율거품지수":38.88,
            "검색코드":24858,
            "세대수":608.0,
            "준공년월":"1992-07-20",
            "준공년차":31.0,
            "가까운역이름":"토평 (2023년 예정)",
            "가까운역거리":674.33,
            "역세권여부":"준역세권",
            "30분이내주요거점역":0,
            "30분거점역이름":"[]",
            "1시간이내주요거점역":1,
            "1시간거점역이름":"['잠실']",
            "3km이내백화점수":1,
            "5km이내아울렛몰수":2,
            "1km이내대형먀트수":1,
            "500m이내은행수":1,
            "500m이내병원수":47,
            "5km이내대형병원수":4,
            "500m이내공원수":6,
            "3km이내혐오시설수":0,
            "초등학교학업성취도":89.99,
            "중학교학업성취도":70.9,
            "용적률":192,
            "건폐율":20,
            "Y":37.59109,
            "X":127.1435,
            "rank":26.0,
            "area_info":"14평(47.02), 24평(79.48)",
            "last_sales":"2022-01-05,57700.0,24평(79.48)",
            "rank_history":[
                [
                    "202203",
                    26
                ],
                [
                    "202202",
                    33
                ],
                [
                    "202201",
                    42
                ]
            ],
            "rank_gap":7
        },
        {
            "index":295,
            "아파트명":"동원베네스트",
            "투자타입":"일반",
            "전용면적(m2)":"80.8",
            "전용면적(평)":"24평",
            "법정동주소":"경기도 구리시 인창동 703",
            "도로명주소":"경기도 구리시 동구릉로53번길 42",
            "세대수":50,
            "입주년차":40,
            "용적률점수":"--",
            "건폐율점수":"--",
            "세대당주차수":30,
            "난방방식":30,
            "공급면적":"--",
            "전용률":"--",
            "욕실수":100,
            "현관타입":100,
            "주거총점":53.0,
            "지역구공급총점":100.0,
            "역세권":50,
            "30분내 이동가능 거점":0,
            "1시간내 이동가능 거점":10,
            "교통총점":27.0,
            "백화점":100,
            "아울렛몰":100,
            "대형마트":80,
            "은행":20,
            "병원":80,
            "종합병원":100,
            "공원":100,
            "혐오시설":0,
            "인프라총점":85.0,
            "초등학군":90.0,
            "중학군":49.54,
            "학군총점":57.632,
            "인구수":21.77,
            "인구증감":-17.55,
            "인구총점":9.974,
            "일자리":9.04,
            "소득수준":50.88,
            "일자리총점":21.592,
            "가치 총점":54.1948,
            "매매실거래년":20210911.0,
            "매매실거래가":59800.0,
            "전세실거래년":20220221.0,
            "전세실거래가":35000.0,
            "전세가율":58.53,
            "장기전세가율평균":68.39,
            "전세가율거품지수":9.86,
            "검색코드":8965,
            "세대수":572.0,
            "준공년월":"2004-11-26",
            "준공년차":19.0,
            "가까운역이름":"구리도매시장 (2023년 예정)",
            "가까운역거리":557.7,
            "역세권여부":"준역세권",
            "30분이내주요거점역":0,
            "30분거점역이름":"[]",
            "1시간이내주요거점역":1,
            "1시간거점역이름":"['잠실']",
            "3km이내백화점수":1,
            "5km이내아울렛몰수":2,
            "1km이내대형먀트수":1,
            "500m이내은행수":2,
            "500m이내병원수":34,
            "5km이내대형병원수":4,
            "500m이내공원수":7,
            "3km이내혐오시설수":0,
            "초등학교학업성취도":90.0,
            "중학교학업성취도":82.1,
            "용적률":294,
            "건폐율":22,
            "Y":37.607108,
            "X":127.13359,
            "rank":27.0,
            "area_info":"24평(80.8), 32평(108.47)",
            "last_sales":"2021-09-11,59800.0,24평(80.8)",
            "rank_history":[
                [
                    "202203",
                    27
                ],
                [
                    "202202",
                    8
                ],
                [
                    "202201",
                    8
                ]
            ],
            "rank_gap":-19
        },
        {
            "index":36,
            "아파트명":"한라비발디",
            "투자타입":"일반",
            "전용면적(m2)":"100.17",
            "전용면적(평)":"30평",
            "법정동주소":"경기도 구리시 갈매동 590",
            "도로명주소":"경기도 구리시 갈매중앙로 131",
            "세대수":90,
            "입주년차":80,
            "용적률점수":"--",
            "건폐율점수":"--",
            "세대당주차수":30,
            "난방방식":100,
            "공급면적":"--",
            "전용률":"--",
            "욕실수":100,
            "현관타입":100,
            "주거총점":82.0,
            "지역구공급총점":100.0,
            "역세권":80,
            "30분내 이동가능 거점":0,
            "1시간내 이동가능 거점":0,
            "교통총점":40.0,
            "백화점":0,
            "아울렛몰":100,
            "대형마트":80,
            "은행":0,
            "병원":60,
            "종합병원":100,
            "공원":100,
            "혐오시설":0,
            "인프라총점":51.0,
            "초등학군":89.99,
            "중학군":47.74,
            "학군총점":56.19,
            "인구수":21.77,
            "인구증감":-17.55,
            "인구총점":9.974,
            "일자리":9.04,
            "소득수준":50.88,
            "일자리총점":21.592,
            "가치 총점":54.1285,
            "매매실거래년":20220126.0,
            "매매실거래가":54000.0,
            "전세실거래년":20220224.0,
            "전세실거래가":29000.0,
            "전세가율":36.94,
            "장기전세가율평균":68.39,
            "전세가율거품지수":31.45,
            "검색코드":107679,
            "세대수":1075.0,
            "준공년월":"2016-05-04",
            "준공년차":7.0,
            "가까운역이름":"갈매",
            "가까운역거리":444.64,
            "역세권여부":"역세권",
            "30분이내주요거점역":0,
            "30분거점역이름":"[]",
            "1시간이내주요거점역":0,
            "1시간거점역이름":"[]",
            "3km이내백화점수":0,
            "5km이내아울렛몰수":2,
            "1km이내대형먀트수":1,
            "500m이내은행수":0,
            "500m이내병원수":17,
            "5km이내대형병원수":5,
            "500m이내공원수":4,
            "3km이내혐오시설수":0,
            "초등학교학업성취도":89.99,
            "중학교학업성취도":79.3,
            "용적률":216,
            "건폐율":19,
            "Y":37.636396,
            "X":127.118867,
            "rank":28.0,
            "area_info":"30평(100.17), 30평(100.14), 34평(113.09), 34평(113.13), 34평(113.39), 34평(113.17)",
            "last_sales":"2022-01-26,54000.0,34평(113.39)",
            "rank_history":[
                [
                    "202203",
                    28
                ],
                [
                    "202202",
                    16
                ],
                [
                    "202201",
                    16
                ]
            ],
            "rank_gap":-12
        },
        {
            "index":322,
            "아파트명":"성원2차",
            "투자타입":"일반",
            "전용면적(m2)":"75.59",
            "전용면적(평)":"22평",
            "법정동주소":"경기도 구리시 인창동 453",
            "도로명주소":"경기도 구리시 동구릉로129번길 24",
            "세대수":50,
            "입주년차":20,
            "용적률점수":"--",
            "건폐율점수":"--",
            "세대당주차수":30,
            "난방방식":30,
            "공급면적":"--",
            "전용률":"--",
            "욕실수":50,
            "현관타입":100,
            "주거총점":44.0,
            "지역구공급총점":100.0,
            "역세권":80,
            "30분내 이동가능 거점":0,
            "1시간내 이동가능 거점":10,
            "교통총점":42.0,
            "백화점":100,
            "아울렛몰":100,
            "대형마트":0,
            "은행":20,
            "병원":80,
            "종합병원":100,
            "공원":100,
            "혐오시설":0,
            "인프라총점":73.0,
            "초등학군":89.99,
            "중학군":49.54,
            "학군총점":57.63,
            "인구수":21.77,
            "인구증감":-17.55,
            "인구총점":9.974,
            "일자리":9.04,
            "소득수준":50.88,
            "일자리총점":21.592,
            "가치 총점":54.0445,
            "매매실거래년":20211227.0,
            "매매실거래가":96200.0,
            "전세실거래년":20220222.0,
            "전세실거래가":35500.0,
            "전세가율":55.91,
            "장기전세가율평균":68.39,
            "전세가율거품지수":12.48,
            "검색코드":4565,
            "세대수":461.0,
            "준공년월":"2000-10-31",
            "준공년차":23.0,
            "가까운역이름":"구리도매시장 (2023년 예정)",
            "가까운역거리":126.69,
            "역세권여부":"역세권",
            "30분이내주요거점역":0,
            "30분거점역이름":"[]",
            "1시간이내주요거점역":1,
            "1시간거점역이름":"['잠실']",
            "3km이내백화점수":1,
            "5km이내아울렛몰수":2,
            "1km이내대형먀트수":0,
            "500m이내은행수":2,
            "500m이내병원수":33,
            "5km이내대형병원수":3,
            "500m이내공원수":6,
            "3km이내혐오시설수":0,
            "초등학교학업성취도":89.99,
            "중학교학업성취도":82.1,
            "용적률":311,
            "건폐율":20,
            "Y":37.61133,
            "X":127.1368,
            "rank":29.0,
            "area_info":"22평(75.59), 32평(107.13), 51평(169.72)",
            "last_sales":"2021-12-27,96200.0,51평(169.72)",
            "rank_history":[
                [
                    "202203",
                    29
                ],
                [
                    "202202",
                    64
                ],
                [
                    "202201",
                    59
                ]
            ],
            "rank_gap":35
        },
        {
            "index":388,
            "아파트명":"인창1단지주공",
            "투자타입":"일반",
            "전용면적(m2)":"54.55",
            "전용면적(평)":"16평",
            "법정동주소":"경기도 구리시 인창동 663-1",
            "도로명주소":"경기도 구리시 건원대로 92",
            "세대수":90,
            "입주년차":0,
            "용적률점수":"--",
            "건폐율점수":"--",
            "세대당주차수":0,
            "난방방식":80,
            "공급면적":"--",
            "전용률":"--",
            "욕실수":50,
            "현관타입":10,
            "주거총점":45.5,
            "지역구공급총점":100.0,
            "역세권":80,
            "30분내 이동가능 거점":0,
            "1시간내 이동가능 거점":10,
            "교통총점":42.0,
            "백화점":100,
            "아울렛몰":100,
            "대형마트":0,
            "은행":0,
            "병원":80,
            "종합병원":100,
            "공원":100,
            "혐오시설":0,
            "인프라총점":71.0,
            "초등학군":89.98,
            "중학군":49.54,
            "학군총점":57.628,
            "인구수":21.77,
            "인구증감":-17.55,
            "인구총점":9.974,
            "일자리":9.04,
            "소득수준":50.88,
            "일자리총점":21.592,
            "가치 총점":53.7442,
            "매매실거래년":20220125.0,
            "매매실거래가":45500.0,
            "전세실거래년":20220209.0,
            "전세실거래가":17320.0,
            "전세가율":38.07,
            "장기전세가율평균":68.39,
            "전세가율거품지수":30.32,
            "검색코드":1659,
            "세대수":1344.0,
            "준공년월":"1996-09-19",
            "준공년차":27.0,
            "가까운역이름":"구리도매시장 (2023년 예정)",
            "가까운역거리":168.51,
            "역세권여부":"역세권",
            "30분이내주요거점역":0,
            "30분거점역이름":"[]",
            "1시간이내주요거점역":1,
            "1시간거점역이름":"['잠실']",
            "3km이내백화점수":1,
            "5km이내아울렛몰수":2,
            "1km이내대형먀트수":0,
            "500m이내은행수":1,
            "500m이내병원수":32,
            "5km이내대형병원수":3,
            "500m이내공원수":9,
            "3km이내혐오시설수":0,
            "초등학교학업성취도":89.98,
            "중학교학업성취도":82.1,
            "용적률":203,
            "건폐율":14,
            "Y":37.609646,
            "X":127.139371,
            "rank":30.0,
            "area_info":"16평(54.55), 23평(79.15), 25평(82.85), 25평(83.37), 26평(87.92)",
            "last_sales":"2022-01-25,45500.0,16평(54.55)",
            "rank_history":[
                [
                    "202203",
                    30
                ],
                [
                    "202202",
                    25
                ],
                [
                    "202201",
                    25
                ]
            ],
            "rank_gap":-5
        },
        {
            "index":286,
            "아파트명":"대명",
            "투자타입":"재건축",
            "전용면적(m2)":"75.13",
            "전용면적(평)":"22평",
            "법정동주소":"경기도 구리시 인창동 610-20",
            "도로명주소":"경기도 구리시 동구릉로30번길 33",
            "세대수":0,
            "입주년차":"--",
            "용적률점수":80,
            "건폐율점수":60,
            "세대당주차수":"--",
            "난방방식":"--",
            "공급면적":50,
            "전용률":60,
            "욕실수":"--",
            "현관타입":"--",
            "주거총점":49.5,
            "지역구공급총점":100.0,
            "역세권":50,
            "30분내 이동가능 거점":0,
            "1시간내 이동가능 거점":20,
            "교통총점":29.0,
            "백화점":100,
            "아울렛몰":100,
            "대형마트":80,
            "은행":20,
            "병원":60,
            "종합병원":100,
            "공원":100,
            "혐오시설":0,
            "인프라총점":83.0,
            "초등학군":89.99,
            "중학군":49.54,
            "학군총점":57.63,
            "인구수":21.77,
            "인구증감":-17.55,
            "인구총점":9.974,
            "일자리":9.04,
            "소득수준":50.88,
            "일자리총점":21.592,
            "가치 총점":53.5945,
            "매매실거래년":20220221.0,
            "매매실거래가":37000.0,
            "전세실거래년":20211128.0,
            "전세실거래가":18000.0,
            "전세가율":50.0,
            "장기전세가율평균":68.39,
            "전세가율거품지수":18.39,
            "검색코드":8958,
            "세대수":207.0,
            "준공년월":"1989-10-07",
            "준공년차":34.0,
            "가까운역이름":"구리",
            "가까운역거리":865.25,
            "역세권여부":"준역세권",
            "30분이내주요거점역":0,
            "30분거점역이름":"[]",
            "1시간이내주요거점역":2,
            "1시간거점역이름":"['잠실', '을지로3가']",
            "3km이내백화점수":1,
            "5km이내아울렛몰수":2,
            "1km이내대형먀트수":1,
            "500m이내은행수":2,
            "500m이내병원수":24,
            "5km이내대형병원수":4,
            "500m이내공원수":8,
            "3km이내혐오시설수":0,
            "초등학교학업성취도":89.99,
            "중학교학업성취도":82.1,
            "용적률":165,
            "건폐율":34,
            "Y":37.602765,
            "X":127.13355,
            "rank":31.0,
            "area_info":"22평(75.13), 23평(78.81), 23평(79.16), 24평(81.88), 25평(85.2), 31평(103.55), 33평(110.46)",
            "last_sales":"2022-02-21,37000.0,25평(85.2)",
            "rank_history":[
                [
                    "202203",
                    31
                ],
                [
                    "202202",
                    9
                ],
                [
                    "202201",
                    9
                ]
            ],
            "rank_gap":-22
        },
        {
            "index":111,
            "아파트명":"한가람LG,대림",
            "투자타입":"일반",
            "전용면적(m2)":"80.36",
            "전용면적(평)":"24평",
            "법정동주소":"경기도 구리시 교문동 809",
            "도로명주소":"경기도 구리시 장자대로37번길 70",
            "세대수":80,
            "입주년차":0,
            "용적률점수":"--",
            "건폐율점수":"--",
            "세대당주차수":30,
            "난방방식":30,
            "공급면적":"--",
            "전용률":"--",
            "욕실수":50,
            "현관타입":100,
            "주거총점":50.5,
            "지역구공급총점":100.0,
            "역세권":50,
            "30분내 이동가능 거점":0,
            "1시간내 이동가능 거점":10,
            "교통총점":27.0,
            "백화점":100,
            "아울렛몰":100,
            "대형마트":80,
            "은행":0,
            "병원":80,
            "종합병원":100,
            "공원":100,
            "혐오시설":0,
            "인프라총점":83.0,
            "초등학군":89.99,
            "중학군":50.08,
            "학군총점":58.062,
            "인구수":21.77,
            "인구증감":-17.55,
            "인구총점":9.974,
            "일자리":9.04,
            "소득수준":50.88,
            "일자리총점":21.592,
            "가치 총점":53.1593,
            "매매실거래년":20220216.0,
            "매매실거래가":87000.0,
            "전세실거래년":20211110.0,
            "전세실거래가":35000.0,
            "전세가율":46.98,
            "장기전세가율평균":68.39,
            "전세가율거품지수":21.41,
            "검색코드":1645,
            "세대수":712.0,
            "준공년월":"1994-12-07",
            "준공년차":29.0,
            "가까운역이름":"토평 (2023년 예정)",
            "가까운역거리":513.76,
            "역세권여부":"준역세권",
            "30분이내주요거점역":0,
            "30분거점역이름":"[]",
            "1시간이내주요거점역":1,
            "1시간거점역이름":"['잠실']",
            "3km이내백화점수":1,
            "5km이내아울렛몰수":2,
            "1km이내대형먀트수":1,
            "500m이내은행수":1,
            "500m이내병원수":36,
            "5km이내대형병원수":5,
            "500m이내공원수":3,
            "3km이내혐오시설수":0,
            "초등학교학업성취도":89.99,
            "중학교학업성취도":82.8,
            "용적률":0,
            "건폐율":0,
            "Y":37.591164,
            "X":127.13544,
            "rank":32.0,
            "area_info":"24평(80.36), 31평(104.63), 43평(144.3)",
            "last_sales":"2022-02-16,87000.0,43평(144.3)",
            "rank_history":[
                [
                    "202203",
                    32
                ],
                [
                    "202202",
                    38
                ],
                [
                    "202201",
                    48
                ]
            ],
            "rank_gap":6
        },
        {
            "index":102,
            "아파트명":"원일",
            "투자타입":"재건축",
            "전용면적(m2)":"71.43",
            "전용면적(평)":"21평",
            "법정동주소":"경기도 구리시 교문동 232",
            "도로명주소":"경기도 구리시 동구릉로6번길 48",
            "세대수":0,
            "입주년차":"--",
            "용적률점수":100,
            "건폐율점수":0,
            "세대당주차수":"--",
            "난방방식":"--",
            "공급면적":50,
            "전용률":60,
            "욕실수":"--",
            "현관타입":"--",
            "주거총점":45.5,
            "지역구공급총점":100.0,
            "역세권":50,
            "30분내 이동가능 거점":0,
            "1시간내 이동가능 거점":20,
            "교통총점":29.0,
            "백화점":100,
            "아울렛몰":100,
            "대형마트":80,
            "은행":20,
            "병원":60,
            "종합병원":100,
            "공원":100,
            "혐오시설":0,
            "인프라총점":83.0,
            "초등학군":89.99,
            "중학군":49.54,
            "학군총점":57.63,
            "인구수":21.77,
            "인구증감":-17.55,
            "인구총점":9.974,
            "일자리":9.04,
            "소득수준":50.88,
            "일자리총점":21.592,
            "가치 총점":52.7945,
            "매매실거래년":"18000101",
            "매매실거래가":null,
            "전세실거래년":null,
            "전세실거래가":null,
            "전세가율":null,
            "장기전세가율평균":68.39,
            "전세가율거품지수":null,
            "검색코드":14488,
            "세대수":116.0,
            "준공년월":"1988-06-30",
            "준공년차":35.0,
            "가까운역이름":"구리",
            "가까운역거리":904.35,
            "역세권여부":"준역세권",
            "30분이내주요거점역":0,
            "30분거점역이름":"[]",
            "1시간이내주요거점역":2,
            "1시간거점역이름":"['을지로3가', '명동']",
            "3km이내백화점수":1,
            "5km이내아울렛몰수":2,
            "1km이내대형먀트수":1,
            "500m이내은행수":2,
            "500m이내병원수":24,
            "5km이내대형병원수":4,
            "500m이내공원수":8,
            "3km이내혐오시설수":0,
            "초등학교학업성취도":89.99,
            "중학교학업성취도":82.1,
            "용적률":139,
            "건폐율":0,
            "Y":37.602023,
            "X":127.133207,
            "rank":33.0,
            "area_info":"21평(71.43), 22평(74.53), 24평(80.94), 25평(85.61), 28평(94.28)",
            "last_sales":"1800-01-01,nan,21평(71.43)",
            "rank_history":[
                [
                    "202203",
                    33
                ],
                [
                    "202202",
                    14
                ],
                [
                    "202201",
                    13
                ]
            ],
            "rank_gap":-19
        },
        {
            "index":421,
            "아파트명":"인창풍림아이원",
            "투자타입":"일반",
            "전용면적(m2)":"106.95",
            "전용면적(평)":"32평",
            "법정동주소":"경기도 구리시 인창동 712",
            "도로명주소":"경기도 구리시 동구릉로159번길 8",
            "세대수":0,
            "입주년차":80,
            "용적률점수":"--",
            "건폐율점수":"--",
            "세대당주차수":30,
            "난방방식":30,
            "공급면적":"--",
            "전용률":"--",
            "욕실수":100,
            "현관타입":100,
            "주거총점":43.5,
            "지역구공급총점":100.0,
            "역세권":80,
            "30분내 이동가능 거점":0,
            "1시간내 이동가능 거점":10,
            "교통총점":42.0,
            "백화점":100,
            "아울렛몰":100,
            "대형마트":0,
            "은행":0,
            "병원":60,
            "종합병원":100,
            "공원":100,
            "혐오시설":0,
            "인프라총점":69.0,
            "초등학군":89.99,
            "중학군":49.54,
            "학군총점":57.63,
            "인구수":21.77,
            "인구증감":-17.55,
            "인구총점":9.974,
            "일자리":9.04,
            "소득수준":50.88,
            "일자리총점":21.592,
            "가치 총점":52.7445,
            "매매실거래년":20211025.0,
            "매매실거래가":76000.0,
            "전세실거래년":20220122.0,
            "전세실거래가":47500.0,
            "전세가율":62.5,
            "장기전세가율평균":68.39,
            "전세가율거품지수":5.89,
            "검색코드":107843,
            "세대수":98.0,
            "준공년월":"2014-11-26",
            "준공년차":9.0,
            "가까운역이름":"구리도매시장 (2023년 예정)",
            "가까운역거리":313.28,
            "역세권여부":"역세권",
            "30분이내주요거점역":0,
            "30분거점역이름":"[]",
            "1시간이내주요거점역":1,
            "1시간거점역이름":"['잠실']",
            "3km이내백화점수":1,
            "5km이내아울렛몰수":2,
            "1km이내대형먀트수":0,
            "500m이내은행수":1,
            "500m이내병원수":11,
            "5km이내대형병원수":3,
            "500m이내공원수":7,
            "3km이내혐오시설수":0,
            "초등학교학업성취도":89.99,
            "중학교학업성취도":82.1,
            "용적률":250,
            "건폐율":25,
            "Y":37.613489,
            "X":127.137458,
            "rank":34.0,
            "area_info":"32평(106.95), 32평(106.16), 32평(107.08), 32평(107.24), 40평(133.6)",
            "last_sales":"2021-10-25,76000.0,32평(106.95)",
            "rank_history":[
                [
                    "202203",
                    34
                ],
                [
                    "202202",
                    9999
                ]
            ],
            "rank_gap":9999
        },
        {
            "index":70,
            "아파트명":"대명빌리지",
            "투자타입":"일반",
            "전용면적(m2)":"109.62",
            "전용면적(평)":"33평",
            "법정동주소":"경기도 구리시 교문동 765",
            "도로명주소":"경기도 구리시 이문안로 25",
            "세대수":0,
            "입주년차":0,
            "용적률점수":"--",
            "건폐율점수":"--",
            "세대당주차수":80,
            "난방방식":30,
            "공급면적":"--",
            "전용률":"--",
            "욕실수":100,
            "현관타입":100,
            "주거총점":35.0,
            "지역구공급총점":100.0,
            "역세권":50,
            "30분내 이동가능 거점":0,
            "1시간내 이동가능 거점":10,
            "교통총점":27.0,
            "백화점":100,
            "아울렛몰":100,
            "대형마트":100,
            "은행":70,
            "병원":60,
            "종합병원":100,
            "공원":100,
            "혐오시설":0,
            "인프라총점":91.0,
            "초등학군":90.01,
            "중학군":50.08,
            "학군총점":58.066,
            "인구수":21.77,
            "인구증감":-17.55,
            "인구총점":9.974,
            "일자리":9.04,
            "소득수준":50.88,
            "일자리총점":21.592,
            "가치 총점":52.4599,
            "매매실거래년":"18000101",
            "매매실거래가":null,
            "전세실거래년":null,
            "전세실거래가":null,
            "전세가율":null,
            "장기전세가율평균":68.39,
            "전세가율거품지수":null,
            "검색코드":1641,
            "세대수":150.0,
            "준공년월":"1993-11-30",
            "준공년차":30.0,
            "가까운역이름":"토평 (2023년 예정)",
            "가까운역거리":749.58,
            "역세권여부":"준역세권",
            "30분이내주요거점역":0,
            "30분거점역이름":"[]",
            "1시간이내주요거점역":1,
            "1시간거점역이름":"['잠실']",
            "3km이내백화점수":1,
            "5km이내아울렛몰수":2,
            "1km이내대형먀트수":2,
            "500m이내은행수":3,
            "500m이내병원수":21,
            "5km이내대형병원수":5,
            "500m이내공원수":5,
            "3km이내혐오시설수":0,
            "초등학교학업성취도":90.01,
            "중학교학업성취도":82.8,
            "용적률":80,
            "건폐율":27,
            "Y":37.592873,
            "X":127.133778,
            "rank":35.0,
            "area_info":"33평(109.62)",
            "last_sales":"1800-01-01,nan,33평(109.62)",
            "rank_history":[
                [
                    "202203",
                    35
                ],
                [
                    "202202",
                    37
                ],
                [
                    "202201",
                    33
                ]
            ],
            "rank_gap":2
        },
        {
            "index":407,
            "아파트명":"인창6단지주공",
            "투자타입":"일반",
            "전용면적(m2)":"59.54",
            "전용면적(평)":"18평",
            "법정동주소":"경기도 구리시 인창동 668-1",
            "도로명주소":"경기도 구리시 건원대로34번길 77",
            "세대수":90,
            "입주년차":0,
            "용적률점수":"--",
            "건폐율점수":"--",
            "세대당주차수":0,
            "난방방식":30,
            "공급면적":"--",
            "전용률":"--",
            "욕실수":50,
            "현관타입":10,
            "주거총점":40.5,
            "지역구공급총점":100.0,
            "역세권":80,
            "30분내 이동가능 거점":0,
            "1시간내 이동가능 거점":0,
            "교통총점":40.0,
            "백화점":100,
            "아울렛몰":100,
            "대형마트":0,
            "은행":20,
            "병원":80,
            "종합병원":100,
            "공원":100,
            "혐오시설":0,
            "인프라총점":73.0,
            "초등학군":89.99,
            "중학군":46.98,
            "학군총점":55.582,
            "인구수":21.77,
            "인구증감":-17.55,
            "인구총점":9.974,
            "일자리":9.04,
            "소득수준":50.88,
            "일자리총점":21.592,
            "가치 총점":52.3373,
            "매매실거래년":20211216.0,
            "매매실거래가":66900.0,
            "전세실거래년":20220207.0,
            "전세실거래가":16000.0,
            "전세가율":29.09,
            "장기전세가율평균":68.39,
            "전세가율거품지수":39.3,
            "검색코드":1662,
            "세대수":1018.0,
            "준공년월":"1996-06-17",
            "준공년차":27.0,
            "가까운역이름":"구리",
            "가까운역거리":327.74,
            "역세권여부":"역세권",
            "30분이내주요거점역":0,
            "30분거점역이름":"[]",
            "1시간이내주요거점역":0,
            "1시간거점역이름":"[]",
            "3km이내백화점수":1,
            "5km이내아울렛몰수":2,
            "1km이내대형먀트수":0,
            "500m이내은행수":2,
            "500m이내병원수":53,
            "5km이내대형병원수":3,
            "500m이내공원수":10,
            "3km이내혐오시설수":0,
            "초등학교학업성취도":89.99,
            "중학교학업성취도":77.9,
            "용적률":220,
            "건폐율":36,
            "Y":37.606044,
            "X":127.144611,
            "rank":36.0,
            "area_info":"18평(59.54), 21평(72.46), 23평(78.65), 25평(82.86), 25평(83.38), 26평(86.06)",
            "last_sales":"2021-12-16,66900.0,21평(72.46)",
            "rank_history":[
                [
                    "202203",
                    36
                ],
                [
                    "202202",
                    13
                ],
                [
                    "202201",
                    12
                ]
            ],
            "rank_gap":-23
        },
        {
            "index":488,
            "아파트명":"삼성",
            "투자타입":"일반",
            "전용면적(m2)":"131.11",
            "전용면적(평)":"39평",
            "법정동주소":"경기도 구리시 토평동 960",
            "도로명주소":"경기도 구리시 장자대로111번길 12",
            "세대수":50,
            "입주년차":20,
            "용적률점수":"--",
            "건폐율점수":"--",
            "세대당주차수":60,
            "난방방식":30,
            "공급면적":"--",
            "전용률":"--",
            "욕실수":100,
            "현관타입":100,
            "주거총점":53.5,
            "지역구공급총점":100.0,
            "역세권":50,
            "30분내 이동가능 거점":0,
            "1시간내 이동가능 거점":10,
            "교통총점":27.0,
            "백화점":100,
            "아울렛몰":100,
            "대형마트":80,
            "은행":0,
            "병원":60,
            "종합병원":100,
            "공원":100,
            "혐오시설":0,
            "인프라총점":81.0,
            "초등학군":89.99,
            "중학군":43.18,
            "학군총점":52.542,
            "인구수":21.77,
            "인구증감":-17.55,
            "인구총점":9.974,
            "일자리":9.04,
            "소득수준":50.88,
            "일자리총점":21.592,
            "가치 총점":52.3313,
            "매매실거래년":20211115.0,
            "매매실거래가":120000.0,
            "전세실거래년":20210722.0,
            "전세실거래가":39900.0,
            "전세가율":33.25,
            "장기전세가율평균":68.39,
            "전세가율거품지수":35.14,
            "검색코드":3576,
            "세대수":402.0,
            "준공년월":"2001-06-27",
            "준공년차":22.0,
            "가까운역이름":"토평 (2023년 예정)",
            "가까운역거리":578.64,
            "역세권여부":"준역세권",
            "30분이내주요거점역":0,
            "30분거점역이름":"[]",
            "1시간이내주요거점역":1,
            "1시간거점역이름":"['잠실']",
            "3km이내백화점수":1,
            "5km이내아울렛몰수":2,
            "1km이내대형먀트수":1,
            "500m이내은행수":0,
            "500m이내병원수":24,
            "5km이내대형병원수":4,
            "500m이내공원수":6,
            "3km이내혐오시설수":0,
            "초등학교학업성취도":89.99,
            "중학교학업성취도":70.9,
            "용적률":199,
            "건폐율":14,
            "Y":37.58834,
            "X":127.14422,
            "rank":37.0,
            "area_info":"39평(131.11), 39평(131.73), 45평(149.28), 51평(169.68)",
            "last_sales":"2021-11-15,120000.0,39평(131.11)",
            "rank_history":[
                [
                    "202203",
                    37
                ],
                [
                    "202202",
                    57
                ],
                [
                    "202201",
                    66
                ]
            ],
            "rank_gap":20
        },
        {
            "index":161,
            "아파트명":"범우하이츠",
            "투자타입":"재건축",
            "전용면적(m2)":"55.21",
            "전용면적(평)":"16평",
            "법정동주소":"경기도 구리시 수택동 471-1",
            "도로명주소":"경기도 구리시 원수택로52번길 15",
            "세대수":0,
            "입주년차":"--",
            "용적률점수":80,
            "건폐율점수":60,
            "세대당주차수":"--",
            "난방방식":"--",
            "공급면적":50,
            "전용률":60,
            "욕실수":"--",
            "현관타입":"--",
            "주거총점":49.5,
            "지역구공급총점":100.0,
            "역세권":50,
            "30분내 이동가능 거점":0,
            "1시간내 이동가능 거점":0,
            "교통총점":25.0,
            "백화점":100,
            "아울렛몰":100,
            "대형마트":80,
            "은행":0,
            "병원":100,
            "종합병원":100,
            "공원":100,
            "혐오시설":0,
            "인프라총점":85.0,
            "초등학군":89.99,
            "중학군":43.18,
            "학군총점":52.542,
            "인구수":21.77,
            "인구증감":-17.55,
            "인구총점":9.974,
            "일자리":9.04,
            "소득수준":50.88,
            "일자리총점":21.592,
            "가치 총점":52.0313,
            "매매실거래년":20210426.0,
            "매매실거래가":30250.0,
            "전세실거래년":null,
            "전세실거래가":null,
            "전세가율":null,
            "장기전세가율평균":68.39,
            "전세가율거품지수":null,
            "검색코드":104512,
            "세대수":50.0,
            "준공년월":"1988-05-30",
            "준공년차":35.0,
            "가까운역이름":"구리",
            "가까운역거리":813.75,
            "역세권여부":"준역세권",
            "30분이내주요거점역":0,
            "30분거점역이름":"[]",
            "1시간이내주요거점역":0,
            "1시간거점역이름":"[]",
            "3km이내백화점수":1,
            "5km이내아울렛몰수":2,
            "1km이내대형먀트수":1,
            "500m이내은행수":1,
            "500m이내병원수":67,
            "5km이내대형병원수":4,
            "500m이내공원수":7,
            "3km이내혐오시설수":0,
            "초등학교학업성취도":89.99,
            "중학교학업성취도":70.9,
            "용적률":164,
            "건폐율":33,
            "Y":37.595991,
            "X":127.142405,
            "rank":38.0,
            "area_info":"16평(55.21), 17평(58.36), 17평(58.35), 18평(61.63)",
            "last_sales":"2021-04-26,30250.0,18평(61.63)",
            "rank_history":[
                [
                    "202203",
                    38
                ],
                [
                    "202202",
                    9999
                ]
            ],
            "rank_gap":9999
        },
        {
            "index":75,
            "아파트명":"동방",
            "투자타입":"일반",
            "전용면적(m2)":"80.55",
            "전용면적(평)":"24평",
            "법정동주소":"경기도 구리시 교문동 1-8",
            "도로명주소":"경기도 구리시 체육관로 124",
            "세대수":30,
            "입주년차":0,
            "용적률점수":"--",
            "건폐율점수":"--",
            "세대당주차수":30,
            "난방방식":30,
            "공급면적":"--",
            "전용률":"--",
            "욕실수":50,
            "현관타입":100,
            "주거총점":33.0,
            "지역구공급총점":100.0,
            "역세권":50,
            "30분내 이동가능 거점":0,
            "1시간내 이동가능 거점":10,
            "교통총점":27.0,
            "백화점":100,
            "아울렛몰":100,
            "대형마트":100,
            "은행":70,
            "병원":80,
            "종합병원":100,
            "공원":100,
            "혐오시설":0,
            "인프라총점":93.0,
            "초등학군":90.01,
            "중학군":44.76,
            "학군총점":53.81,
            "인구수":21.77,
            "인구증감":-17.55,
            "인구총점":9.974,
            "일자리":9.04,
            "소득수준":50.88,
            "일자리총점":21.592,
            "가치 총점":52.0215,
            "매매실거래년":20211011.0,
            "매매실거래가":57000.0,
            "전세실거래년":20220224.0,
            "전세실거래가":23100.0,
            "전세가율":40.53,
            "장기전세가율평균":68.39,
            "전세가율거품지수":27.86,
            "검색코드":2616,
            "세대수":307.0,
            "준공년월":"1998-06-24",
            "준공년차":25.0,
            "가까운역이름":"구리",
            "가까운역거리":938.26,
            "역세권여부":"준역세권",
            "30분이내주요거점역":0,
            "30분거점역이름":"[]",
            "1시간이내주요거점역":1,
            "1시간거점역이름":"['잠실']",
            "3km이내백화점수":1,
            "5km이내아울렛몰수":2,
            "1km이내대형먀트수":2,
            "500m이내은행수":3,
            "500m이내병원수":39,
            "5km이내대형병원수":4,
            "500m이내공원수":8,
            "3km이내혐오시설수":0,
            "초등학교학업성취도":90.01,
            "중학교학업성취도":74.6,
            "용적률":354,
            "건폐율":26,
            "Y":37.596145,
            "X":127.137647,
            "rank":39.0,
            "area_info":"24평(80.55), 32평(107.81), 32평(107.35)",
            "last_sales":"2021-10-11,57000.0,24평(80.55)",
            "rank_history":[
                [
                    "202203",
                    39
                ],
                [
                    "202202",
                    20
                ],
                [
                    "202201",
                    21
                ]
            ],
            "rank_gap":-19
        },
        {
            "index":232,
            "아파트명":"한성",
            "투자타입":"일반",
            "전용면적(m2)":"81.69",
            "전용면적(평)":"24평",
            "법정동주소":"경기도 구리시 수택동 854-3",
            "도로명주소":"경기도 구리시 체육관로 40",
            "세대수":0,
            "입주년차":0,
            "용적률점수":"--",
            "건폐율점수":"--",
            "세대당주차수":0,
            "난방방식":30,
            "공급면적":"--",
            "전용률":"--",
            "욕실수":50,
            "현관타입":100,
            "주거총점":18.0,
            "지역구공급총점":100.0,
            "역세권":80,
            "30분내 이동가능 거점":0,
            "1시간내 이동가능 거점":10,
            "교통총점":42.0,
            "백화점":100,
            "아울렛몰":100,
            "대형마트":80,
            "은행":0,
            "병원":100,
            "종합병원":100,
            "공원":100,
            "혐오시설":0,
            "인프라총점":85.0,
            "초등학군":89.97,
            "중학군":44.76,
            "학군총점":53.802,
            "인구수":21.77,
            "인구증감":-17.55,
            "인구총점":9.974,
            "일자리":9.04,
            "소득수준":50.88,
            "일자리총점":21.592,
            "가치 총점":51.8703,
            "매매실거래년":20211105.0,
            "매매실거래가":71000.0,
            "전세실거래년":20220222.0,
            "전세실거래가":25000.0,
            "전세가율":35.21,
            "장기전세가율평균":68.39,
            "전세가율거품지수":33.18,
            "검색코드":1651,
            "세대수":240.0,
            "준공년월":"1994-10-01",
            "준공년차":29.0,
            "가까운역이름":"토평 (2023년 예정)",
            "가까운역거리":168.2,
            "역세권여부":"역세권",
            "30분이내주요거점역":0,
            "30분거점역이름":"[]",
            "1시간이내주요거점역":1,
            "1시간거점역이름":"['잠실']",
            "3km이내백화점수":1,
            "5km이내아울렛몰수":2,
            "1km이내대형먀트수":1,
            "500m이내은행수":1,
            "500m이내병원수":60,
            "5km이내대형병원수":5,
            "500m이내공원수":3,
            "3km이내혐오시설수":0,
            "초등학교학업성취도":89.97,
            "중학교학업성취도":74.6,
            "용적률":219,
            "건폐율":18,
            "Y":37.58835,
            "X":127.138665,
            "rank":40.0,
            "area_info":"24평(81.69)",
            "last_sales":"2021-11-05,71000.0,24평(81.69)",
            "rank_history":[
                [
                    "202203",
                    40
                ],
                [
                    "202202",
                    67
                ],
                [
                    "202201",
                    78
                ]
            ],
            "rank_gap":27
        },
        {
            "index":293,
            "아파트명":"동문굿모닝힐1차",
            "투자타입":"일반",
            "전용면적(m2)":"111.14",
            "전용면적(평)":"33평",
            "법정동주소":"경기도 구리시 인창동 707",
            "도로명주소":"경기도 구리시 건원대로99번길 112",
            "세대수":30,
            "입주년차":40,
            "용적률점수":"--",
            "건폐율점수":"--",
            "세대당주차수":30,
            "난방방식":30,
            "공급면적":"--",
            "전용률":"--",
            "욕실수":100,
            "현관타입":100,
            "주거총점":46.0,
            "지역구공급총점":100.0,
            "역세권":50,
            "30분내 이동가능 거점":0,
            "1시간내 이동가능 거점":0,
            "교통총점":25.0,
            "백화점":100,
            "아울렛몰":100,
            "대형마트":80,
            "은행":20,
            "병원":80,
            "종합병원":100,
            "공원":100,
            "혐오시설":0,
            "인프라총점":85.0,
            "초등학군":90.0,
            "중학군":46.98,
            "학군총점":55.584,
            "인구수":21.77,
            "인구증감":-17.55,
            "인구총점":9.974,
            "일자리":9.04,
            "소득수준":50.88,
            "일자리총점":21.592,
            "가치 총점":51.7876,
            "매매실거래년":20211206.0,
            "매매실거래가":95000.0,
            "전세실거래년":20220212.0,
            "전세실거래가":39900.0,
            "전세가율":42.0,
            "장기전세가율평균":68.39,
            "전세가율거품지수":26.39,
            "검색코드":11453,
            "세대수":312.0,
            "준공년월":"2007-08-31",
            "준공년차":16.0,
            "가까운역이름":"구리",
            "가까운역거리":504.21,
            "역세권여부":"준역세권",
            "30분이내주요거점역":0,
            "30분거점역이름":"[]",
            "1시간이내주요거점역":0,
            "1시간거점역이름":"[]",
            "3km이내백화점수":1,
            "5km이내아울렛몰수":2,
            "1km이내대형먀트수":1,
            "500m이내은행수":2,
            "500m이내병원수":44,
            "5km이내대형병원수":3,
            "500m이내공원수":10,
            "3km이내혐오시설수":0,
            "초등학교학업성취도":90.0,
            "중학교학업성취도":77.9,
            "용적률":279,
            "건폐율":20,
            "Y":37.605648,
            "X":127.138477,
            "rank":41.0,
            "area_info":"33평(111.14)",
            "last_sales":"2021-12-06,95000.0,33평(111.14)",
            "rank_history":[
                [
                    "202203",
                    41
                ],
                [
                    "202202",
                    11
                ],
                [
                    "202201",
                    11
                ]
            ],
            "rank_gap":-30
        },
        {
            "index":393,
            "아파트명":"인창2단지주공",
            "투자타입":"일반",
            "전용면적(m2)":"57.59",
            "전용면적(평)":"17평",
            "법정동주소":"경기도 구리시 인창동 664-1",
            "도로명주소":"경기도 구리시 건원대로76번길 39",
            "세대수":90,
            "입주년차":0,
            "용적률점수":"--",
            "건폐율점수":"--",
            "세대당주차수":0,
            "난방방식":30,
            "공급면적":"--",
            "전용률":"--",
            "욕실수":50,
            "현관타입":10,
            "주거총점":40.5,
            "지역구공급총점":100.0,
            "역세권":80,
            "30분내 이동가능 거점":0,
            "1시간내 이동가능 거점":0,
            "교통총점":40.0,
            "백화점":100,
            "아울렛몰":100,
            "대형마트":0,
            "은행":20,
            "병원":60,
            "종합병원":100,
            "공원":100,
            "혐오시설":0,
            "인프라총점":71.0,
            "초등학군":89.98,
            "중학군":46.98,
            "학군총점":55.58,
            "인구수":21.77,
            "인구증감":-17.55,
            "인구총점":9.974,
            "일자리":9.04,
            "소득수준":50.88,
            "일자리총점":21.592,
            "가치 총점":51.737,
            "매매실거래년":20220110.0,
            "매매실거래가":77000.0,
            "전세실거래년":20211222.0,
            "전세실거래가":17000.0,
            "전세가율":33.4,
            "장기전세가율평균":68.39,
            "전세가율거품지수":34.99,
            "검색코드":1660,
            "세대수":1229.0,
            "준공년월":"1997-06-20",
            "준공년차":26.0,
            "가까운역이름":"구리도매시장 (2023년 예정)",
            "가까운역거리":367.6,
            "역세권여부":"역세권",
            "30분이내주요거점역":0,
            "30분거점역이름":"[]",
            "1시간이내주요거점역":0,
            "1시간거점역이름":"[]",
            "3km이내백화점수":1,
            "5km이내아울렛몰수":2,
            "1km이내대형먀트수":0,
            "500m이내은행수":2,
            "500m이내병원수":21,
            "5km이내대형병원수":3,
            "500m이내공원수":9,
            "3km이내혐오시설수":0,
            "초등학교학업성취도":89.98,
            "중학교학업성취도":77.9,
            "용적률":235,
            "건폐율":16,
            "Y":37.610207,
            "X":127.142128,
            "rank":42.0,
            "area_info":"17평(57.59), 21평(72.45), 32평(108.59)",
            "last_sales":"2022-01-10,77000.0,32평(108.59)",
            "rank_history":[
                [
                    "202203",
                    42
                ],
                [
                    "202202",
                    32
                ],
                [
                    "202201",
                    28
                ]
            ],
            "rank_gap":-10
        },
        {
            "index":16,
            "아파트명":"갈매역아이파크",
            "투자타입":"일반",
            "전용면적(m2)":"114.66",
            "전용면적(평)":"34평",
            "법정동주소":"경기도 구리시 갈매동 596",
            "도로명주소":"경기도 구리시 경춘북로 252",
            "세대수":90,
            "입주년차":80,
            "용적률점수":"--",
            "건폐율점수":"--",
            "세대당주차수":60,
            "난방방식":100,
            "공급면적":"--",
            "전용률":"--",
            "욕실수":100,
            "현관타입":100,
            "주거총점":86.5,
            "지역구공급총점":100.0,
            "역세권":80,
            "30분내 이동가능 거점":0,
            "1시간내 이동가능 거점":0,
            "교통총점":40.0,
            "백화점":0,
            "아울렛몰":100,
            "대형마트":0,
            "은행":0,
            "병원":60,
            "종합병원":100,
            "공원":100,
            "혐오시설":0,
            "인프라총점":39.0,
            "초등학군":89.99,
            "중학군":49.54,
            "학군총점":57.63,
            "인구수":21.77,
            "인구증감":-17.55,
            "인구총점":9.974,
            "일자리":9.04,
            "소득수준":50.88,
            "일자리총점":21.592,
            "가치 총점":51.6445,
            "매매실거래년":20211218.0,
            "매매실거래가":95100.0,
            "전세실거래년":20220219.0,
            "전세실거래가":55000.0,
            "전세가율":57.83,
            "장기전세가율평균":68.39,
            "전세가율거품지수":10.56,
            "검색코드":111358,
            "세대수":1196.0,
            "준공년월":"2018-04-01",
            "준공년차":5.0,
            "가까운역이름":"갈매",
            "가까운역거리":206.86,
            "역세권여부":"역세권",
            "30분이내주요거점역":0,
            "30분거점역이름":"[]",
            "1시간이내주요거점역":0,
            "1시간거점역이름":"[]",
            "3km이내백화점수":0,
            "5km이내아울렛몰수":2,
            "1km이내대형먀트수":0,
            "500m이내은행수":0,
            "500m이내병원수":28,
            "5km이내대형병원수":6,
            "500m이내공원수":2,
            "3km이내혐오시설수":0,
            "초등학교학업성취도":89.99,
            "중학교학업성취도":82.1,
            "용적률":306,
            "건폐율":58,
            "Y":37.63457,
            "X":127.117023,
            "rank":43.0,
            "area_info":"34평(114.66), 34평(114.91), 34평(114.45), 34평(114.88), 34평(114.57), 35평(116.12), 44평(148.64)",
            "last_sales":"2021-12-18,95100.0,34평(114.66)",
            "rank_history":[
                [
                    "202203",
                    43
                ],
                [
                    "202202",
                    15
                ],
                [
                    "202201",
                    15
                ]
            ],
            "rank_gap":-28
        },
        {
            "index":279,
            "아파트명":"구리인창공원우림필유",
            "투자타입":"일반",
            "전용면적(m2)":"152.38",
            "전용면적(평)":"46평",
            "법정동주소":"경기도 구리시 인창동 711",
            "도로명주소":"경기도 구리시 동구릉로66번길 14",
            "세대수":0,
            "입주년차":40,
            "용적률점수":"--",
            "건폐율점수":"--",
            "세대당주차수":60,
            "난방방식":30,
            "공급면적":"--",
            "전용률":"--",
            "욕실수":100,
            "현관타입":100,
            "주거총점":40.0,
            "지역구공급총점":100.0,
            "역세권":50,
            "30분내 이동가능 거점":0,
            "1시간내 이동가능 거점":10,
            "교통총점":27.0,
            "백화점":100,
            "아울렛몰":100,
            "대형마트":80,
            "은행":20,
            "병원":80,
            "종합병원":100,
            "공원":100,
            "혐오시설":0,
            "인프라총점":85.0,
            "초등학군":90.0,
            "중학군":49.54,
            "학군총점":57.632,
            "인구수":21.77,
            "인구증감":-17.55,
            "인구총점":9.974,
            "일자리":9.04,
            "소득수준":50.88,
            "일자리총점":21.592,
            "가치 총점":51.5948,
            "매매실거래년":20210828.0,
            "매매실거래가":94000.0,
            "전세실거래년":20211002.0,
            "전세실거래가":70000.0,
            "전세가율":74.47,
            "장기전세가율평균":68.39,
            "전세가율거품지수":-6.08,
            "검색코드":27127,
            "세대수":121.0,
            "준공년월":"2008-09-22",
            "준공년차":15.0,
            "가까운역이름":"구리도매시장 (2023년 예정)",
            "가까운역거리":603.59,
            "역세권여부":"준역세권",
            "30분이내주요거점역":0,
            "30분거점역이름":"[]",
            "1시간이내주요거점역":1,
            "1시간거점역이름":"['잠실']",
            "3km이내백화점수":1,
            "5km이내아울렛몰수":2,
            "1km이내대형먀트수":1,
            "500m이내은행수":2,
            "500m이내병원수":47,
            "5km이내대형병원수":3,
            "500m이내공원수":5,
            "3km이내혐오시설수":0,
            "초등학교학업성취도":90.0,
            "중학교학업성취도":82.1,
            "용적률":297,
            "건폐율":19,
            "Y":37.605645,
            "X":127.135521,
            "rank":44.0,
            "area_info":"46평(152.38)",
            "last_sales":"2021-08-28,94000.0,46평(152.38)",
            "rank_history":[
                [
                    "202203",
                    44
                ],
                [
                    "202202",
                    17
                ],
                [
                    "202201",
                    17
                ]
            ],
            "rank_gap":-27
        },
        {
            "index":492,
            "아파트명":"상록",
            "투자타입":"일반",
            "전용면적(m2)":"116.4",
            "전용면적(평)":"35평",
            "법정동주소":"경기도 구리시 토평동 959",
            "도로명주소":"경기도 구리시 장자대로111번길 56",
            "세대수":50,
            "입주년차":20,
            "용적률점수":"--",
            "건폐율점수":"--",
            "세대당주차수":30,
            "난방방식":30,
            "공급면적":"--",
            "전용률":"--",
            "욕실수":100,
            "현관타입":100,
            "주거총점":49.0,
            "지역구공급총점":100.0,
            "역세권":50,
            "30분내 이동가능 거점":0,
            "1시간내 이동가능 거점":10,
            "교통총점":27.0,
            "백화점":100,
            "아울렛몰":100,
            "대형마트":80,
            "은행":0,
            "병원":60,
            "종합병원":100,
            "공원":100,
            "혐오시설":0,
            "인프라총점":81.0,
            "초등학군":89.99,
            "중학군":43.18,
            "학군총점":52.542,
            "인구수":21.77,
            "인구증감":-17.55,
            "인구총점":9.974,
            "일자리":9.04,
            "소득수준":50.88,
            "일자리총점":21.592,
            "가치 총점":51.4313,
            "매매실거래년":20211013.0,
            "매매실거래가":75000.0,
            "전세실거래년":20211120.0,
            "전세실거래가":35700.0,
            "전세가율":47.6,
            "장기전세가율평균":68.39,
            "전세가율거품지수":20.79,
            "검색코드":11548,
            "세대수":488.0,
            "준공년월":"2002-01-16",
            "준공년차":21.0,
            "가까운역이름":"토평 (2023년 예정)",
            "가까운역거리":691.79,
            "역세권여부":"준역세권",
            "30분이내주요거점역":0,
            "30분거점역이름":"[]",
            "1시간이내주요거점역":1,
            "1시간거점역이름":"['잠실']",
            "3km이내백화점수":1,
            "5km이내아울렛몰수":2,
            "1km이내대형먀트수":1,
            "500m이내은행수":0,
            "500m이내병원수":15,
            "5km이내대형병원수":4,
            "500m이내공원수":9,
            "3km이내혐오시설수":0,
            "초등학교학업성취도":89.99,
            "중학교학업성취도":70.9,
            "용적률":229,
            "건폐율":17,
            "Y":37.588894,
            "X":127.145351,
            "rank":45.0,
            "area_info":"35평(116.4)",
            "last_sales":"2021-10-13,75000.0,35평(116.4)",
            "rank_history":[
                [
                    "202203",
                    45
                ],
                [
                    "202202",
                    59
                ],
                [
                    "202201",
                    69
                ]
            ],
            "rank_gap":14
        },
        {
            "index":348,
            "아파트명":"아름마을LG",
            "투자타입":"일반",
            "전용면적(m2)":"79.65",
            "전용면적(평)":"24평",
            "법정동주소":"경기도 구리시 인창동 640-1",
            "도로명주소":"경기도 구리시 동구릉로53번길 67",
            "세대수":50,
            "입주년차":20,
            "용적률점수":"--",
            "건폐율점수":"--",
            "세대당주차수":30,
            "난방방식":30,
            "공급면적":"--",
            "전용률":"--",
            "욕실수":50,
            "현관타입":100,
            "주거총점":44.0,
            "지역구공급총점":100.0,
            "역세권":50,
            "30분내 이동가능 거점":0,
            "1시간내 이동가능 거점":10,
            "교통총점":27.0,
            "백화점":100,
            "아울렛몰":100,
            "대형마트":80,
            "은행":0,
            "병원":60,
            "종합병원":100,
            "공원":100,
            "혐오시설":0,
            "인프라총점":81.0,
            "초등학군":89.99,
            "중학군":49.54,
            "학군총점":57.63,
            "인구수":21.77,
            "인구증감":-17.55,
            "인구총점":9.974,
            "일자리":9.04,
            "소득수준":50.88,
            "일자리총점":21.592,
            "가치 총점":51.1945,
            "매매실거래년":20211009.0,
            "매매실거래가":75500.0,
            "전세실거래년":20220212.0,
            "전세실거래가":23100.0,
            "전세가율":41.25,
            "장기전세가율평균":68.39,
            "전세가율거품지수":27.14,
            "검색코드":1656,
            "세대수":482.0,
            "준공년월":"1999-05-26",
            "준공년차":24.0,
            "가까운역이름":"구리도매시장 (2023년 예정)",
            "가까운역거리":638.94,
            "역세권여부":"준역세권",
            "30분이내주요거점역":0,
            "30분거점역이름":"[]",
            "1시간이내주요거점역":1,
            "1시간거점역이름":"['잠실']",
            "3km이내백화점수":1,
            "5km이내아울렛몰수":2,
            "1km이내대형먀트수":1,
            "500m이내은행수":1,
            "500m이내병원수":21,
            "5km이내대형병원수":5,
            "500m이내공원수":7,
            "3km이내혐오시설수":0,
            "초등학교학업성취도":89.99,
            "중학교학업성취도":82.1,
            "용적률":309,
            "건폐율":20,
            "Y":37.607412,
            "X":127.132058,
            "rank":46.0,
            "area_info":"24평(79.65), 32평(107.58), 45평(149.35)",
            "last_sales":"2021-10-09,75500.0,45평(149.35)",
            "rank_history":[
                [
                    "202203",
                    46
                ],
                [
                    "202202",
                    49
                ],
                [
                    "202201",
                    40
                ]
            ],
            "rank_gap":3
        },
        {
            "index":243,
            "아파트명":"건영",
            "투자타입":"일반",
            "전용면적(m2)":"76.37",
            "전용면적(평)":"23평",
            "법정동주소":"경기도 구리시 인창동 474",
            "도로명주소":"경기도 구리시 동구릉로 151",
            "세대수":50,
            "입주년차":0,
            "용적률점수":"--",
            "건폐율점수":"--",
            "세대당주차수":0,
            "난방방식":30,
            "공급면적":"--",
            "전용률":"--",
            "욕실수":50,
            "현관타입":100,
            "주거총점":35.5,
            "지역구공급총점":100.0,
            "역세권":80,
            "30분내 이동가능 거점":0,
            "1시간내 이동가능 거점":10,
            "교통총점":42.0,
            "백화점":100,
            "아울렛몰":100,
            "대형마트":0,
            "은행":0,
            "병원":60,
            "종합병원":100,
            "공원":100,
            "혐오시설":0,
            "인프라총점":69.0,
            "초등학군":89.99,
            "중학군":49.54,
            "학군총점":57.63,
            "인구수":21.77,
            "인구증감":-17.55,
            "인구총점":9.974,
            "일자리":9.04,
            "소득수준":50.88,
            "일자리총점":21.592,
            "가치 총점":51.1445,
            "매매실거래년":20211114.0,
            "매매실거래가":71000.0,
            "전세실거래년":20211130.0,
            "전세실거래가":27000.0,
            "전세가율":52.94,
            "장기전세가율평균":68.39,
            "전세가율거품지수":15.45,
            "검색코드":1653,
            "세대수":573.0,
            "준공년월":"1994-07-08",
            "준공년차":29.0,
            "가까운역이름":"구리도매시장 (2023년 예정)",
            "가까운역거리":215.63,
            "역세권여부":"역세권",
            "30분이내주요거점역":0,
            "30분거점역이름":"[]",
            "1시간이내주요거점역":1,
            "1시간거점역이름":"['잠실']",
            "3km이내백화점수":1,
            "5km이내아울렛몰수":2,
            "1km이내대형먀트수":0,
            "500m이내은행수":1,
            "500m이내병원수":15,
            "5km이내대형병원수":3,
            "500m이내공원수":7,
            "3km이내혐오시설수":0,
            "초등학교학업성취도":89.99,
            "중학교학업성취도":82.1,
            "용적률":289,
            "건폐율":26,
            "Y":37.612513,
            "X":127.137118,
            "rank":47.0,
            "area_info":"23평(76.37), 26평(88.54), 26평(88.96), 26평(88.93), 31평(102.77), 31평(102.8)",
            "last_sales":"2021-11-14,71000.0,31평(102.77)",
            "rank_history":[
                [
                    "202203",
                    47
                ],
                [
                    "202202",
                    76
                ],
                [
                    "202201",
                    73
                ]
            ],
            "rank_gap":29
        },
        {
            "index":165,
            "아파트명":"수택금호어울림",
            "투자타입":"일반",
            "전용면적(m2)":"90.57",
            "전용면적(평)":"27평",
            "법정동주소":"경기도 구리시 수택동 542",
            "도로명주소":"경기도 구리시 경춘로276번길 66",
            "세대수":0,
            "입주년차":40,
            "용적률점수":"--",
            "건폐율점수":"--",
            "세대당주차수":0,
            "난방방식":30,
            "공급면적":"--",
            "전용률":"--",
            "욕실수":100,
            "현관타입":100,
            "주거총점":31.0,
            "지역구공급총점":100.0,
            "역세권":80,
            "30분내 이동가능 거점":0,
            "1시간내 이동가능 거점":0,
            "교통총점":40.0,
            "백화점":100,
            "아울렛몰":100,
            "대형마트":0,
            "은행":20,
            "병원":100,
            "종합병원":100,
            "공원":100,
            "혐오시설":0,
            "인프라총점":75.0,
            "초등학군":90.01,
            "중학군":46.98,
            "학군총점":55.586,
            "인구수":21.77,
            "인구증감":-17.55,
            "인구총점":9.974,
            "일자리":9.04,
            "소득수준":50.88,
            "일자리총점":21.592,
            "가치 총점":51.0379,
            "매매실거래년":20211020.0,
            "매매실거래가":48000.0,
            "전세실거래년":20220110.0,
            "전세실거래가":29400.0,
            "전세가율":47.04,
            "장기전세가율평균":68.39,
            "전세가율거품지수":21.35,
            "검색코드":24423,
            "세대수":138.0,
            "준공년월":"2006-12-18",
            "준공년차":17.0,
            "가까운역이름":"구리",
            "가까운역거리":485.84,
            "역세권여부":"역세권",
            "30분이내주요거점역":0,
            "30분거점역이름":"[]",
            "1시간이내주요거점역":0,
            "1시간거점역이름":"[]",
            "3km이내백화점수":1,
            "5km이내아울렛몰수":2,
            "1km이내대형먀트수":0,
            "500m이내은행수":2,
            "500m이내병원수":67,
            "5km이내대형병원수":3,
            "500m이내공원수":6,
            "3km이내혐오시설수":0,
            "초등학교학업성취도":90.01,
            "중학교학업성취도":77.9,
            "용적률":248,
            "건폐율":22,
            "Y":37.600216,
            "X":127.147294,
            "rank":48.0,
            "area_info":"27평(90.57), 32평(108.28)",
            "last_sales":"2021-10-20,48000.0,32평(108.28)",
            "rank_history":[
                [
                    "202203",
                    48
                ],
                [
                    "202202",
                    12
                ],
                [
                    "202201",
                    14
                ]
            ],
            "rank_gap":-36
        },
        {
            "index":71,
            "아파트명":"덕현",
            "투자타입":"일반",
            "전용면적(m2)":"80.06",
            "전용면적(평)":"24평",
            "법정동주소":"경기도 구리시 교문동 808",
            "도로명주소":"경기도 구리시 장자대로37번길 55",
            "세대수":90,
            "입주년차":0,
            "용적률점수":"--",
            "건폐율점수":"--",
            "세대당주차수":30,
            "난방방식":30,
            "공급면적":"--",
            "전용률":"--",
            "욕실수":50,
            "현관타입":10,
            "주거총점":45.0,
            "지역구공급총점":100.0,
            "역세권":50,
            "30분내 이동가능 거점":0,
            "1시간내 이동가능 거점":0,
            "교통총점":25.0,
            "백화점":100,
            "아울렛몰":100,
            "대형마트":80,
            "은행":0,
            "병원":60,
            "종합병원":100,
            "공원":100,
            "혐오시설":0,
            "인프라총점":81.0,
            "초등학군":89.99,
            "중학군":50.08,
            "학군총점":58.062,
            "인구수":21.77,
            "인구증감":-17.55,
            "인구총점":9.974,
            "일자리":9.04,
            "소득수준":50.88,
            "일자리총점":21.592,
            "가치 총점":50.7593,
            "매매실거래년":20220223.0,
            "매매실거래가":89000.0,
            "전세실거래년":20220122.0,
            "전세실거래가":35000.0,
            "전세가율":62.5,
            "장기전세가율평균":68.39,
            "전세가율거품지수":5.89,
            "검색코드":1642,
            "세대수":1077.0,
            "준공년월":"1993-12-15",
            "준공년차":30.0,
            "가까운역이름":"토평 (2023년 예정)",
            "가까운역거리":555.79,
            "역세권여부":"준역세권",
            "30분이내주요거점역":0,
            "30분거점역이름":"[]",
            "1시간이내주요거점역":0,
            "1시간거점역이름":"[]",
            "3km이내백화점수":1,
            "5km이내아울렛몰수":2,
            "1km이내대형먀트수":1,
            "500m이내은행수":1,
            "500m이내병원수":20,
            "5km이내대형병원수":5,
            "500m이내공원수":2,
            "3km이내혐오시설수":0,
            "초등학교학업성취도":89.99,
            "중학교학업성취도":82.8,
            "용적률":219,
            "건폐율":15,
            "Y":37.59071,
            "X":127.133701,
            "rank":49.0,
            "area_info":"24평(80.06), 31평(103.14), 37평(122.5), 47평(158.38)",
            "last_sales":"2022-02-23,89000.0,31평(103.14)",
            "rank_history":[
                [
                    "202203",
                    49
                ],
                [
                    "202202",
                    39
                ],
                [
                    "202201",
                    46
                ]
            ],
            "rank_gap":-10
        },
        {
            "index":63,
            "아파트명":"구리일성",
            "투자타입":"일반",
            "전용면적(m2)":"81.36",
            "전용면적(평)":"24평",
            "법정동주소":"경기도 구리시 교문동 767",
            "도로명주소":"경기도 구리시 체육관로 110",
            "세대수":30,
            "입주년차":20,
            "용적률점수":"--",
            "건폐율점수":"--",
            "세대당주차수":30,
            "난방방식":30,
            "공급면적":"--",
            "전용률":"--",
            "욕실수":50,
            "현관타입":100,
            "주거총점":37.0,
            "지역구공급총점":100.0,
            "역세권":50,
            "30분내 이동가능 거점":0,
            "1시간내 이동가능 거점":10,
            "교통총점":27.0,
            "백화점":100,
            "아울렛몰":100,
            "대형마트":100,
            "은행":0,
            "병원":80,
            "종합병원":100,
            "공원":100,
            "혐오시설":0,
            "인프라총점":86.0,
            "초등학군":90.01,
            "중학군":44.76,
            "학군총점":53.81,
            "인구수":21.77,
            "인구증감":-17.55,
            "인구총점":9.974,
            "일자리":9.04,
            "소득수준":50.88,
            "일자리총점":21.592,
            "가치 총점":50.7215,
            "매매실거래년":20210708.0,
            "매매실거래가":55000.0,
            "전세실거래년":20211203.0,
            "전세실거래가":40000.0,
            "전세가율":72.73,
            "장기전세가율평균":68.39,
            "전세가율거품지수":-4.34,
            "검색코드":2619,
            "세대수":330.0,
            "준공년월":"1999-05-20",
            "준공년차":24.0,
            "가까운역이름":"토평 (2023년 예정)",
            "가까운역거리":847.15,
            "역세권여부":"준역세권",
            "30분이내주요거점역":0,
            "30분거점역이름":"[]",
            "1시간이내주요거점역":1,
            "1시간거점역이름":"['잠실']",
            "3km이내백화점수":1,
            "5km이내아울렛몰수":2,
            "1km이내대형먀트수":2,
            "500m이내은행수":1,
            "500m이내병원수":46,
            "5km이내대형병원수":5,
            "500m이내공원수":7,
            "3km이내혐오시설수":0,
            "초등학교학업성취도":90.01,
            "중학교학업성취도":74.6,
            "용적률":312,
            "건폐율":20,
            "Y":37.594588,
            "X":127.13788,
            "rank":50.0,
            "area_info":"24평(81.36), 32평(108.39), 49평(162.75)",
            "last_sales":"2021-07-08,55000.0,24평(81.36)",
            "rank_history":[
                [
                    "202203",
                    50
                ],
                [
                    "202202",
                    55
                ],
                [
                    "202201",
                    47
                ]
            ],
            "rank_gap":5
        },
        {
            "index":353,
            "아파트명":"아름마을원일",
            "투자타입":"일반",
            "전용면적(m2)":"63.33",
            "전용면적(평)":"19평",
            "법정동주소":"경기도 구리시 인창동 651-27",
            "도로명주소":"경기도 구리시 동구릉로85번길 17",
            "세대수":80,
            "입주년차":0,
            "용적률점수":"--",
            "건폐율점수":"--",
            "세대당주차수":30,
            "난방방식":30,
            "공급면적":"--",
            "전용률":"--",
            "욕실수":50,
            "현관타입":10,
            "주거총점":41.5,
            "지역구공급총점":100.0,
            "역세권":50,
            "30분내 이동가능 거점":0,
            "1시간내 이동가능 거점":10,
            "교통총점":27.0,
            "백화점":100,
            "아울렛몰":100,
            "대형마트":80,
            "은행":0,
            "병원":60,
            "종합병원":100,
            "공원":100,
            "혐오시설":0,
            "인프라총점":81.0,
            "초등학군":89.99,
            "중학군":49.54,
            "학군총점":57.63,
            "인구수":21.77,
            "인구증감":-17.55,
            "인구총점":9.974,
            "일자리":9.04,
            "소득수준":50.88,
            "일자리총점":21.592,
            "가치 총점":50.6945,
            "매매실거래년":20210702.0,
            "매매실거래가":83000.0,
            "전세실거래년":20220221.0,
            "전세실거래가":15750.0,
            "전세가율":52.5,
            "장기전세가율평균":68.39,
            "전세가율거품지수":15.89,
            "검색코드":2620,
            "세대수":777.0,
            "준공년월":"1998-10-31",
            "준공년차":25.0,
            "가까운역이름":"구리도매시장 (2023년 예정)",
            "가까운역거리":589.21,
            "역세권여부":"준역세권",
            "30분이내주요거점역":0,
            "30분거점역이름":"[]",
            "1시간이내주요거점역":1,
            "1시간거점역이름":"['잠실']",
            "3km이내백화점수":1,
            "5km이내아울렛몰수":2,
            "1km이내대형먀트수":1,
            "500m이내은행수":1,
            "500m이내병원수":22,
            "5km이내대형병원수":5,
            "500m이내공원수":4,
            "3km이내혐오시설수":0,
            "초등학교학업성취도":89.99,
            "중학교학업성취도":82.1,
            "용적률":282,
            "건폐율":19,
            "Y":37.609624,
            "X":127.131454,
            "rank":51.0,
            "area_info":"19평(63.33), 24평(81.1), 32평(108.29), 51평(168.75), 63평(209.57), 65평(215.11)",
            "last_sales":"2021-07-02,83000.0,65평(215.11)",
            "rank_history":[
                [
                    "202203",
                    51
                ],
                [
                    "202202",
                    61
                ],
                [
                    "202201",
                    50
                ]
            ],
            "rank_gap":10
        },
        {
            "index":413,
            "아파트명":"인창e-편한세상1차",
            "투자타입":"일반",
            "전용면적(m2)":"79.6",
            "전용면적(평)":"24평",
            "법정동주소":"경기도 구리시 인창동 309-6",
            "도로명주소":"경기도 구리시 동구릉로 64",
            "세대수":0,
            "입주년차":40,
            "용적률점수":"--",
            "건폐율점수":"--",
            "세대당주차수":30,
            "난방방식":30,
            "공급면적":"--",
            "전용률":"--",
            "욕실수":100,
            "현관타입":100,
            "주거총점":35.5,
            "지역구공급총점":100.0,
            "역세권":50,
            "30분내 이동가능 거점":0,
            "1시간내 이동가능 거점":10,
            "교통총점":27.0,
            "백화점":100,
            "아울렛몰":100,
            "대형마트":80,
            "은행":0,
            "병원":80,
            "종합병원":100,
            "공원":100,
            "혐오시설":0,
            "인프라총점":83.0,
            "초등학군":90.0,
            "중학군":49.54,
            "학군총점":57.632,
            "인구수":21.77,
            "인구증감":-17.55,
            "인구총점":9.974,
            "일자리":9.04,
            "소득수준":50.88,
            "일자리총점":21.592,
            "가치 총점":50.0948,
            "매매실거래년":20210817.0,
            "매매실거래가":62500.0,
            "전세실거래년":20210727.0,
            "전세실거래가":35500.0,
            "전세가율":56.8,
            "장기전세가율평균":68.39,
            "전세가율거품지수":11.59,
            "검색코드":8916,
            "세대수":154.0,
            "준공년월":"2004-07-31",
            "준공년차":19.0,
            "가까운역이름":"구리도매시장 (2023년 예정)",
            "가까운역거리":647.15,
            "역세권여부":"준역세권",
            "30분이내주요거점역":0,
            "30분거점역이름":"[]",
            "1시간이내주요거점역":1,
            "1시간거점역이름":"['잠실']",
            "3km이내백화점수":1,
            "5km이내아울렛몰수":2,
            "1km이내대형먀트수":1,
            "500m이내은행수":1,
            "500m이내병원수":32,
            "5km이내대형병원수":4,
            "500m이내공원수":6,
            "3km이내혐오시설수":0,
            "초등학교학업성취도":90.0,
            "중학교학업성취도":82.1,
            "용적률":0,
            "건폐율":0,
            "Y":37.605512,
            "X":127.134685,
            "rank":52.0,
            "area_info":"24평(79.6), 32평(106.46), 37평(122.86)",
            "last_sales":"2021-08-17,62500.0,24평(79.6)",
            "rank_history":[
                [
                    "202203",
                    52
                ],
                [
                    "202202",
                    18
                ],
                [
                    "202201",
                    19
                ]
            ],
            "rank_gap":-34
        },
        {
            "index":367,
            "아파트명":"아름마을일신건영2차",
            "투자타입":"일반",
            "전용면적(m2)":"80.29",
            "전용면적(평)":"24평",
            "법정동주소":"경기도 구리시 인창동 487-51",
            "도로명주소":"경기도 구리시 동구릉로85번길 52",
            "세대수":0,
            "입주년차":20,
            "용적률점수":"--",
            "건폐율점수":"--",
            "세대당주차수":30,
            "난방방식":30,
            "공급면적":"--",
            "전용률":"--",
            "욕실수":50,
            "현관타입":100,
            "주거총점":26.5,
            "지역구공급총점":100.0,
            "역세권":80,
            "30분내 이동가능 거점":0,
            "1시간내 이동가능 거점":10,
            "교통총점":42.0,
            "백화점":100,
            "아울렛몰":100,
            "대형마트":0,
            "은행":20,
            "병원":60,
            "종합병원":100,
            "공원":100,
            "혐오시설":0,
            "인프라총점":71.0,
            "초등학군":89.99,
            "중학군":49.54,
            "학군총점":57.63,
            "인구수":21.77,
            "인구증감":-17.55,
            "인구총점":9.974,
            "일자리":9.04,
            "소득수준":50.88,
            "일자리총점":21.592,
            "가치 총점":49.9445,
            "매매실거래년":20210814.0,
            "매매실거래가":80000.0,
            "전세실거래년":20220108.0,
            "전세실거래가":23100.0,
            "전세가율":40.7,
            "장기전세가율평균":68.39,
            "전세가율거품지수":27.69,
            "검색코드":3572,
            "세대수":189.0,
            "준공년월":"2001-09-28",
            "준공년차":22.0,
            "가까운역이름":"구리도매시장 (2023년 예정)",
            "가까운역거리":456.01,
            "역세권여부":"역세권",
            "30분이내주요거점역":0,
            "30분거점역이름":"[]",
            "1시간이내주요거점역":1,
            "1시간거점역이름":"['잠실']",
            "3km이내백화점수":1,
            "5km이내아울렛몰수":2,
            "1km이내대형먀트수":0,
            "500m이내은행수":2,
            "500m이내병원수":26,
            "5km이내대형병원수":4,
            "500m이내공원수":4,
            "3km이내혐오시설수":0,
            "초등학교학업성취도":89.99,
            "중학교학업성취도":82.1,
            "용적률":298,
            "건폐율":25,
            "Y":37.610139,
            "X":127.132875,
            "rank":53.0,
            "area_info":"24평(80.29), 33평(111.08), 43평(142.15), 45평(149.16)",
            "last_sales":"2021-08-14,80000.0,45평(149.16)",
            "rank_history":[
                [
                    "202203",
                    53
                ],
                [
                    "202202",
                    79
                ],
                [
                    "202201",
                    76
                ]
            ],
            "rank_gap":26
        },
        {
            "index":359,
            "아파트명":"아름마을인창래미안",
            "투자타입":"일반",
            "전용면적(m2)":"78.02",
            "전용면적(평)":"23평",
            "법정동주소":"경기도 구리시 인창동 487-1",
            "도로명주소":"경기도 구리시 동구릉로85번길 63",
            "세대수":80,
            "입주년차":20,
            "용적률점수":"--",
            "건폐율점수":"--",
            "세대당주차수":30,
            "난방방식":30,
            "공급면적":"--",
            "전용률":"--",
            "욕실수":50,
            "현관타입":100,
            "주거총점":54.5,
            "지역구공급총점":100.0,
            "역세권":50,
            "30분내 이동가능 거점":0,
            "1시간내 이동가능 거점":10,
            "교통총점":27.0,
            "백화점":100,
            "아울렛몰":100,
            "대형마트":0,
            "은행":0,
            "병원":60,
            "종합병원":100,
            "공원":100,
            "혐오시설":0,
            "인프라총점":69.0,
            "초등학군":89.99,
            "중학군":49.54,
            "학군총점":57.63,
            "인구수":21.77,
            "인구증감":-17.55,
            "인구총점":9.974,
            "일자리":9.04,
            "소득수준":50.88,
            "일자리총점":21.592,
            "가치 총점":49.6945,
            "매매실거래년":20211130.0,
            "매매실거래가":74400.0,
            "전세실거래년":20211231.0,
            "전세실거래가":21000.0,
            "전세가율":33.23,
            "장기전세가율평균":68.39,
            "전세가율거품지수":35.16,
            "검색코드":4568,
            "세대수":816.0,
            "준공년월":"2000-10-30",
            "준공년차":23.0,
            "가까운역이름":"구리도매시장 (2023년 예정)",
            "가까운역거리":557.39,
            "역세권여부":"준역세권",
            "30분이내주요거점역":0,
            "30분거점역이름":"[]",
            "1시간이내주요거점역":1,
            "1시간거점역이름":"['잠실']",
            "3km이내백화점수":1,
            "5km이내아울렛몰수":2,
            "1km이내대형먀트수":0,
            "500m이내은행수":1,
            "500m이내병원수":20,
            "5km이내대형병원수":4,
            "500m이내공원수":4,
            "3km이내혐오시설수":0,
            "초등학교학업성취도":89.99,
            "중학교학업성취도":82.1,
            "용적률":0,
            "건폐율":0,
            "Y":37.610869,
            "X":127.131678,
            "rank":54.0,
            "area_info":"23평(78.02), 24평(79.41), 33평(110.5), 34평(112.47), 34평(112.52)",
            "last_sales":"2021-11-30,74400.0,33평(110.5)",
            "rank_history":[
                [
                    "202203",
                    54
                ],
                [
                    "202202",
                    66
                ],
                [
                    "202201",
                    58
                ]
            ],
            "rank_gap":12
        },
        {
            "index":125,
            "아파트명":"구리신성미소지움",
            "투자타입":"일반",
            "전용면적(m2)":"109.45",
            "전용면적(평)":"33평",
            "법정동주소":"경기도 구리시 수택동 448-6",
            "도로명주소":"경기도 구리시 이문안로 81",
            "세대수":0,
            "입주년차":40,
            "용적률점수":"--",
            "건폐율점수":"--",
            "세대당주차수":30,
            "난방방식":30,
            "공급면적":"--",
            "전용률":"--",
            "욕실수":100,
            "현관타입":100,
            "주거총점":35.5,
            "지역구공급총점":100.0,
            "역세권":50,
            "30분내 이동가능 거점":0,
            "1시간내 이동가능 거점":10,
            "교통총점":27.0,
            "백화점":100,
            "아울렛몰":100,
            "대형마트":80,
            "은행":0,
            "병원":80,
            "종합병원":100,
            "공원":100,
            "혐오시설":0,
            "인프라총점":83.0,
            "초등학군":89.99,
            "중학군":44.76,
            "학군총점":53.806,
            "인구수":21.77,
            "인구증감":-17.55,
            "인구총점":9.974,
            "일자리":9.04,
            "소득수준":50.88,
            "일자리총점":21.592,
            "가치 총점":49.5209,
            "매매실거래년":20210724.0,
            "매매실거래가":65500.0,
            "전세실거래년":20211029.0,
            "전세실거래가":50000.0,
            "전세가율":76.34,
            "장기전세가율평균":68.39,
            "전세가율거품지수":-7.95,
            "검색코드":26536,
            "세대수":90.0,
            "준공년월":"2007-03-09",
            "준공년차":16.0,
            "가까운역이름":"토평 (2023년 예정)",
            "가까운역거리":659.68,
            "역세권여부":"준역세권",
            "30분이내주요거점역":0,
            "30분거점역이름":"[]",
            "1시간이내주요거점역":1,
            "1시간거점역이름":"['잠실']",
            "3km이내백화점수":1,
            "5km이내아울렛몰수":2,
            "1km이내대형먀트수":1,
            "500m이내은행수":1,
            "500m이내병원수":44,
            "5km이내대형병원수":5,
            "500m이내공원수":6,
            "3km이내혐오시설수":0,
            "초등학교학업성취도":89.99,
            "중학교학업성취도":74.6,
            "용적률":249,
            "건폐율":28,
            "Y":37.592526,
            "X":127.140508,
            "rank":55.0,
            "area_info":"33평(109.45), 33평(109.39)",
            "last_sales":"2021-07-24,65500.0,33평(109.45)",
            "rank_history":[
                [
                    "202203",
                    55
                ],
                [
                    "202202",
                    9999
                ]
            ],
            "rank_gap":9999
        },
        {
            "index":283,
            "아파트명":"구리인창동문굿모닝힐2차",
            "투자타입":"일반",
            "전용면적(m2)":"94.93",
            "전용면적(평)":"28평",
            "법정동주소":"경기도 구리시 인창동 706",
            "도로명주소":"경기도 구리시 동구릉로53번길 17",
            "세대수":0,
            "입주년차":40,
            "용적률점수":"--",
            "건폐율점수":"--",
            "세대당주차수":30,
            "난방방식":30,
            "공급면적":"--",
            "전용률":"--",
            "욕실수":100,
            "현관타입":100,
            "주거총점":35.5,
            "지역구공급총점":100.0,
            "역세권":50,
            "30분내 이동가능 거점":0,
            "1시간내 이동가능 거점":10,
            "교통총점":27.0,
            "백화점":100,
            "아울렛몰":100,
            "대형마트":80,
            "은행":0,
            "병원":60,
            "종합병원":100,
            "공원":100,
            "혐오시설":0,
            "인프라총점":81.0,
            "초등학군":89.99,
            "중학군":49.54,
            "학군총점":57.63,
            "인구수":21.77,
            "인구증감":-17.55,
            "인구총점":9.974,
            "일자리":9.04,
            "소득수준":50.88,
            "일자리총점":21.592,
            "가치 총점":49.4945,
            "매매실거래년":20210925.0,
            "매매실거래가":72500.0,
            "전세실거래년":20211027.0,
            "전세실거래가":31500.0,
            "전세가율":43.45,
            "장기전세가율평균":68.39,
            "전세가율거품지수":24.94,
            "검색코드":22545,
            "세대수":209.0,
            "준공년월":"2007-01-05",
            "준공년차":16.0,
            "가까운역이름":"구리도매시장 (2023년 예정)",
            "가까운역거리":741.47,
            "역세권여부":"준역세권",
            "30분이내주요거점역":0,
            "30분거점역이름":"[]",
            "1시간이내주요거점역":1,
            "1시간거점역이름":"['잠실']",
            "3km이내백화점수":1,
            "5km이내아울렛몰수":2,
            "1km이내대형먀트수":1,
            "500m이내은행수":1,
            "500m이내병원수":23,
            "5km이내대형병원수":4,
            "500m이내공원수":6,
            "3km이내혐오시설수":0,
            "초등학교학업성취도":89.99,
            "중학교학업성취도":82.1,
            "용적률":279,
            "건폐율":24,
            "Y":37.605356,
            "X":127.132976,
            "rank":56.0,
            "area_info":"28평(94.93), 32평(108.57)",
            "last_sales":"2021-09-25,72500.0,28평(94.93)",
            "rank_history":[
                [
                    "202203",
                    56
                ],
                [
                    "202202",
                    21
                ],
                [
                    "202201",
                    20
                ]
            ],
            "rank_gap":-35
        },
        {
            "index":371,
            "아파트명":"우방아이유쉘",
            "투자타입":"일반",
            "전용면적(m2)":"104.77",
            "전용면적(평)":"31평",
            "법정동주소":"경기도 구리시 인창동 480",
            "도로명주소":"경기도 구리시 동구릉로159번길 30",
            "세대수":0,
            "입주년차":20,
            "용적률점수":"--",
            "건폐율점수":"--",
            "세대당주차수":0,
            "난방방식":30,
            "공급면적":"--",
            "전용률":"--",
            "욕실수":100,
            "현관타입":100,
            "주거총점":27.0,
            "지역구공급총점":100.0,
            "역세권":80,
            "30분내 이동가능 거점":0,
            "1시간내 이동가능 거점":10,
            "교통총점":42.0,
            "백화점":100,
            "아울렛몰":100,
            "대형마트":0,
            "은행":0,
            "병원":60,
            "종합병원":100,
            "공원":100,
            "혐오시설":0,
            "인프라총점":69.0,
            "초등학군":89.99,
            "중학군":49.54,
            "학군총점":57.63,
            "인구수":21.77,
            "인구증감":-17.55,
            "인구총점":9.974,
            "일자리":9.04,
            "소득수준":50.88,
            "일자리총점":21.592,
            "가치 총점":49.4445,
            "매매실거래년":20220108.0,
            "매매실거래가":64000.0,
            "전세실거래년":20211207.0,
            "전세실거래가":45000.0,
            "전세가율":70.31,
            "장기전세가율평균":68.39,
            "전세가율거품지수":-1.92,
            "검색코드":8763,
            "세대수":119.0,
            "준공년월":"2001-12-27",
            "준공년차":22.0,
            "가까운역이름":"구리도매시장 (2023년 예정)",
            "가까운역거리":321.51,
            "역세권여부":"역세권",
            "30분이내주요거점역":0,
            "30분거점역이름":"[]",
            "1시간이내주요거점역":1,
            "1시간거점역이름":"['잠실']",
            "3km이내백화점수":1,
            "5km이내아울렛몰수":2,
            "1km이내대형먀트수":0,
            "500m이내은행수":1,
            "500m이내병원수":13,
            "5km이내대형병원수":4,
            "500m이내공원수":6,
            "3km이내혐오시설수":0,
            "초등학교학업성취도":89.99,
            "중학교학업성취도":82.1,
            "용적률":338,
            "건폐율":26,
            "Y":37.61298,
            "X":127.13575,
            "rank":57.0,
            "area_info":"31평(104.77), 31평(104.69)",
            "last_sales":"2022-01-08,64000.0,31평(104.77)",
            "rank_history":[
                [
                    "202203",
                    57
                ],
                [
                    "202202",
                    81
                ],
                [
                    "202201",
                    83
                ]
            ],
            "rank_gap":24
        },
        {
            "index":426,
            "아파트명":"정은스카이빌",
            "투자타입":"일반",
            "전용면적(m2)":"90.7",
            "전용면적(평)":"27평",
            "법정동주소":"경기도 구리시 인창동 710",
            "도로명주소":"경기도 구리시 응달말로52번길 10",
            "세대수":0,
            "입주년차":40,
            "용적률점수":"--",
            "건폐율점수":"--",
            "세대당주차수":0,
            "난방방식":30,
            "공급면적":"--",
            "전용률":"--",
            "욕실수":100,
            "현관타입":100,
            "주거총점":31.0,
            "지역구공급총점":100.0,
            "역세권":50,
            "30분내 이동가능 거점":0,
            "1시간내 이동가능 거점":10,
            "교통총점":27.0,
            "백화점":100,
            "아울렛몰":100,
            "대형마트":80,
            "은행":0,
            "병원":80,
            "종합병원":100,
            "공원":100,
            "혐오시설":0,
            "인프라총점":83.0,
            "초등학군":89.99,
            "중학군":49.54,
            "학군총점":57.63,
            "인구수":21.77,
            "인구증감":-17.55,
            "인구총점":9.974,
            "일자리":9.04,
            "소득수준":50.88,
            "일자리총점":21.592,
            "가치 총점":49.1945,
            "매매실거래년":20210825.0,
            "매매실거래가":63000.0,
            "전세실거래년":20141002.0,
            "전세실거래가":20200.0,
            "전세가율":50.88,
            "장기전세가율평균":68.39,
            "전세가율거품지수":17.51,
            "검색코드":27041,
            "세대수":89.0,
            "준공년월":"2008-08-19",
            "준공년차":15.0,
            "가까운역이름":"구리도매시장 (2023년 예정)",
            "가까운역거리":707.67,
            "역세권여부":"준역세권",
            "30분이내주요거점역":0,
            "30분거점역이름":"[]",
            "1시간이내주요거점역":1,
            "1시간거점역이름":"['잠실']",
            "3km이내백화점수":1,
            "5km이내아울렛몰수":2,
            "1km이내대형먀트수":1,
            "500m이내은행수":1,
            "500m이내병원수":38,
            "5km이내대형병원수":4,
            "500m이내공원수":7,
            "3km이내혐오시설수":0,
            "초등학교학업성취도":89.99,
            "중학교학업성취도":82.1,
            "용적률":249,
            "건폐율":24,
            "Y":37.604847,
            "X":127.134862,
            "rank":58.0,
            "area_info":"27평(90.7), 32평(106.7), 32평(108.54), 33평(109.61), 33평(109.24)",
            "last_sales":"2021-08-25,63000.0,33평(109.24)",
            "rank_history":[
                [
                    "202203",
                    58
                ],
                [
                    "202202",
                    9999
                ]
            ],
            "rank_gap":9999
        },
        {
            "index":482,
            "아파트명":"한진",
            "투자타입":"일반",
            "전용면적(m2)":"80.79",
            "전용면적(평)":"24평",
            "법정동주소":"경기도 구리시 인창동 29",
            "도로명주소":"경기도 구리시 동구릉로238번길 20",
            "세대수":90,
            "입주년차":20,
            "용적률점수":"--",
            "건폐율점수":"--",
            "세대당주차수":30,
            "난방방식":30,
            "공급면적":"--",
            "전용률":"--",
            "욕실수":50,
            "현관타입":100,
            "주거총점":58.0,
            "지역구공급총점":100.0,
            "역세권":50,
            "30분내 이동가능 거점":0,
            "1시간내 이동가능 거점":10,
            "교통총점":27.0,
            "백화점":100,
            "아울렛몰":100,
            "대형마트":0,
            "은행":0,
            "병원":10,
            "종합병원":100,
            "공원":80,
            "혐오시설":0,
            "인프라총점":63.4,
            "초등학군":90.0,
            "중학군":49.54,
            "학군총점":57.632,
            "인구수":21.77,
            "인구증감":-17.55,
            "인구총점":9.974,
            "일자리":9.04,
            "소득수준":50.88,
            "일자리총점":21.592,
            "가치 총점":48.7148,
            "매매실거래년":20220120.0,
            "매매실거래가":52000.0,
            "전세실거래년":20220209.0,
            "전세실거래가":23100.0,
            "전세가율":44.42,
            "장기전세가율평균":68.39,
            "전세가율거품지수":23.97,
            "검색코드":3573,
            "세대수":953.0,
            "준공년월":"2002-01-10",
            "준공년차":21.0,
            "가까운역이름":"다산 (2023년 예정)",
            "가까운역거리":919.93,
            "역세권여부":"준역세권",
            "30분이내주요거점역":0,
            "30분거점역이름":"[]",
            "1시간이내주요거점역":1,
            "1시간거점역이름":"['잠실']",
            "3km이내백화점수":1,
            "5km이내아울렛몰수":2,
            "1km이내대형먀트수":0,
            "500m이내은행수":0,
            "500m이내병원수":2,
            "5km이내대형병원수":3,
            "500m이내공원수":1,
            "3km이내혐오시설수":0,
            "초등학교학업성취도":90.0,
            "중학교학업성취도":82.1,
            "용적률":334,
            "건폐율":21,
            "Y":37.618446,
            "X":127.142566,
            "rank":59.0,
            "area_info":"24평(80.79), 32평(108.67)",
            "last_sales":"2022-01-20,52000.0,24평(80.79)",
            "rank_history":[
                [
                    "202203",
                    59
                ],
                [
                    "202202",
                    74
                ],
                [
                    "202201",
                    67
                ]
            ],
            "rank_gap":15
        },
        {
            "index":215,
            "아파트명":"율촌마을무학",
            "투자타입":"일반",
            "전용면적(m2)":"78.55",
            "전용면적(평)":"23평",
            "법정동주소":"경기도 구리시 수택동 469-1",
            "도로명주소":"경기도 구리시 원수택로64번길 10",
            "세대수":0,
            "입주년차":40,
            "용적률점수":"--",
            "건폐율점수":"--",
            "세대당주차수":30,
            "난방방식":30,
            "공급면적":"--",
            "전용률":"--",
            "욕실수":100,
            "현관타입":100,
            "주거총점":35.5,
            "지역구공급총점":100.0,
            "역세권":50,
            "30분내 이동가능 거점":0,
            "1시간내 이동가능 거점":0,
            "교통총점":25.0,
            "백화점":100,
            "아울렛몰":100,
            "대형마트":80,
            "은행":0,
            "병원":80,
            "종합병원":100,
            "공원":100,
            "혐오시설":0,
            "인프라총점":83.0,
            "초등학군":90.01,
            "중학군":43.18,
            "학군총점":52.546,
            "인구수":21.77,
            "인구증감":-17.55,
            "인구총점":9.974,
            "일자리":9.04,
            "소득수준":50.88,
            "일자리총점":21.592,
            "가치 총점":48.6319,
            "매매실거래년":20211228.0,
            "매매실거래가":70800.0,
            "전세실거래년":20131216.0,
            "전세실거래가":16000.0,
            "전세가율":25.2,
            "장기전세가율평균":68.39,
            "전세가율거품지수":43.19,
            "검색코드":27470,
            "세대수":56.0,
            "준공년월":"2007-01-16",
            "준공년차":16.0,
            "가까운역이름":"구리",
            "가까운역거리":728.6,
            "역세권여부":"준역세권",
            "30분이내주요거점역":0,
            "30분거점역이름":"[]",
            "1시간이내주요거점역":0,
            "1시간거점역이름":"[]",
            "3km이내백화점수":1,
            "5km이내아울렛몰수":2,
            "1km이내대형먀트수":1,
            "500m이내은행수":1,
            "500m이내병원수":59,
            "5km이내대형병원수":4,
            "500m이내공원수":8,
            "3km이내혐오시설수":0,
            "초등학교학업성취도":90.01,
            "중학교학업성취도":70.9,
            "용적률":249,
            "건폐율":39,
            "Y":37.596757,
            "X":127.142453,
            "rank":60.0,
            "area_info":"23평(78.55), 23평(78.55), 23평(79.15), 31평(105.58)",
            "last_sales":"2021-12-28,70800.0,31평(105.58)",
            "rank_history":[
                [
                    "202203",
                    60
                ],
                [
                    "202202",
                    9999
                ]
            ],
            "rank_gap":9999
        },
        {
            "index":497,
            "아파트명":"유진스웰",
            "투자타입":"일반",
            "전용면적(m2)":"114.59",
            "전용면적(평)":"34평",
            "법정동주소":"경기도 구리시 토평동 269-1",
            "도로명주소":"경기도 구리시 벌말로 129",
            "세대수":0,
            "입주년차":60,
            "용적률점수":"--",
            "건폐율점수":"--",
            "세대당주차수":30,
            "난방방식":30,
            "공급면적":"--",
            "전용률":"--",
            "욕실수":100,
            "현관타입":100,
            "주거총점":39.5,
            "지역구공급총점":100.0,
            "역세권":50,
            "30분내 이동가능 거점":0,
            "1시간내 이동가능 거점":10,
            "교통총점":27.0,
            "백화점":100,
            "아울렛몰":100,
            "대형마트":80,
            "은행":0,
            "병원":30,
            "종합병원":100,
            "공원":100,
            "혐오시설":0,
            "인프라총점":78.0,
            "초등학군":89.99,
            "중학군":43.18,
            "학군총점":52.542,
            "인구수":21.77,
            "인구증감":-17.55,
            "인구총점":9.974,
            "일자리":9.04,
            "소득수준":50.88,
            "일자리총점":21.592,
            "가치 총점":48.6313,
            "매매실거래년":20210911.0,
            "매매실거래가":65000.0,
            "전세실거래년":20220112.0,
            "전세실거래가":50000.0,
            "전세가율":76.92,
            "장기전세가율평균":68.39,
            "전세가율거품지수":-8.53,
            "검색코드":27562,
            "세대수":85.0,
            "준공년월":"2009-06-03",
            "준공년차":14.0,
            "가까운역이름":"토평 (2023년 예정)",
            "가까운역거리":892.99,
            "역세권여부":"준역세권",
            "30분이내주요거점역":0,
            "30분거점역이름":"[]",
            "1시간이내주요거점역":1,
            "1시간거점역이름":"['잠실']",
            "3km이내백화점수":1,
            "5km이내아울렛몰수":2,
            "1km이내대형먀트수":1,
            "500m이내은행수":0,
            "500m이내병원수":6,
            "5km이내대형병원수":3,
            "500m이내공원수":8,
            "3km이내혐오시설수":0,
            "초등학교학업성취도":89.99,
            "중학교학업성취도":70.9,
            "용적률":229,
            "건폐율":18,
            "Y":37.587777,
            "X":127.147968,
            "rank":61.0,
            "area_info":"34평(114.59), 40평(135.26)",
            "last_sales":"2021-09-11,65000.0,34평(114.59)",
            "rank_history":[
                [
                    "202203",
                    61
                ],
                [
                    "202202",
                    9999
                ]
            ],
            "rank_gap":9999
        },
        {
            "index":285,
            "아파트명":"다우림",
            "투자타입":"일반",
            "전용면적(m2)":"104.62",
            "전용면적(평)":"31평",
            "법정동주소":"경기도 구리시 인창동 704",
            "도로명주소":"경기도 구리시 동구릉로53번길 103",
            "세대수":0,
            "입주년차":40,
            "용적률점수":"--",
            "건폐율점수":"--",
            "세대당주차수":0,
            "난방방식":30,
            "공급면적":"--",
            "전용률":"--",
            "욕실수":100,
            "현관타입":100,
            "주거총점":31.0,
            "지역구공급총점":100.0,
            "역세권":50,
            "30분내 이동가능 거점":0,
            "1시간내 이동가능 거점":10,
            "교통총점":27.0,
            "백화점":100,
            "아울렛몰":100,
            "대형마트":80,
            "은행":0,
            "병원":60,
            "종합병원":100,
            "공원":100,
            "혐오시설":0,
            "인프라총점":81.0,
            "초등학군":89.99,
            "중학군":49.54,
            "학군총점":57.63,
            "인구수":21.77,
            "인구증감":-17.55,
            "인구총점":9.974,
            "일자리":9.04,
            "소득수준":50.88,
            "일자리총점":21.592,
            "가치 총점":48.5945,
            "매매실거래년":20210904.0,
            "매매실거래가":58500.0,
            "전세실거래년":20210907.0,
            "전세실거래가":42000.0,
            "전세가율":71.79,
            "장기전세가율평균":68.39,
            "전세가율거품지수":-3.4,
            "검색코드":26610,
            "세대수":56.0,
            "준공년월":"2006-09-06",
            "준공년차":17.0,
            "가까운역이름":"구리도매시장 (2023년 예정)",
            "가까운역거리":692.51,
            "역세권여부":"준역세권",
            "30분이내주요거점역":0,
            "30분거점역이름":"[]",
            "1시간이내주요거점역":1,
            "1시간거점역이름":"['잠실']",
            "3km이내백화점수":1,
            "5km이내아울렛몰수":2,
            "1km이내대형먀트수":1,
            "500m이내은행수":1,
            "500m이내병원수":20,
            "5km이내대형병원수":5,
            "500m이내공원수":5,
            "3km이내혐오시설수":0,
            "초등학교학업성취도":89.99,
            "중학교학업성취도":82.1,
            "용적률":246,
            "건폐율":22,
            "Y":37.608932,
            "X":127.130466,
            "rank":62.0,
            "area_info":"31평(104.62)",
            "last_sales":"2021-09-04,58500.0,31평(104.62)",
            "rank_history":[
                [
                    "202203",
                    62
                ],
                [
                    "202202",
                    9999
                ]
            ],
            "rank_gap":9999
        },
        {
            "index":167,
            "아파트명":"수택성원상떼빌",
            "투자타입":"일반",
            "전용면적(m2)":"42.24",
            "전용면적(평)":"12평",
            "법정동주소":"경기도 구리시 수택동 482-2",
            "도로명주소":"경기도 구리시 원수택로64번길 9",
            "세대수":0,
            "입주년차":40,
            "용적률점수":"--",
            "건폐율점수":"--",
            "세대당주차수":30,
            "난방방식":30,
            "공급면적":"--",
            "전용률":"--",
            "욕실수":50,
            "현관타입":100,
            "주거총점":30.5,
            "지역구공급총점":100.0,
            "역세권":50,
            "30분내 이동가능 거점":0,
            "1시간내 이동가능 거점":0,
            "교통총점":25.0,
            "백화점":100,
            "아울렛몰":100,
            "대형마트":80,
            "은행":0,
            "병원":100,
            "종합병원":100,
            "공원":100,
            "혐오시설":0,
            "인프라총점":85.0,
            "초등학군":90.01,
            "중학군":43.18,
            "학군총점":52.546,
            "인구수":21.77,
            "인구증감":-17.55,
            "인구총점":9.974,
            "일자리":9.04,
            "소득수준":50.88,
            "일자리총점":21.592,
            "가치 총점":48.2319,
            "매매실거래년":20210904.0,
            "매매실거래가":59000.0,
            "전세실거래년":null,
            "전세실거래가":null,
            "전세가율":null,
            "장기전세가율평균":68.39,
            "전세가율거품지수":null,
            "검색코드":18944,
            "세대수":182.0,
            "준공년월":"2006-10-31",
            "준공년차":17.0,
            "가까운역이름":"구리",
            "가까운역거리":685.51,
            "역세권여부":"준역세권",
            "30분이내주요거점역":0,
            "30분거점역이름":"[]",
            "1시간이내주요거점역":0,
            "1시간거점역이름":"[]",
            "3km이내백화점수":1,
            "5km이내아울렛몰수":2,
            "1km이내대형먀트수":1,
            "500m이내은행수":1,
            "500m이내병원수":70,
            "5km이내대형병원수":3,
            "500m이내공원수":9,
            "3km이내혐오시설수":0,
            "초등학교학업성취도":90.01,
            "중학교학업성취도":70.9,
            "용적률":647,
            "건폐율":73,
            "Y":37.597112,
            "X":127.143003,
            "rank":63.0,
            "area_info":"12평(42.24), 13평(43.6), 16평(55.95), 17평(56.41), 17평(57.03), 17평(57.23), 20평(68.78), 20평(69.13), 21평(69.6), 20평(69.22), 22평(72.91), 23평(76.38), 23평(78.79), 24평(79.88), 25평(82.87), 27평(89.6), 27평(92.31), 27평(92.3), 31평(102.58), 31평(104.63), 35평(116.43), 35평(117.9)",
            "last_sales":"2021-09-04,59000.0,35평(117.9)",
            "rank_history":[
                [
                    "202203",
                    63
                ],
                [
                    "202202",
                    23
                ],
                [
                    "202201",
                    30
                ]
            ],
            "rank_gap":-40
        },
        {
            "index":377,
            "아파트명":"이건필그린",
            "투자타입":"일반",
            "전용면적(m2)":"67.84",
            "전용면적(평)":"20평",
            "법정동주소":"경기도 구리시 인창동 640-12",
            "도로명주소":"경기도 구리시 인창2로 59",
            "세대수":0,
            "입주년차":20,
            "용적률점수":"--",
            "건폐율점수":"--",
            "세대당주차수":0,
            "난방방식":30,
            "공급면적":"--",
            "전용률":"--",
            "욕실수":100,
            "현관타입":100,
            "주거총점":27.0,
            "지역구공급총점":100.0,
            "역세권":50,
            "30분내 이동가능 거점":0,
            "1시간내 이동가능 거점":10,
            "교통총점":27.0,
            "백화점":100,
            "아울렛몰":100,
            "대형마트":80,
            "은행":0,
            "병원":60,
            "종합병원":100,
            "공원":100,
            "혐오시설":0,
            "인프라총점":81.0,
            "초등학군":89.99,
            "중학군":49.54,
            "학군총점":57.63,
            "인구수":21.77,
            "인구증감":-17.55,
            "인구총점":9.974,
            "일자리":9.04,
            "소득수준":50.88,
            "일자리총점":21.592,
            "가치 총점":47.7945,
            "매매실거래년":20210414.0,
            "매매실거래가":29300.0,
            "전세실거래년":20211112.0,
            "전세실거래가":20000.0,
            "전세가율":81.63,
            "장기전세가율평균":68.39,
            "전세가율거품지수":-13.24,
            "검색코드":103826,
            "세대수":141.0,
            "준공년월":"2002-08-10",
            "준공년차":21.0,
            "가까운역이름":"구리도매시장 (2023년 예정)",
            "가까운역거리":816.86,
            "역세권여부":"준역세권",
            "30분이내주요거점역":0,
            "30분거점역이름":"[]",
            "1시간이내주요거점역":1,
            "1시간거점역이름":"['잠실']",
            "3km이내백화점수":1,
            "5km이내아울렛몰수":2,
            "1km이내대형먀트수":1,
            "500m이내은행수":1,
            "500m이내병원수":19,
            "5km이내대형병원수":5,
            "500m이내공원수":5,
            "3km이내혐오시설수":0,
            "초등학교학업성취도":89.99,
            "중학교학업성취도":82.1,
            "용적률":0,
            "건폐율":0,
            "Y":37.607305,
            "X":127.129782,
            "rank":64.0,
            "area_info":"20평(67.84), 21평(71.19), 21평(71.25), 21평(72.17), 21평(72.45), 22평(72.76), 22평(73.65), 22평(74.76), 23평(78.68), 23평(78.73), 23평(79.01)",
            "last_sales":"2021-04-14,29300.0,22평(74.76)",
            "rank_history":[
                [
                    "202203",
                    64
                ],
                [
                    "202202",
                    72
                ],
                [
                    "202201",
                    65
                ]
            ],
            "rank_gap":8
        },
        {
            "index":158,
            "아파트명":"반석블레스",
            "투자타입":"일반",
            "전용면적(m2)":"70.69",
            "전용면적(평)":"21평",
            "법정동주소":"경기도 구리시 수택동 471",
            "도로명주소":"경기도 구리시 원수택로64번길 14",
            "세대수":0,
            "입주년차":40,
            "용적률점수":"--",
            "건폐율점수":"--",
            "세대당주차수":0,
            "난방방식":30,
            "공급면적":"--",
            "전용률":"--",
            "욕실수":100,
            "현관타입":100,
            "주거총점":31.0,
            "지역구공급총점":100.0,
            "역세권":50,
            "30분내 이동가능 거점":0,
            "1시간내 이동가능 거점":0,
            "교통총점":25.0,
            "백화점":100,
            "아울렛몰":100,
            "대형마트":80,
            "은행":0,
            "병원":80,
            "종합병원":100,
            "공원":100,
            "혐오시설":0,
            "인프라총점":83.0,
            "초등학군":89.99,
            "중학군":43.18,
            "학군총점":52.542,
            "인구수":21.77,
            "인구증감":-17.55,
            "인구총점":9.974,
            "일자리":9.04,
            "소득수준":50.88,
            "일자리총점":21.592,
            "가치 총점":47.7313,
            "매매실거래년":20210512.0,
            "매매실거래가":50000.0,
            "전세실거래년":null,
            "전세실거래가":null,
            "전세가율":null,
            "장기전세가율평균":68.39,
            "전세가율거품지수":null,
            "검색코드":100398,
            "세대수":80.0,
            "준공년월":"2008-06-09",
            "준공년차":15.0,
            "가까운역이름":"구리",
            "가까운역거리":767.54,
            "역세권여부":"준역세권",
            "30분이내주요거점역":0,
            "30분거점역이름":"[]",
            "1시간이내주요거점역":0,
            "1시간거점역이름":"[]",
            "3km이내백화점수":1,
            "5km이내아울렛몰수":2,
            "1km이내대형먀트수":1,
            "500m이내은행수":1,
            "500m이내병원수":59,
            "5km이내대형병원수":4,
            "500m이내공원수":7,
            "3km이내혐오시설수":0,
            "초등학교학업성취도":89.99,
            "중학교학업성취도":70.9,
            "용적률":249,
            "건폐율":36,
            "Y":37.596381,
            "X":127.142819,
            "rank":65.0,
            "area_info":"21평(70.69), 31평(104.96), 32평(106.51)",
            "last_sales":"2021-05-12,50000.0,32평(106.51)",
            "rank_history":[
                [
                    "202203",
                    65
                ],
                [
                    "202202",
                    9999
                ]
            ],
            "rank_gap":9999
        },
        {
            "index":351,
            "아파트명":"아름마을성원1차",
            "투자타입":"일반",
            "전용면적(m2)":"85.28",
            "전용면적(평)":"25평",
            "법정동주소":"경기도 구리시 인창동 528-1",
            "도로명주소":"경기도 구리시 동구릉로53번길 87",
            "세대수":0,
            "입주년차":20,
            "용적률점수":"--",
            "건폐율점수":"--",
            "세대당주차수":30,
            "난방방식":30,
            "공급면적":"--",
            "전용률":"--",
            "욕실수":50,
            "현관타입":100,
            "주거총점":26.5,
            "지역구공급총점":100.0,
            "역세권":50,
            "30분내 이동가능 거점":0,
            "1시간내 이동가능 거점":10,
            "교통총점":27.0,
            "백화점":100,
            "아울렛몰":100,
            "대형마트":80,
            "은행":0,
            "병원":60,
            "종합병원":100,
            "공원":100,
            "혐오시설":0,
            "인프라총점":81.0,
            "초등학군":89.99,
            "중학군":49.54,
            "학군총점":57.63,
            "인구수":21.77,
            "인구증감":-17.55,
            "인구총점":9.974,
            "일자리":9.04,
            "소득수준":50.88,
            "일자리총점":21.592,
            "가치 총점":47.6945,
            "매매실거래년":20210711.0,
            "매매실거래가":54000.0,
            "전세실거래년":20210825.0,
            "전세실거래가":25100.0,
            "전세가율":54.68,
            "장기전세가율평균":68.39,
            "전세가율거품지수":13.71,
            "검색코드":4562,
            "세대수":190.0,
            "준공년월":"1999-07-30",
            "준공년차":24.0,
            "가까운역이름":"구리도매시장 (2023년 예정)",
            "가까운역거리":626.77,
            "역세권여부":"준역세권",
            "30분이내주요거점역":0,
            "30분거점역이름":"[]",
            "1시간이내주요거점역":1,
            "1시간거점역이름":"['잠실']",
            "3km이내백화점수":1,
            "5km이내아울렛몰수":2,
            "1km이내대형먀트수":1,
            "500m이내은행수":1,
            "500m이내병원수":21,
            "5km이내대형병원수":5,
            "500m이내공원수":5,
            "3km이내혐오시설수":0,
            "초등학교학업성취도":89.99,
            "중학교학업성취도":82.1,
            "용적률":317,
            "건폐율":21,
            "Y":37.608678,
            "X":127.131363,
            "rank":66.0,
            "area_info":"25평(85.28), 33평(109.95)",
            "last_sales":"2021-07-11,54000.0,33평(109.95)",
            "rank_history":[
                [
                    "202203",
                    66
                ],
                [
                    "202202",
                    69
                ],
                [
                    "202201",
                    63
                ]
            ],
            "rank_gap":3
        },
        {
            "index":319,
            "아파트명":"성림",
            "투자타입":"재건축",
            "전용면적(m2)":"79.87",
            "전용면적(평)":"24평",
            "법정동주소":"경기도 구리시 인창동 292-1",
            "도로명주소":"경기도 구리시 경춘로 205-1",
            "세대수":0,
            "입주년차":"--",
            "용적률점수":0,
            "건폐율점수":0,
            "세대당주차수":"--",
            "난방방식":"--",
            "공급면적":50,
            "전용률":60,
            "욕실수":"--",
            "현관타입":"--",
            "주거총점":5.5,
            "지역구공급총점":100.0,
            "역세권":50,
            "30분내 이동가능 거점":0,
            "1시간내 이동가능 거점":10,
            "교통총점":27.0,
            "백화점":100,
            "아울렛몰":100,
            "대형마트":80,
            "은행":100,
            "병원":100,
            "종합병원":100,
            "공원":100,
            "혐오시설":0,
            "인프라총점":95.0,
            "초등학군":90.01,
            "중학군":46.98,
            "학군총점":55.586,
            "인구수":21.77,
            "인구증감":-17.55,
            "인구총점":9.974,
            "일자리":9.04,
            "소득수준":50.88,
            "일자리총점":21.592,
            "가치 총점":47.3879,
            "매매실거래년":"18000101",
            "매매실거래가":null,
            "전세실거래년":null,
            "전세실거래가":null,
            "전세가율":null,
            "장기전세가율평균":68.39,
            "전세가율거품지수":null,
            "검색코드":14658,
            "세대수":99.0,
            "준공년월":"1986-11-10",
            "준공년차":37.0,
            "가까운역이름":"구리",
            "가까운역거리":521.41,
            "역세권여부":"준역세권",
            "30분이내주요거점역":0,
            "30분거점역이름":"[]",
            "1시간이내주요거점역":1,
            "1시간거점역이름":"['을지로3가']",
            "3km이내백화점수":1,
            "5km이내아울렛몰수":2,
            "1km이내대형먀트수":1,
            "500m이내은행수":5,
            "500m이내병원수":117,
            "5km이내대형병원수":4,
            "500m이내공원수":5,
            "3km이내혐오시설수":0,
            "초등학교학업성취도":90.01,
            "중학교학업성취도":77.9,
            "용적률":0,
            "건폐율":0,
            "Y":37.601155,
            "X":127.138069,
            "rank":67.0,
            "area_info":"24평(79.87), 24평(80.98), 26평(88.33)",
            "last_sales":"1800-01-01,nan,24평(79.87)",
            "rank_history":[
                [
                    "202203",
                    67
                ],
                [
                    "202202",
                    9999
                ]
            ],
            "rank_gap":9999
        },
        {
            "index":396,
            "아파트명":"인창4단지주공",
            "투자타입":"일반",
            "전용면적(m2)":"54.56",
            "전용면적(평)":"16평",
            "법정동주소":"경기도 구리시 인창동 666-1",
            "도로명주소":"경기도 구리시 건원대로76번길 134",
            "세대수":90,
            "입주년차":0,
            "용적률점수":"--",
            "건폐율점수":"--",
            "세대당주차수":0,
            "난방방식":30,
            "공급면적":"--",
            "전용률":"--",
            "욕실수":50,
            "현관타입":10,
            "주거총점":40.5,
            "지역구공급총점":100.0,
            "역세권":50,
            "30분내 이동가능 거점":0,
            "1시간내 이동가능 거점":0,
            "교통총점":25.0,
            "백화점":100,
            "아울렛몰":100,
            "대형마트":0,
            "은행":20,
            "병원":80,
            "종합병원":100,
            "공원":100,
            "혐오시설":0,
            "인프라총점":73.0,
            "초등학군":89.99,
            "중학군":46.98,
            "학군총점":55.582,
            "인구수":21.77,
            "인구증감":-17.55,
            "인구총점":9.974,
            "일자리":9.04,
            "소득수준":50.88,
            "일자리총점":21.592,
            "가치 총점":47.0873,
            "매매실거래년":20220224.0,
            "매매실거래가":62000.0,
            "전세실거래년":20211102.0,
            "전세실거래가":20000.0,
            "전세가율":37.38,
            "장기전세가율평균":68.39,
            "전세가율거품지수":31.01,
            "검색코드":1661,
            "세대수":1408.0,
            "준공년월":"1996-06-25",
            "준공년차":27.0,
            "가까운역이름":"구리",
            "가까운역거리":519.09,
            "역세권여부":"준역세권",
            "30분이내주요거점역":0,
            "30분거점역이름":"[]",
            "1시간이내주요거점역":0,
            "1시간거점역이름":"[]",
            "3km이내백화점수":1,
            "5km이내아울렛몰수":2,
            "1km이내대형먀트수":0,
            "500m이내은행수":2,
            "500m이내병원수":34,
            "5km이내대형병원수":3,
            "500m이내공원수":11,
            "3km이내혐오시설수":0,
            "초등학교학업성취도":89.99,
            "중학교학업성취도":77.9,
            "용적률":0,
            "건폐율":0,
            "Y":37.607935,
            "X":127.143106,
            "rank":68.0,
            "area_info":"16평(54.56), 20평(67.39), 23평(79.16), 23평(79.24), 24평(82.24), 25평(82.75), 26평(89.17)",
            "last_sales":"2022-02-24,62000.0,23평(79.16)",
            "rank_history":[
                [
                    "202203",
                    68
                ],
                [
                    "202202",
                    28
                ],
                [
                    "202201",
                    27
                ]
            ],
            "rank_gap":-40
        },
        {
            "index":189,
            "아파트명":"수택주공",
            "투자타입":"일반",
            "전용면적(m2)":"76.48",
            "전용면적(평)":"23평",
            "법정동주소":"경기도 구리시 수택동 549-6",
            "도로명주소":"경기도 구리시 수택천로 60",
            "세대수":50,
            "입주년차":20,
            "용적률점수":"--",
            "건폐율점수":"--",
            "세대당주차수":30,
            "난방방식":30,
            "공급면적":"--",
            "전용률":"--",
            "욕실수":50,
            "현관타입":100,
            "주거총점":44.0,
            "지역구공급총점":100.0,
            "역세권":50,
            "30분내 이동가능 거점":0,
            "1시간내 이동가능 거점":0,
            "교통총점":25.0,
            "백화점":100,
            "아울렛몰":100,
            "대형마트":0,
            "은행":0,
            "병원":60,
            "종합병원":100,
            "공원":100,
            "혐오시설":0,
            "인프라총점":69.0,
            "초등학군":90.01,
            "중학군":48.06,
            "학군총점":56.45,
            "인구수":21.77,
            "인구증감":-17.55,
            "인구총점":9.974,
            "일자리":9.04,
            "소득수준":50.88,
            "일자리총점":21.592,
            "가치 총점":46.7175,
            "매매실거래년":20211108.0,
            "매매실거래가":59000.0,
            "전세실거래년":20220206.0,
            "전세실거래가":35000.0,
            "전세가율":59.32,
            "장기전세가율평균":68.39,
            "전세가율거품지수":9.07,
            "검색코드":8575,
            "세대수":420.0,
            "준공년월":"2000-11-09",
            "준공년차":23.0,
            "가까운역이름":"구리",
            "가까운역거리":704.3,
            "역세권여부":"준역세권",
            "30분이내주요거점역":0,
            "30분거점역이름":"[]",
            "1시간이내주요거점역":0,
            "1시간거점역이름":"[]",
            "3km이내백화점수":1,
            "5km이내아울렛몰수":2,
            "1km이내대형먀트수":0,
            "500m이내은행수":0,
            "500m이내병원수":19,
            "5km이내대형병원수":3,
            "500m이내공원수":5,
            "3km이내혐오시설수":0,
            "초등학교학업성취도":90.01,
            "중학교학업성취도":80.1,
            "용적률":287,
            "건폐율":19,
            "Y":37.598832,
            "X":127.149054,
            "rank":69.0,
            "area_info":"23평(76.48), 32평(108.36), 32평(108.54)",
            "last_sales":"2021-11-08,59000.0,23평(76.48)",
            "rank_history":[
                [
                    "202203",
                    69
                ],
                [
                    "202202",
                    26
                ],
                [
                    "202201",
                    23
                ]
            ],
            "rank_gap":-43
        },
        {
            "index":431,
            "아파트명":"충효",
            "투자타입":"재건축",
            "전용면적(m2)":"59.12",
            "전용면적(평)":"17평",
            "법정동주소":"경기도 구리시 인창동 297-2",
            "도로명주소":"경기도 구리시 경춘로227번길 45",
            "세대수":0,
            "입주년차":"--",
            "용적률점수":0,
            "건폐율점수":0,
            "세대당주차수":"--",
            "난방방식":"--",
            "공급면적":50,
            "전용률":60,
            "욕실수":"--",
            "현관타입":"--",
            "주거총점":5.5,
            "지역구공급총점":100.0,
            "역세권":50,
            "30분내 이동가능 거점":0,
            "1시간내 이동가능 거점":0,
            "교통총점":25.0,
            "백화점":100,
            "아울렛몰":100,
            "대형마트":80,
            "은행":100,
            "병원":100,
            "종합병원":100,
            "공원":100,
            "혐오시설":0,
            "인프라총점":95.0,
            "초등학군":90.01,
            "중학군":46.98,
            "학군총점":55.586,
            "인구수":21.77,
            "인구증감":-17.55,
            "인구총점":9.974,
            "일자리":9.04,
            "소득수준":50.88,
            "일자리총점":21.592,
            "가치 총점":46.6879,
            "매매실거래년":20210916.0,
            "매매실거래가":85300.0,
            "전세실거래년":20200414.0,
            "전세실거래가":12400.0,
            "전세가율":14.54,
            "장기전세가율평균":68.39,
            "전세가율거품지수":53.85,
            "검색코드":9784,
            "세대수":90.0,
            "준공년월":"1989-06-12",
            "준공년차":34.0,
            "가까운역이름":"구리",
            "가까운역거리":507.42,
            "역세권여부":"준역세권",
            "30분이내주요거점역":0,
            "30분거점역이름":"[]",
            "1시간이내주요거점역":0,
            "1시간거점역이름":"[]",
            "3km이내백화점수":1,
            "5km이내아울렛몰수":2,
            "1km이내대형먀트수":1,
            "500m이내은행수":5,
            "500m이내병원수":117,
            "5km이내대형병원수":4,
            "500m이내공원수":6,
            "3km이내혐오시설수":0,
            "초등학교학업성취도":90.01,
            "중학교학업성취도":77.9,
            "용적률":0,
            "건폐율":0,
            "Y":37.601913,
            "X":127.137852,
            "rank":70.0,
            "area_info":"17평(59.12), 18평(60.79), 26평(86.63), 26평(86.71)",
            "last_sales":"2021-09-16,85300.0,17평(59.12)",
            "rank_history":[
                [
                    "202203",
                    70
                ],
                [
                    "202202",
                    9999
                ]
            ],
            "rank_gap":9999
        },
        {
            "index":147,
            "아파트명":"동진뱅크빌",
            "투자타입":"일반",
            "전용면적(m2)":"27.94",
            "전용면적(평)":"8평",
            "법정동주소":"경기도 구리시 수택동 847-1",
            "도로명주소":"경기도 구리시 이문안로 62",
            "세대수":0,
            "입주년차":60,
            "용적률점수":"--",
            "건폐율점수":"--",
            "세대당주차수":0,
            "난방방식":30,
            "공급면적":"--",
            "전용률":"--",
            "욕실수":50,
            "현관타입":10,
            "주거총점":21.0,
            "지역구공급총점":100.0,
            "역세권":50,
            "30분내 이동가능 거점":0,
            "1시간내 이동가능 거점":10,
            "교통총점":27.0,
            "백화점":100,
            "아울렛몰":100,
            "대형마트":80,
            "은행":0,
            "병원":80,
            "종합병원":100,
            "공원":100,
            "혐오시설":0,
            "인프라총점":83.0,
            "초등학군":89.99,
            "중학군":44.76,
            "학군총점":53.806,
            "인구수":21.77,
            "인구증감":-17.55,
            "인구총점":9.974,
            "일자리":9.04,
            "소득수준":50.88,
            "일자리총점":21.592,
            "가치 총점":46.6209,
            "매매실거래년":20200110.0,
            "매매실거래가":11700.0,
            "전세실거래년":20211112.0,
            "전세실거래가":10000.0,
            "전세가율":null,
            "장기전세가율평균":68.39,
            "전세가율거품지수":null,
            "검색코드":103887,
            "세대수":53.0,
            "준공년월":"2011-08-11",
            "준공년차":12.0,
            "가까운역이름":"토평 (2023년 예정)",
            "가까운역거리":588.56,
            "역세권여부":"준역세권",
            "30분이내주요거점역":0,
            "30분거점역이름":"[]",
            "1시간이내주요거점역":1,
            "1시간거점역이름":"['잠실']",
            "3km이내백화점수":1,
            "5km이내아울렛몰수":2,
            "1km이내대형먀트수":1,
            "500m이내은행수":1,
            "500m이내병원수":46,
            "5km이내대형병원수":5,
            "500m이내공원수":6,
            "3km이내혐오시설수":0,
            "초등학교학업성취도":89.99,
            "중학교학업성취도":74.6,
            "용적률":498,
            "건폐율":69,
            "Y":37.592249,
            "X":127.13836,
            "rank":71.0,
            "area_info":"8평(27.94), 8평(28.56), 8평(28.67), 9평(30.63), 9평(31.37), 10평(33.42), 11평(36.95), 11평(37.21), 12평(40.02)",
            "last_sales":"2020-01-10,11700.0,12평(40.02)",
            "rank_history":[
                [
                    "202203",
                    71
                ],
                [
                    "202202",
                    9999
                ]
            ],
            "rank_gap":9999
        },
        {
            "index":192,
            "아파트명":"쌍용(440)",
            "투자타입":"일반",
            "전용면적(m2)":"78.03",
            "전용면적(평)":"23평",
            "법정동주소":"경기도 구리시 수택동 440",
            "도로명주소":"경기도 구리시 원수택로 20",
            "세대수":0,
            "입주년차":0,
            "용적률점수":"--",
            "건폐율점수":"--",
            "세대당주차수":0,
            "난방방식":30,
            "공급면적":"--",
            "전용률":"--",
            "욕실수":50,
            "현관타입":100,
            "주거총점":18.0,
            "지역구공급총점":100.0,
            "역세권":50,
            "30분내 이동가능 거점":0,
            "1시간내 이동가능 거점":10,
            "교통총점":27.0,
            "백화점":100,
            "아울렛몰":100,
            "대형마트":80,
            "은행":20,
            "병원":80,
            "종합병원":100,
            "공원":100,
            "혐오시설":0,
            "인프라총점":85.0,
            "초등학군":89.99,
            "중학군":44.76,
            "학군총점":53.806,
            "인구수":21.77,
            "인구증감":-17.55,
            "인구총점":9.974,
            "일자리":9.04,
            "소득수준":50.88,
            "일자리총점":21.592,
            "가치 총점":46.6209,
            "매매실거래년":20211222.0,
            "매매실거래가":57500.0,
            "전세실거래년":20211125.0,
            "전세실거래가":24000.0,
            "전세가율":41.74,
            "장기전세가율평균":68.39,
            "전세가율거품지수":26.65,
            "검색코드":1648,
            "세대수":241.0,
            "준공년월":"1996-12-13",
            "준공년차":27.0,
            "가까운역이름":"토평 (2023년 예정)",
            "가까운역거리":806.49,
            "역세권여부":"준역세권",
            "30분이내주요거점역":0,
            "30분거점역이름":"[]",
            "1시간이내주요거점역":1,
            "1시간거점역이름":"['잠실']",
            "3km이내백화점수":1,
            "5km이내아울렛몰수":2,
            "1km이내대형먀트수":1,
            "500m이내은행수":2,
            "500m이내병원수":45,
            "5km이내대형병원수":5,
            "500m이내공원수":9,
            "3km이내혐오시설수":0,
            "초등학교학업성취도":89.99,
            "중학교학업성취도":74.6,
            "용적률":275,
            "건폐율":19,
            "Y":37.594044,
            "X":127.139902,
            "rank":71.0,
            "area_info":"23평(78.03), 33평(110.26)",
            "last_sales":"2021-12-22,57500.0,23평(78.03)",
            "rank_history":[
                [
                    "202203",
                    71
                ],
                [
                    "202202",
                    71
                ],
                [
                    "202201",
                    79
                ]
            ],
            "rank_gap":0
        },
        {
            "index":435,
            "아파트명":"클레시움더테라스하우스(도시형)",
            "투자타입":"일반",
            "전용면적(m2)":"71.91",
            "전용면적(평)":"21평",
            "법정동주소":"경기도 구리시 인창동 715",
            "도로명주소":"경기도 구리시 동구릉로200번길 90",
            "세대수":0,
            "입주년차":80,
            "용적률점수":"--",
            "건폐율점수":"--",
            "세대당주차수":30,
            "난방방식":30,
            "공급면적":"--",
            "전용률":"--",
            "욕실수":100,
            "현관타입":100,
            "주거총점":43.5,
            "지역구공급총점":100.0,
            "역세권":50,
            "30분내 이동가능 거점":0,
            "1시간내 이동가능 거점":10,
            "교통총점":27.0,
            "백화점":100,
            "아울렛몰":100,
            "대형마트":0,
            "은행":0,
            "병원":30,
            "종합병원":100,
            "공원":80,
            "혐오시설":0,
            "인프라총점":65.4,
            "초등학군":90.0,
            "중학군":49.54,
            "학군총점":57.632,
            "인구수":21.77,
            "인구증감":-17.55,
            "인구총점":9.974,
            "일자리":9.04,
            "소득수준":50.88,
            "일자리총점":21.592,
            "가치 총점":46.4148,
            "매매실거래년":"18000101",
            "매매실거래가":null,
            "전세실거래년":null,
            "전세실거래가":null,
            "전세가율":null,
            "장기전세가율평균":68.39,
            "전세가율거품지수":null,
            "검색코드":128602,
            "세대수":132.0,
            "준공년월":"2017-06-20",
            "준공년차":6.0,
            "가까운역이름":"구리도매시장 (2023년 예정)",
            "가까운역거리":831.09,
            "역세권여부":"준역세권",
            "30분이내주요거점역":0,
            "30분거점역이름":"[]",
            "1시간이내주요거점역":1,
            "1시간거점역이름":"['잠실']",
            "3km이내백화점수":1,
            "5km이내아울렛몰수":2,
            "1km이내대형먀트수":0,
            "500m이내은행수":0,
            "500m이내병원수":5,
            "5km이내대형병원수":3,
            "500m이내공원수":1,
            "3km이내혐오시설수":0,
            "초등학교학업성취도":90.0,
            "중학교학업성취도":82.1,
            "용적률":160,
            "건폐율":45,
            "Y":37.61732,
            "X":127.142394,
            "rank":72.0,
            "area_info":"21평(71.91), 21평(71.49), 21평(71.91), 22평(72.89), 22평(72.84), 22평(72.91), 22평(73.09), 22평(73.72), 22평(74.34), 22평(75.84), 22평(75.73), 23평(76.05), 22평(76.02), 23평(77.06), 23평(77.77), 23평(77.37), 23평(77.21), 23평(77.42), 23평(79.11), 23평(79.29), 24평(80.11), 24평(80.84), 24평(81.77), 24평(81.87), 25평(82.84), 25평(83.87), 25평(83.37), 25평(84.46), 25평(84.89), 25평(84.21), 25평(85.0), 26평(86.49), 26평(87.41), 26평(88.54), 26평(89.0), 27평(89.91), 27평(91.4), 28평(95.07), 28평(95.67), 28평(95.33), 29평(96.54), 29평(96.79), 29평(97.95), 29평(99.12), 30평(99.31), 30평(99.96), 31평(102.87)",
            "last_sales":"1800-01-01,nan,21평(71.91)",
            "rank_history":[
                [
                    "202203",
                    72
                ],
                [
                    "202202",
                    77
                ],
                [
                    "202201",
                    77
                ]
            ],
            "rank_gap":5
        },
        {
            "index":221,
            "아파트명":"하이스트빌",
            "투자타입":"일반",
            "전용면적(m2)":"38.53",
            "전용면적(평)":"11평",
            "법정동주소":"경기도 구리시 수택동 506-9",
            "도로명주소":"경기도 구리시 검배로 55",
            "세대수":0,
            "입주년차":40,
            "용적률점수":"--",
            "건폐율점수":"--",
            "세대당주차수":30,
            "난방방식":30,
            "공급면적":"--",
            "전용률":"--",
            "욕실수":50,
            "현관타입":10,
            "주거총점":21.5,
            "지역구공급총점":100.0,
            "역세권":50,
            "30분내 이동가능 거점":0,
            "1시간내 이동가능 거점":0,
            "교통총점":25.0,
            "백화점":100,
            "아울렛몰":100,
            "대형마트":80,
            "은행":0,
            "병원":80,
            "종합병원":100,
            "공원":100,
            "혐오시설":0,
            "인프라총점":83.0,
            "초등학군":90.01,
            "중학군":47.02,
            "학군총점":55.618,
            "인구수":21.77,
            "인구증감":-17.55,
            "인구총점":9.974,
            "일자리":9.04,
            "소득수준":50.88,
            "일자리총점":21.592,
            "가치 총점":46.2927,
            "매매실거래년":20210720.0,
            "매매실거래가":56800.0,
            "전세실거래년":20200331.0,
            "전세실거래가":12000.0,
            "전세가율":100.0,
            "장기전세가율평균":68.39,
            "전세가율거품지수":-31.61,
            "검색코드":18945,
            "세대수":175.0,
            "준공년월":"2008-04-25",
            "준공년차":15.0,
            "가까운역이름":"구리",
            "가까운역거리":609.54,
            "역세권여부":"준역세권",
            "30분이내주요거점역":0,
            "30분거점역이름":"[]",
            "1시간이내주요거점역":0,
            "1시간거점역이름":"[]",
            "3km이내백화점수":1,
            "5km이내아울렛몰수":2,
            "1km이내대형먀트수":1,
            "500m이내은행수":1,
            "500m이내병원수":48,
            "5km이내대형병원수":3,
            "500m이내공원수":10,
            "3km이내혐오시설수":0,
            "초등학교학업성취도":90.01,
            "중학교학업성취도":77.5,
            "용적률":815,
            "건폐율":79,
            "Y":37.598114,
            "X":127.145698,
            "rank":73.0,
            "area_info":"11평(38.53), 16평(53.69), 17평(57.1), 17평(59.13), 20평(67.0), 21평(70.36), 24평(81.84), 26평(86.84), 26평(86.08), 34평(113.35), 34평(113.21)",
            "last_sales":"2021-07-20,56800.0,34평(113.35)",
            "rank_history":[
                [
                    "202203",
                    73
                ],
                [
                    "202202",
                    27
                ],
                [
                    "202201",
                    32
                ]
            ],
            "rank_gap":-46
        },
        {
            "index":141,
            "아파트명":"남양i-좋은집",
            "투자타입":"일반",
            "전용면적(m2)":"79.42",
            "전용면적(평)":"24평",
            "법정동주소":"경기도 구리시 수택동 550",
            "도로명주소":"경기도 구리시 경춘로276번길 67-40",
            "세대수":30,
            "입주년차":40,
            "용적률점수":"--",
            "건폐율점수":"--",
            "세대당주차수":30,
            "난방방식":30,
            "공급면적":"--",
            "전용률":"--",
            "욕실수":100,
            "현관타입":100,
            "주거총점":46.0,
            "지역구공급총점":100.0,
            "역세권":50,
            "30분내 이동가능 거점":0,
            "1시간내 이동가능 거점":0,
            "교통총점":25.0,
            "백화점":100,
            "아울렛몰":100,
            "대형마트":0,
            "은행":0,
            "병원":30,
            "종합병원":100,
            "공원":100,
            "혐오시설":0,
            "인프라총점":66.0,
            "초등학군":90.01,
            "중학군":48.06,
            "학군총점":56.45,
            "인구수":21.77,
            "인구증감":-17.55,
            "인구총점":9.974,
            "일자리":9.04,
            "소득수준":50.88,
            "일자리총점":21.592,
            "가치 총점":46.2175,
            "매매실거래년":20211127.0,
            "매매실거래가":64500.0,
            "전세실거래년":20211227.0,
            "전세실거래가":27000.0,
            "전세가율":41.86,
            "장기전세가율평균":68.39,
            "전세가율거품지수":26.53,
            "검색코드":14823,
            "세대수":319.0,
            "준공년월":"2004-11-30",
            "준공년차":19.0,
            "가까운역이름":"구리",
            "가까운역거리":603.74,
            "역세권여부":"준역세권",
            "30분이내주요거점역":0,
            "30분거점역이름":"[]",
            "1시간이내주요거점역":0,
            "1시간거점역이름":"[]",
            "3km이내백화점수":1,
            "5km이내아울렛몰수":2,
            "1km이내대형먀트수":0,
            "500m이내은행수":0,
            "500m이내병원수":6,
            "5km이내대형병원수":3,
            "500m이내공원수":4,
            "3km이내혐오시설수":0,
            "초등학교학업성취도":90.01,
            "중학교학업성취도":80.1,
            "용적률":378,
            "건폐율":25,
            "Y":37.60039,
            "X":127.14916,
            "rank":74.0,
            "area_info":"24평(79.42), 31평(105.02), 33평(111.52)",
            "last_sales":"2021-11-27,64500.0,24평(79.42)",
            "rank_history":[
                [
                    "202203",
                    74
                ],
                [
                    "202202",
                    31
                ],
                [
                    "202201",
                    29
                ]
            ],
            "rank_gap":-43
        },
        {
            "index":325,
            "아파트명":"신동흥",
            "투자타입":"재건축",
            "전용면적(m2)":"36.32",
            "전용면적(평)":"10평",
            "법정동주소":"경기도 구리시 인창동 576-40",
            "도로명주소":"경기도 구리시 응달말로40번길 1",
            "세대수":0,
            "입주년차":"--",
            "용적률점수":0,
            "건폐율점수":0,
            "세대당주차수":"--",
            "난방방식":"--",
            "공급면적":50,
            "전용률":60,
            "욕실수":"--",
            "현관타입":"--",
            "주거총점":5.5,
            "지역구공급총점":100.0,
            "역세권":50,
            "30분내 이동가능 거점":0,
            "1시간내 이동가능 거점":10,
            "교통총점":27.0,
            "백화점":100,
            "아울렛몰":100,
            "대형마트":80,
            "은행":70,
            "병원":80,
            "종합병원":100,
            "공원":100,
            "혐오시설":0,
            "인프라총점":90.0,
            "초등학군":89.99,
            "중학군":49.54,
            "학군총점":57.63,
            "인구수":21.77,
            "인구증감":-17.55,
            "인구총점":9.974,
            "일자리":9.04,
            "소득수준":50.88,
            "일자리총점":21.592,
            "가치 총점":46.1945,
            "매매실거래년":20200428.0,
            "매매실거래가":28000.0,
            "전세실거래년":null,
            "전세실거래가":null,
            "전세가율":null,
            "장기전세가율평균":68.39,
            "전세가율거품지수":null,
            "검색코드":24454,
            "세대수":135.0,
            "준공년월":"1992-06-02",
            "준공년차":31.0,
            "가까운역이름":"구리",
            "가까운역거리":708.48,
            "역세권여부":"준역세권",
            "30분이내주요거점역":0,
            "30분거점역이름":"[]",
            "1시간이내주요거점역":1,
            "1시간거점역이름":"['잠실']",
            "3km이내백화점수":1,
            "5km이내아울렛몰수":2,
            "1km이내대형먀트수":1,
            "500m이내은행수":3,
            "500m이내병원수":48,
            "5km이내대형병원수":4,
            "500m이내공원수":7,
            "3km이내혐오시설수":0,
            "초등학교학업성취도":89.99,
            "중학교학업성취도":82.1,
            "용적률":0,
            "건폐율":0,
            "Y":37.604269,
            "X":127.135408,
            "rank":75.0,
            "area_info":"10평(36.32), 10평(36.33), 12평(39.9), 12평(41.55), 12평(42.18), 13평(43.23), 13평(45.66), 13평(46.18), 14평(46.84), 16평(53.4), 16평(54.1), 18평(59.58), 18평(59.85), 18평(60.42), 19평(63.6), 19평(64.91), 19평(64.62), 20평(66.87), 19평(66.05), 20평(67.08), 24평(80.46), 36평(119.46), 40평(133.96)",
            "last_sales":"2020-04-28,28000.0,19평(66.05)",
            "rank_history":[
                [
                    "202203",
                    75
                ],
                [
                    "202202",
                    30
                ],
                [
                    "202201",
                    26
                ]
            ],
            "rank_gap":-45
        },
        {
            "index":202,
            "아파트명":"원일",
            "투자타입":"재건축",
            "전용면적(m2)":"73.8",
            "전용면적(평)":"22평",
            "법정동주소":"경기도 구리시 수택동 552",
            "도로명주소":"경기도 구리시 경춘로276번길 45-30",
            "세대수":0,
            "입주년차":"--",
            "용적률점수":80,
            "건폐율점수":60,
            "세대당주차수":"--",
            "난방방식":"--",
            "공급면적":50,
            "전용률":60,
            "욕실수":"--",
            "현관타입":"--",
            "주거총점":49.5,
            "지역구공급총점":100.0,
            "역세권":50,
            "30분내 이동가능 거점":0,
            "1시간내 이동가능 거점":0,
            "교통총점":25.0,
            "백화점":100,
            "아울렛몰":100,
            "대형마트":0,
            "은행":0,
            "병원":10,
            "종합병원":100,
            "공원":100,
            "혐오시설":0,
            "인프라총점":64.0,
            "초등학군":90.01,
            "중학군":46.98,
            "학군총점":55.586,
            "인구수":21.77,
            "인구증감":-17.55,
            "인구총점":9.974,
            "일자리":9.04,
            "소득수준":50.88,
            "일자리총점":21.592,
            "가치 총점":46.1879,
            "매매실거래년":20210505.0,
            "매매실거래가":53000.0,
            "전세실거래년":20210409.0,
            "전세실거래가":16800.0,
            "전세가율":54.19,
            "장기전세가율평균":68.39,
            "전세가율거품지수":14.2,
            "검색코드":10174,
            "세대수":215.0,
            "준공년월":"1989-05-06",
            "준공년차":34.0,
            "가까운역이름":"구리",
            "가까운역거리":512.44,
            "역세권여부":"준역세권",
            "30분이내주요거점역":0,
            "30분거점역이름":"[]",
            "1시간이내주요거점역":0,
            "1시간거점역이름":"[]",
            "3km이내백화점수":1,
            "5km이내아울렛몰수":2,
            "1km이내대형먀트수":0,
            "500m이내은행수":0,
            "500m이내병원수":4,
            "5km이내대형병원수":3,
            "500m이내공원수":4,
            "3km이내혐오시설수":0,
            "초등학교학업성취도":90.01,
            "중학교학업성취도":77.9,
            "용적률":160,
            "건폐율":32,
            "Y":37.60146,
            "X":127.1487,
            "rank":76.0,
            "area_info":"22평(73.8), 23평(76.46), 23평(76.06), 23평(76.98), 26평(87.58), 27평(91.82), 27평(91.26), 30평(99.25)",
            "last_sales":"2021-05-05,53000.0,27평(91.82)",
            "rank_history":[
                [
                    "202203",
                    76
                ],
                [
                    "202202",
                    19
                ],
                [
                    "202201",
                    18
                ]
            ],
            "rank_gap":-57
        },
        {
            "index":97,
            "아파트명":"삼용",
            "투자타입":"일반",
            "전용면적(m2)":"94.15",
            "전용면적(평)":"28평",
            "법정동주소":"경기도 구리시 교문동 768",
            "도로명주소":"경기도 구리시 체육관로 94",
            "세대수":0,
            "입주년차":0,
            "용적률점수":"--",
            "건폐율점수":"--",
            "세대당주차수":0,
            "난방방식":30,
            "공급면적":"--",
            "전용률":"--",
            "욕실수":50,
            "현관타입":100,
            "주거총점":18.0,
            "지역구공급총점":100.0,
            "역세권":50,
            "30분내 이동가능 거점":0,
            "1시간내 이동가능 거점":10,
            "교통총점":27.0,
            "백화점":100,
            "아울렛몰":100,
            "대형마트":80,
            "은행":0,
            "병원":80,
            "종합병원":100,
            "공원":100,
            "혐오시설":0,
            "인프라총점":83.0,
            "초등학군":89.99,
            "중학군":44.76,
            "학군총점":53.806,
            "인구수":21.77,
            "인구증감":-17.55,
            "인구총점":9.974,
            "일자리":9.04,
            "소득수준":50.88,
            "일자리총점":21.592,
            "가치 총점":46.0209,
            "매매실거래년":"18000101",
            "매매실거래가":null,
            "전세실거래년":null,
            "전세실거래가":null,
            "전세가율":null,
            "장기전세가율평균":68.39,
            "전세가율거품지수":null,
            "검색코드":105989,
            "세대수":67.0,
            "준공년월":"1994-02-01",
            "준공년차":29.0,
            "가까운역이름":"토평 (2023년 예정)",
            "가까운역거리":695.52,
            "역세권여부":"준역세권",
            "30분이내주요거점역":0,
            "30분거점역이름":"[]",
            "1시간이내주요거점역":1,
            "1시간거점역이름":"['잠실']",
            "3km이내백화점수":1,
            "5km이내아울렛몰수":2,
            "1km이내대형먀트수":1,
            "500m이내은행수":1,
            "500m이내병원수":46,
            "5km이내대형병원수":5,
            "500m이내공원수":7,
            "3km이내혐오시설수":0,
            "초등학교학업성취도":89.99,
            "중학교학업성취도":74.6,
            "용적률":0,
            "건폐율":0,
            "Y":37.593213,
            "X":127.13836,
            "rank":77.0,
            "area_info":"28평(94.15), 35평(117.97)",
            "last_sales":"1800-01-01,nan,28평(94.15)",
            "rank_history":[
                [
                    "202203",
                    77
                ],
                [
                    "202202",
                    9999
                ]
            ],
            "rank_gap":9999
        },
        {
            "index":26,
            "아파트명":"구리갈매푸르지오",
            "투자타입":"일반",
            "전용면적(m2)":"111.35",
            "전용면적(평)":"33평",
            "법정동주소":"경기도 구리시 갈매동 640",
            "도로명주소":"경기도 구리시 갈매중앙로 16",
            "세대수":90,
            "입주년차":80,
            "용적률점수":"--",
            "건폐율점수":"--",
            "세대당주차수":60,
            "난방방식":100,
            "공급면적":"--",
            "전용률":"--",
            "욕실수":100,
            "현관타입":100,
            "주거총점":86.5,
            "지역구공급총점":100.0,
            "역세권":50,
            "30분내 이동가능 거점":0,
            "1시간내 이동가능 거점":0,
            "교통총점":25.0,
            "백화점":0,
            "아울렛몰":100,
            "대형마트":0,
            "은행":0,
            "병원":30,
            "종합병원":100,
            "공원":100,
            "혐오시설":0,
            "인프라총점":36.0,
            "초등학군":89.98,
            "중학군":49.54,
            "학군총점":57.628,
            "인구수":21.77,
            "인구증감":-17.55,
            "인구총점":9.974,
            "일자리":9.04,
            "소득수준":50.88,
            "일자리총점":21.592,
            "가치 총점":45.4942,
            "매매실거래년":20211204.0,
            "매매실거래가":118000.0,
            "전세실거래년":20220219.0,
            "전세실거래가":34600.0,
            "전세가율":43.25,
            "장기전세가율평균":68.39,
            "전세가율거품지수":25.14,
            "검색코드":110747,
            "세대수":921.0,
            "준공년월":"2017-10-27",
            "준공년차":6.0,
            "가까운역이름":"갈매",
            "가까운역거리":864.18,
            "역세권여부":"준역세권",
            "30분이내주요거점역":0,
            "30분거점역이름":"[]",
            "1시간이내주요거점역":0,
            "1시간거점역이름":"[]",
            "3km이내백화점수":0,
            "5km이내아울렛몰수":2,
            "1km이내대형먀트수":0,
            "500m이내은행수":0,
            "500m이내병원수":6,
            "5km이내대형병원수":5,
            "500m이내공원수":5,
            "3km이내혐오시설수":0,
            "초등학교학업성취도":89.98,
            "중학교학업성취도":82.1,
            "용적률":199,
            "건폐율":14,
            "Y":37.626319,
            "X":127.115496,
            "rank":78.0,
            "area_info":"33평(111.35), 33평(112.11), 33평(112.09), 33평(112.38), 39평(130.43), 39평(130.52), 44평(148.3), 56평(186.45)",
            "last_sales":"2021-12-04,118000.0,44평(148.3)",
            "rank_history":[
                [
                    "202203",
                    78
                ],
                [
                    "202202",
                    47
                ],
                [
                    "202201",
                    38
                ]
            ],
            "rank_gap":-31
        },
        {
            "index":9,
            "아파트명":"갈매스타힐스",
            "투자타입":"일반",
            "전용면적(m2)":"98.95",
            "전용면적(평)":"29평",
            "법정동주소":"경기도 구리시 갈매동 651",
            "도로명주소":"경기도 구리시 산마루로 46",
            "세대수":90,
            "입주년차":80,
            "용적률점수":"--",
            "건폐율점수":"--",
            "세대당주차수":30,
            "난방방식":100,
            "공급면적":"--",
            "전용률":"--",
            "욕실수":100,
            "현관타입":100,
            "주거총점":82.0,
            "지역구공급총점":100.0,
            "역세권":50,
            "30분내 이동가능 거점":0,
            "1시간내 이동가능 거점":0,
            "교통총점":25.0,
            "백화점":0,
            "아울렛몰":100,
            "대형마트":0,
            "은행":0,
            "병원":60,
            "종합병원":100,
            "공원":100,
            "혐오시설":0,
            "인프라총점":39.0,
            "초등학군":89.98,
            "중학군":49.54,
            "학군총점":57.628,
            "인구수":21.77,
            "인구증감":-17.55,
            "인구총점":9.974,
            "일자리":9.04,
            "소득수준":50.88,
            "일자리총점":21.592,
            "가치 총점":45.4942,
            "매매실거래년":20220123.0,
            "매매실거래가":74800.0,
            "전세실거래년":20220126.0,
            "전세실거래가":31500.0,
            "전세가율":40.13,
            "장기전세가율평균":68.39,
            "전세가율거품지수":28.26,
            "검색코드":109117,
            "세대수":1018.0,
            "준공년월":"2017-08-07",
            "준공년차":6.0,
            "가까운역이름":"갈매",
            "가까운역거리":644.94,
            "역세권여부":"준역세권",
            "30분이내주요거점역":0,
            "30분거점역이름":"[]",
            "1시간이내주요거점역":0,
            "1시간거점역이름":"[]",
            "3km이내백화점수":0,
            "5km이내아울렛몰수":2,
            "1km이내대형먀트수":0,
            "500m이내은행수":0,
            "500m이내병원수":21,
            "5km이내대형병원수":5,
            "500m이내공원수":5,
            "3km이내혐오시설수":0,
            "초등학교학업성취도":89.98,
            "중학교학업성취도":82.1,
            "용적률":214,
            "건폐율":16,
            "Y":37.629042,
            "X":127.118414,
            "rank":78.0,
            "area_info":"29평(98.95), 29평(98.99), 29평(99.0), 29평(99.0), 33평(112.17), 33평(112.15), 33평(112.21)",
            "last_sales":"2022-01-23,74800.0,33평(112.17)",
            "rank_history":[
                [
                    "202203",
                    78
                ],
                [
                    "202202",
                    53
                ],
                [
                    "202201",
                    41
                ]
            ],
            "rank_gap":-25
        },
        {
            "index":210,
            "아파트명":"유현",
            "투자타입":"일반",
            "전용면적(m2)":"77.98",
            "전용면적(평)":"23평",
            "법정동주소":"경기도 구리시 수택동 502-1",
            "도로명주소":"경기도 구리시 검배로59번길 30",
            "세대수":0,
            "입주년차":20,
            "용적률점수":"--",
            "건폐율점수":"--",
            "세대당주차수":30,
            "난방방식":30,
            "공급면적":"--",
            "전용률":"--",
            "욕실수":50,
            "현관타입":10,
            "주거총점":17.5,
            "지역구공급총점":100.0,
            "역세권":50,
            "30분내 이동가능 거점":0,
            "1시간내 이동가능 거점":0,
            "교통총점":25.0,
            "백화점":100,
            "아울렛몰":100,
            "대형마트":80,
            "은행":0,
            "병원":80,
            "종합병원":100,
            "공원":100,
            "혐오시설":0,
            "인프라총점":83.0,
            "초등학군":90.01,
            "중학군":47.02,
            "학군총점":55.618,
            "인구수":21.77,
            "인구증감":-17.55,
            "인구총점":9.974,
            "일자리":9.04,
            "소득수준":50.88,
            "일자리총점":21.592,
            "가치 총점":45.4927,
            "매매실거래년":20210129.0,
            "매매실거래가":71500.0,
            "전세실거래년":20210215.0,
            "전세실거래가":13000.0,
            "전세가율":18.18,
            "장기전세가율평균":68.39,
            "전세가율거품지수":50.21,
            "검색코드":9081,
            "세대수":91.0,
            "준공년월":"2000-05-27",
            "준공년차":23.0,
            "가까운역이름":"구리",
            "가까운역거리":681.84,
            "역세권여부":"준역세권",
            "30분이내주요거점역":0,
            "30분거점역이름":"[]",
            "1시간이내주요거점역":0,
            "1시간거점역이름":"[]",
            "3km이내백화점수":1,
            "5km이내아울렛몰수":2,
            "1km이내대형먀트수":1,
            "500m이내은행수":1,
            "500m이내병원수":38,
            "5km이내대형병원수":3,
            "500m이내공원수":8,
            "3km이내혐오시설수":0,
            "초등학교학업성취도":90.01,
            "중학교학업성취도":77.5,
            "용적률":0,
            "건폐율":0,
            "Y":37.59768,
            "X":127.14653,
            "rank":79.0,
            "area_info":"23평(77.98), 29평(97.18), 29평(98.56), 33평(110.43), 33평(110.55)",
            "last_sales":"2021-01-29,71500.0,23평(77.98)",
            "rank_history":[
                [
                    "202203",
                    79
                ],
                [
                    "202202",
                    9999
                ]
            ],
            "rank_gap":9999
        },
        {
            "index":297,
            "아파트명":"부영",
            "투자타입":"일반",
            "전용면적(m2)":"51.6",
            "전용면적(평)":"15평",
            "법정동주소":"경기도 구리시 인창동 640-2",
            "도로명주소":"경기도 구리시 인창1로 45-7",
            "세대수":0,
            "입주년차":0,
            "용적률점수":"--",
            "건폐율점수":"--",
            "세대당주차수":0,
            "난방방식":30,
            "공급면적":"--",
            "전용률":"--",
            "욕실수":50,
            "현관타입":50,
            "주거총점":13.0,
            "지역구공급총점":100.0,
            "역세권":50,
            "30분내 이동가능 거점":0,
            "1시간내 이동가능 거점":10,
            "교통총점":27.0,
            "백화점":100,
            "아울렛몰":100,
            "대형마트":80,
            "은행":0,
            "병원":60,
            "종합병원":100,
            "공원":100,
            "혐오시설":0,
            "인프라총점":81.0,
            "초등학군":89.99,
            "중학군":49.54,
            "학군총점":57.63,
            "인구수":21.77,
            "인구증감":-17.55,
            "인구총점":9.974,
            "일자리":9.04,
            "소득수준":50.88,
            "일자리총점":21.592,
            "가치 총점":44.9945,
            "매매실거래년":"18000101",
            "매매실거래가":null,
            "전세실거래년":null,
            "전세실거래가":null,
            "전세가율":null,
            "장기전세가율평균":68.39,
            "전세가율거품지수":null,
            "검색코드":9275,
            "세대수":122.0,
            "준공년월":"1996-12-05",
            "준공년차":27.0,
            "가까운역이름":"구리도매시장 (2023년 예정)",
            "가까운역거리":763.79,
            "역세권여부":"준역세권",
            "30분이내주요거점역":0,
            "30분거점역이름":"[]",
            "1시간이내주요거점역":1,
            "1시간거점역이름":"['잠실']",
            "3km이내백화점수":1,
            "5km이내아울렛몰수":2,
            "1km이내대형먀트수":1,
            "500m이내은행수":1,
            "500m이내병원수":19,
            "5km이내대형병원수":5,
            "500m이내공원수":5,
            "3km이내혐오시설수":0,
            "초등학교학업성취도":89.99,
            "중학교학업성취도":82.1,
            "용적률":254,
            "건폐율":60,
            "Y":37.607831,
            "X":127.130127,
            "rank":80.0,
            "area_info":"15평(51.6), 16평(56.07), 17평(57.63), 18평(62.15), 18평(62.43), 19평(65.8), 19평(65.03), 20평(66.42), 20평(67.13), 20평(68.06), 23평(78.07), 24평(79.69), 24평(82.28), 24평(82.05), 25평(82.65), 26평(86.24), 26평(86.13)",
            "last_sales":"1800-01-01,nan,15평(51.6)",
            "rank_history":[
                [
                    "202203",
                    80
                ],
                [
                    "202202",
                    78
                ],
                [
                    "202201",
                    75
                ]
            ],
            "rank_gap":-2
        },
        {
            "index":0,
            "아파트명":"갈매6단지",
            "투자타입":"일반",
            "전용면적(m2)":"102.11",
            "전용면적(평)":"30평",
            "법정동주소":"경기도 구리시 갈매동 631",
            "도로명주소":"경기도 구리시 갈매중앙로 25",
            "세대수":90,
            "입주년차":80,
            "용적률점수":"--",
            "건폐율점수":"--",
            "세대당주차수":30,
            "난방방식":100,
            "공급면적":"--",
            "전용률":"--",
            "욕실수":100,
            "현관타입":100,
            "주거총점":82.0,
            "지역구공급총점":100.0,
            "역세권":50,
            "30분내 이동가능 거점":0,
            "1시간내 이동가능 거점":0,
            "교통총점":25.0,
            "백화점":0,
            "아울렛몰":100,
            "대형마트":0,
            "은행":0,
            "병원":30,
            "종합병원":100,
            "공원":100,
            "혐오시설":0,
            "인프라총점":36.0,
            "초등학군":89.98,
            "중학군":49.54,
            "학군총점":57.628,
            "인구수":21.77,
            "인구증감":-17.55,
            "인구총점":9.974,
            "일자리":9.04,
            "소득수준":50.88,
            "일자리총점":21.592,
            "가치 총점":44.5942,
            "매매실거래년":20211211.0,
            "매매실거래가":76000.0,
            "전세실거래년":20211016.0,
            "전세실거래가":32550.0,
            "전세가율":43.81,
            "장기전세가율평균":68.39,
            "전세가율거품지수":24.58,
            "검색코드":115465,
            "세대수":1033.0,
            "준공년월":"2018-08-30",
            "준공년차":5.0,
            "가까운역이름":"갈매",
            "가까운역거리":749.57,
            "역세권여부":"준역세권",
            "30분이내주요거점역":0,
            "30분거점역이름":"[]",
            "1시간이내주요거점역":0,
            "1시간거점역이름":"[]",
            "3km이내백화점수":0,
            "5km이내아울렛몰수":2,
            "1km이내대형먀트수":0,
            "500m이내은행수":0,
            "500m이내병원수":6,
            "5km이내대형병원수":6,
            "500m이내공원수":5,
            "3km이내혐오시설수":0,
            "초등학교학업성취도":89.98,
            "중학교학업성취도":82.1,
            "용적률":213,
            "건폐율":17,
            "Y":37.627454,
            "X":127.113122,
            "rank":81.0,
            "area_info":"30평(102.11), 35평(115.75)",
            "last_sales":"2021-12-11,76000.0,35평(115.75)",
            "rank_history":[
                [
                    "202203",
                    81
                ],
                [
                    "202202",
                    54
                ],
                [
                    "202201",
                    43
                ]
            ],
            "rank_gap":-27
        },
        {
            "index":280,
            "아파트명":"구리인창금호어울림",
            "투자타입":"일반",
            "전용면적(m2)":"93.31",
            "전용면적(평)":"28평",
            "법정동주소":"경기도 구리시 인창동 709",
            "도로명주소":"경기도 구리시 동구릉로 226",
            "세대수":0,
            "입주년차":40,
            "용적률점수":"--",
            "건폐율점수":"--",
            "세대당주차수":30,
            "난방방식":30,
            "공급면적":"--",
            "전용률":"--",
            "욕실수":100,
            "현관타입":100,
            "주거총점":35.5,
            "지역구공급총점":100.0,
            "역세권":50,
            "30분내 이동가능 거점":0,
            "1시간내 이동가능 거점":10,
            "교통총점":27.0,
            "백화점":100,
            "아울렛몰":100,
            "대형마트":0,
            "은행":0,
            "병원":0,
            "종합병원":100,
            "공원":80,
            "혐오시설":0,
            "인프라총점":62.4,
            "초등학군":90.0,
            "중학군":49.54,
            "학군총점":57.632,
            "인구수":21.77,
            "인구증감":-17.55,
            "인구총점":9.974,
            "일자리":9.04,
            "소득수준":50.88,
            "일자리총점":21.592,
            "가치 총점":43.9148,
            "매매실거래년":20210914.0,
            "매매실거래가":63000.0,
            "전세실거래년":20201204.0,
            "전세실거래가":32000.0,
            "전세가율":82.9,
            "장기전세가율평균":68.39,
            "전세가율거품지수":-14.51,
            "검색코드":19594,
            "세대수":235.0,
            "준공년월":"2006-06-30",
            "준공년차":17.0,
            "가까운역이름":"구리도매시장 (2023년 예정)",
            "가까운역거리":933.3,
            "역세권여부":"준역세권",
            "30분이내주요거점역":0,
            "30분거점역이름":"[]",
            "1시간이내주요거점역":1,
            "1시간거점역이름":"['잠실']",
            "3km이내백화점수":1,
            "5km이내아울렛몰수":2,
            "1km이내대형먀트수":0,
            "500m이내은행수":0,
            "500m이내병원수":1,
            "5km이내대형병원수":3,
            "500m이내공원수":1,
            "3km이내혐오시설수":0,
            "초등학교학업성취도":90.0,
            "중학교학업성취도":82.1,
            "용적률":244,
            "건폐율":24,
            "Y":37.618915,
            "X":127.140204,
            "rank":82.0,
            "area_info":"28평(93.31), 31평(105.74), 32평(106.62)",
            "last_sales":"2021-09-14,63000.0,32평(106.62)",
            "rank_history":[
                [
                    "202203",
                    82
                ],
                [
                    "202202",
                    82
                ],
                [
                    "202201",
                    81
                ]
            ],
            "rank_gap":0
        },
        {
            "index":42,
            "아파트명":"교문금호어울림",
            "투자타입":"일반",
            "전용면적(m2)":"108.69",
            "전용면적(평)":"32평",
            "법정동주소":"경기도 구리시 교문동 828",
            "도로명주소":"경기도 구리시 아차산로487번길 10",
            "세대수":0,
            "입주년차":60,
            "용적률점수":"--",
            "건폐율점수":"--",
            "세대당주차수":60,
            "난방방식":30,
            "공급면적":"--",
            "전용률":"--",
            "욕실수":100,
            "현관타입":100,
            "주거총점":44.0,
            "지역구공급총점":100.0,
            "역세권":0,
            "30분내 이동가능 거점":0,
            "1시간내 이동가능 거점":30,
            "교통총점":6.0,
            "백화점":100,
            "아울렛몰":100,
            "대형마트":80,
            "은행":0,
            "병원":60,
            "종합병원":100,
            "공원":100,
            "혐오시설":0,
            "인프라총점":81.0,
            "초등학군":90.01,
            "중학군":50.08,
            "학군총점":58.066,
            "인구수":21.77,
            "인구증감":-17.55,
            "인구총점":9.974,
            "일자리":9.04,
            "소득수준":50.88,
            "일자리총점":21.592,
            "가치 총점":43.9099,
            "매매실거래년":20220208.0,
            "매매실거래가":65000.0,
            "전세실거래년":20220122.0,
            "전세실거래가":50000.0,
            "전세가율":71.63,
            "장기전세가율평균":68.39,
            "전세가율거품지수":-3.24,
            "검색코드":26654,
            "세대수":276.0,
            "준공년월":"2009-04-21",
            "준공년차":14.0,
            "가까운역이름":"구리",
            "가까운역거리":1339.9,
            "역세권여부":"비역세권",
            "30분이내주요거점역":0,
            "30분거점역이름":"[]",
            "1시간이내주요거점역":3,
            "1시간거점역이름":"['잠실', '을지로3가', '명동']",
            "3km이내백화점수":1,
            "5km이내아울렛몰수":2,
            "1km이내대형먀트수":1,
            "500m이내은행수":1,
            "500m이내병원수":16,
            "5km이내대형병원수":4,
            "500m이내공원수":6,
            "3km이내혐오시설수":0,
            "초등학교학업성취도":90.01,
            "중학교학업성취도":82.8,
            "용적률":174,
            "건폐율":19,
            "Y":37.599244,
            "X":127.129016,
            "rank":83.0,
            "area_info":"32평(108.69), 32평(109.06), 32평(109.06), 39평(131.78), 47평(157.87)",
            "last_sales":"2022-02-08,65000.0,32평(109.06)",
            "rank_history":[
                [
                    "202203",
                    83
                ],
                [
                    "202202",
                    42
                ],
                [
                    "202201",
                    35
                ]
            ],
            "rank_gap":-41
        },
        {
            "index":249,
            "아파트명":"구리더샵그린포레1단지",
            "투자타입":"일반",
            "전용면적(m2)":"111.99",
            "전용면적(평)":"33평",
            "법정동주소":"경기도 구리시 인창동 713",
            "도로명주소":"경기도 구리시 인창2로 13",
            "세대수":0,
            "입주년차":80,
            "용적률점수":"--",
            "건폐율점수":"--",
            "세대당주차수":30,
            "난방방식":30,
            "공급면적":"--",
            "전용률":"--",
            "욕실수":100,
            "현관타입":100,
            "주거총점":43.5,
            "지역구공급총점":100.0,
            "역세권":0,
            "30분내 이동가능 거점":0,
            "1시간내 이동가능 거점":30,
            "교통총점":6.0,
            "백화점":100,
            "아울렛몰":100,
            "대형마트":80,
            "은행":0,
            "병원":60,
            "종합병원":100,
            "공원":100,
            "혐오시설":0,
            "인프라총점":81.0,
            "초등학군":89.99,
            "중학군":49.54,
            "학군총점":57.63,
            "인구수":21.77,
            "인구증감":-17.55,
            "인구총점":9.974,
            "일자리":9.04,
            "소득수준":50.88,
            "일자리총점":21.592,
            "가치 총점":43.7445,
            "매매실거래년":20190713.0,
            "매매실거래가":72000.0,
            "전세실거래년":null,
            "전세실거래가":null,
            "전세가율":null,
            "장기전세가율평균":68.39,
            "전세가율거품지수":null,
            "검색코드":109577,
            "세대수":236.0,
            "준공년월":"2015-05-15",
            "준공년차":8.0,
            "가까운역이름":"구리도매시장 (2023년 예정)",
            "가까운역거리":1063.95,
            "역세권여부":"비역세권",
            "30분이내주요거점역":0,
            "30분거점역이름":"[]",
            "1시간이내주요거점역":3,
            "1시간거점역이름":"['잠실', '을지로3가', '명동']",
            "3km이내백화점수":1,
            "5km이내아울렛몰수":2,
            "1km이내대형먀트수":1,
            "500m이내은행수":1,
            "500m이내병원수":18,
            "5km이내대형병원수":4,
            "500m이내공원수":5,
            "3km이내혐오시설수":0,
            "초등학교학업성취도":89.99,
            "중학교학업성취도":82.1,
            "용적률":199,
            "건폐율":16,
            "Y":37.603229,
            "X":127.130464,
            "rank":84.0,
            "area_info":"33평(111.99), 33평(112.28), 33평(112.38), 33평(112.21), 34평(112.56), 33평(112.31), 34평(112.82), 34평(112.72), 33평(112.32), 34평(113.07), 34평(113.12), 34평(113.82), 34평(113.26), 34평(114.37), 45평(151.52), 46평(152.85), 46평(154.41)",
            "last_sales":"2019-07-13,72000.0,46평(152.85)",
            "rank_history":[
                [
                    "202203",
                    84
                ],
                [
                    "202202",
                    40
                ],
                [
                    "202201",
                    34
                ]
            ],
            "rank_gap":-44
        },
        {
            "index":266,
            "아파트명":"구리더샵그린포레2단지",
            "투자타입":"일반",
            "전용면적(m2)":"100.88",
            "전용면적(평)":"30평",
            "법정동주소":"경기도 구리시 인창동 714",
            "도로명주소":"경기도 구리시 인창2로 3",
            "세대수":0,
            "입주년차":80,
            "용적률점수":"--",
            "건폐율점수":"--",
            "세대당주차수":30,
            "난방방식":30,
            "공급면적":"--",
            "전용률":"--",
            "욕실수":100,
            "현관타입":100,
            "주거총점":43.5,
            "지역구공급총점":100.0,
            "역세권":0,
            "30분내 이동가능 거점":0,
            "1시간내 이동가능 거점":20,
            "교통총점":4.0,
            "백화점":100,
            "아울렛몰":100,
            "대형마트":80,
            "은행":0,
            "병원":60,
            "종합병원":100,
            "공원":100,
            "혐오시설":0,
            "인프라총점":81.0,
            "초등학군":89.99,
            "중학군":49.54,
            "학군총점":57.63,
            "인구수":21.77,
            "인구증감":-17.55,
            "인구총점":9.974,
            "일자리":9.04,
            "소득수준":50.88,
            "일자리총점":21.592,
            "가치 총점":43.0445,
            "매매실거래년":20210821.0,
            "매매실거래가":80000.0,
            "전세실거래년":20220203.0,
            "전세실거래가":37000.0,
            "전세가율":53.62,
            "장기전세가율평균":68.39,
            "전세가율거품지수":14.77,
            "검색코드":109156,
            "세대수":171.0,
            "준공년월":"2015-05-15",
            "준공년차":8.0,
            "가까운역이름":"구리",
            "가까운역거리":1212.47,
            "역세권여부":"비역세권",
            "30분이내주요거점역":0,
            "30분거점역이름":"[]",
            "1시간이내주요거점역":2,
            "1시간거점역이름":"['을지로3가', '명동']",
            "3km이내백화점수":1,
            "5km이내아울렛몰수":2,
            "1km이내대형먀트수":1,
            "500m이내은행수":1,
            "500m이내병원수":16,
            "5km이내대형병원수":4,
            "500m이내공원수":7,
            "3km이내혐오시설수":0,
            "초등학교학업성취도":89.99,
            "중학교학업성취도":82.1,
            "용적률":191,
            "건폐율":16,
            "Y":37.601971,
            "X":127.129686,
            "rank":85.0,
            "area_info":"30평(100.88), 34평(114.6), 34평(114.37), 34평(114.34), 34평(114.8), 34평(114.9), 34평(115.02), 34평(115.31), 34평(115.58), 39평(130.89), 41평(138.61), 41평(138.24), 41평(138.7)",
            "last_sales":"2021-08-21,80000.0,34평(114.6)",
            "rank_history":[
                [
                    "202203",
                    85
                ],
                [
                    "202202",
                    44
                ],
                [
                    "202201",
                    37
                ]
            ],
            "rank_gap":-41
        },
        {
            "index":100,
            "아파트명":"아차산어울림",
            "투자타입":"일반",
            "전용면적(m2)":"116.61",
            "전용면적(평)":"35평",
            "법정동주소":"경기도 구리시 교문동 829",
            "도로명주소":"경기도 구리시 아차산로487번길 27",
            "세대수":0,
            "입주년차":60,
            "용적률점수":"--",
            "건폐율점수":"--",
            "세대당주차수":60,
            "난방방식":30,
            "공급면적":"--",
            "전용률":"--",
            "욕실수":100,
            "현관타입":100,
            "주거총점":44.0,
            "지역구공급총점":100.0,
            "역세권":0,
            "30분내 이동가능 거점":0,
            "1시간내 이동가능 거점":10,
            "교통총점":2.0,
            "백화점":100,
            "아울렛몰":100,
            "대형마트":80,
            "은행":20,
            "병원":30,
            "종합병원":100,
            "공원":100,
            "혐오시설":0,
            "인프라총점":80.0,
            "초등학군":90.01,
            "중학군":50.08,
            "학군총점":58.066,
            "인구수":21.77,
            "인구증감":-17.55,
            "인구총점":9.974,
            "일자리":9.04,
            "소득수준":50.88,
            "일자리총점":21.592,
            "가치 총점":42.2099,
            "매매실거래년":20210510.0,
            "매매실거래가":72800.0,
            "전세실거래년":20220224.0,
            "전세실거래가":50000.0,
            "전세가율":68.68,
            "장기전세가율평균":68.39,
            "전세가율거품지수":-0.29,
            "검색코드":11807,
            "세대수":299.0,
            "준공년월":"2010-09-24",
            "준공년차":13.0,
            "가까운역이름":"토평 (2023년 예정)",
            "가까운역거리":1395.62,
            "역세권여부":"비역세권",
            "30분이내주요거점역":0,
            "30분거점역이름":"[]",
            "1시간이내주요거점역":1,
            "1시간거점역이름":"['을지로3가']",
            "3km이내백화점수":1,
            "5km이내아울렛몰수":2,
            "1km이내대형먀트수":1,
            "500m이내은행수":2,
            "500m이내병원수":5,
            "5km이내대형병원수":4,
            "500m이내공원수":5,
            "3km이내혐오시설수":0,
            "초등학교학업성취도":90.01,
            "중학교학업성취도":82.8,
            "용적률":141,
            "건폐율":17,
            "Y":37.597398,
            "X":127.129071,
            "rank":86.0,
            "area_info":"35평(116.61), 63평(210.19)",
            "last_sales":"2021-05-10,72800.0,35평(116.61)",
            "rank_history":[
                [
                    "202203",
                    86
                ],
                [
                    "202202",
                    46
                ],
                [
                    "202201",
                    39
                ]
            ],
            "rank_gap":-40
        },
        {
            "index":133,
            "아파트명":"구리태영데시앙",
            "투자타입":"일반",
            "전용면적(m2)":"96.4",
            "전용면적(평)":"29평",
            "법정동주소":"경기도 구리시 수택동 888",
            "도로명주소":"경기도 구리시 벌말로 185",
            "세대수":0,
            "입주년차":80,
            "용적률점수":"--",
            "건폐율점수":"--",
            "세대당주차수":30,
            "난방방식":30,
            "공급면적":"--",
            "전용률":"--",
            "욕실수":100,
            "현관타입":100,
            "주거총점":43.5,
            "지역구공급총점":100.0,
            "역세권":0,
            "30분내 이동가능 거점":0,
            "1시간내 이동가능 거점":10,
            "교통총점":2.0,
            "백화점":100,
            "아울렛몰":100,
            "대형마트":80,
            "은행":0,
            "병원":60,
            "종합병원":100,
            "공원":100,
            "혐오시설":-100,
            "인프라총점":79.0,
            "초등학군":89.96,
            "중학군":47.02,
            "학군총점":55.608,
            "인구수":21.77,
            "인구증감":-17.55,
            "인구총점":9.974,
            "일자리":9.04,
            "소득수준":50.88,
            "일자리총점":21.592,
            "가치 총점":41.4412,
            "매매실거래년":20220120.0,
            "매매실거래가":65000.0,
            "전세실거래년":20220120.0,
            "전세실거래가":47000.0,
            "전세가율":72.31,
            "장기전세가율평균":68.39,
            "전세가율거품지수":-3.92,
            "검색코드":106149,
            "세대수":272.0,
            "준공년월":"2014-11-25",
            "준공년차":9.0,
            "가까운역이름":"구리",
            "가까운역거리":1190.1,
            "역세권여부":"비역세권",
            "30분이내주요거점역":0,
            "30분거점역이름":"[]",
            "1시간이내주요거점역":1,
            "1시간거점역이름":"['잠실']",
            "3km이내백화점수":1,
            "5km이내아울렛몰수":2,
            "1km이내대형먀트수":1,
            "500m이내은행수":0,
            "500m이내병원수":18,
            "5km이내대형병원수":3,
            "500m이내공원수":7,
            "3km이내혐오시설수":2,
            "초등학교학업성취도":89.96,
            "중학교학업성취도":77.5,
            "용적률":229,
            "건폐율":28,
            "Y":37.593891,
            "X":127.149857,
            "rank":87.0,
            "area_info":"29평(96.4), 29평(97.74), 33평(109.55), 33평(109.56), 33평(110.7)",
            "last_sales":"2022-01-20,65000.0,29평(96.4)",
            "rank_history":[
                [
                    "202203",
                    87
                ],
                [
                    "202202",
                    51
                ],
                [
                    "202201",
                    60
                ]
            ],
            "rank_gap":-36
        },
        {
            "index":23,
            "아파트명":"갈매와이시티",
            "투자타입":"일반",
            "전용면적(m2)":"101.06",
            "전용면적(평)":"30평",
            "법정동주소":"경기도 구리시 갈매동 626",
            "도로명주소":"경기도 구리시 갈매중앙로 45",
            "세대수":30,
            "입주년차":80,
            "용적률점수":"--",
            "건폐율점수":"--",
            "세대당주차수":30,
            "난방방식":100,
            "공급면적":"--",
            "전용률":"--",
            "욕실수":100,
            "현관타입":100,
            "주거총점":61.0,
            "지역구공급총점":100.0,
            "역세권":50,
            "30분내 이동가능 거점":0,
            "1시간내 이동가능 거점":0,
            "교통총점":25.0,
            "백화점":0,
            "아울렛몰":100,
            "대형마트":0,
            "은행":0,
            "병원":60,
            "종합병원":100,
            "공원":100,
            "혐오시설":0,
            "인프라총점":39.0,
            "초등학군":89.98,
            "중학군":49.54,
            "학군총점":57.628,
            "인구수":21.77,
            "인구증감":-17.55,
            "인구총점":9.974,
            "일자리":9.04,
            "소득수준":50.88,
            "일자리총점":21.592,
            "가치 총점":41.2942,
            "매매실거래년":20220226.0,
            "매매실거래가":71000.0,
            "전세실거래년":20220212.0,
            "전세실거래가":35700.0,
            "전세가율":47.28,
            "장기전세가율평균":68.39,
            "전세가율거품지수":21.11,
            "검색코드":112976,
            "세대수":382.0,
            "준공년월":"2017-11-10",
            "준공년차":6.0,
            "가까운역이름":"갈매",
            "가까운역거리":568.82,
            "역세권여부":"준역세권",
            "30분이내주요거점역":0,
            "30분거점역이름":"[]",
            "1시간이내주요거점역":0,
            "1시간거점역이름":"[]",
            "3km이내백화점수":0,
            "5km이내아울렛몰수":2,
            "1km이내대형먀트수":0,
            "500m이내은행수":0,
            "500m이내병원수":18,
            "5km이내대형병원수":6,
            "500m이내공원수":4,
            "3km이내혐오시설수":0,
            "초등학교학업성취도":89.98,
            "중학교학업성취도":82.1,
            "용적률":157,
            "건폐율":14,
            "Y":37.628971,
            "X":127.114226,
            "rank":88.0,
            "area_info":"30평(101.06), 34평(114.53), 34평(114.47)",
            "last_sales":"2022-02-26,71000.0,34평(114.47)",
            "rank_history":[
                [
                    "202203",
                    88
                ],
                [
                    "202202",
                    65
                ],
                [
                    "202201",
                    53
                ]
            ],
            "rank_gap":-23
        },
        {
            "index":493,
            "아파트명":"신명스카이뷰",
            "투자타입":"일반",
            "전용면적(m2)":"102.7",
            "전용면적(평)":"31평",
            "법정동주소":"경기도 구리시 토평동 262-1",
            "도로명주소":"경기도 구리시 이문안로152번길 11",
            "세대수":0,
            "입주년차":40,
            "용적률점수":"--",
            "건폐율점수":"--",
            "세대당주차수":30,
            "난방방식":30,
            "공급면적":"--",
            "전용률":"--",
            "욕실수":100,
            "현관타입":100,
            "주거총점":35.5,
            "지역구공급총점":100.0,
            "역세권":0,
            "30분내 이동가능 거점":0,
            "1시간내 이동가능 거점":10,
            "교통총점":2.0,
            "백화점":100,
            "아울렛몰":100,
            "대형마트":80,
            "은행":0,
            "병원":60,
            "종합병원":100,
            "공원":100,
            "혐오시설":0,
            "인프라총점":81.0,
            "초등학군":89.99,
            "중학군":47.02,
            "학군총점":55.614,
            "인구수":21.77,
            "인구증감":-17.55,
            "인구총점":9.974,
            "일자리":9.04,
            "소득수준":50.88,
            "일자리총점":21.592,
            "가치 총점":40.4421,
            "매매실거래년":20210621.0,
            "매매실거래가":56900.0,
            "전세실거래년":20211211.0,
            "전세실거래가":31500.0,
            "전세가율":55.36,
            "장기전세가율평균":68.39,
            "전세가율거품지수":13.03,
            "검색코드":22949,
            "세대수":77.0,
            "준공년월":"2006-03-07",
            "준공년차":17.0,
            "가까운역이름":"토평 (2023년 예정)",
            "가까운역거리":1022.9,
            "역세권여부":"비역세권",
            "30분이내주요거점역":0,
            "30분거점역이름":"[]",
            "1시간이내주요거점역":1,
            "1시간거점역이름":"['잠실']",
            "3km이내백화점수":1,
            "5km이내아울렛몰수":2,
            "1km이내대형먀트수":1,
            "500m이내은행수":0,
            "500m이내병원수":12,
            "5km이내대형병원수":3,
            "500m이내공원수":6,
            "3km이내혐오시설수":0,
            "초등학교학업성취도":89.99,
            "중학교학업성취도":77.5,
            "용적률":251,
            "건폐율":29,
            "Y":37.59027,
            "X":127.148721,
            "rank":89.0,
            "area_info":"31평(102.7), 31평(102.81)",
            "last_sales":"2021-06-21,56900.0,31평(102.7)",
            "rank_history":[
                [
                    "202203",
                    89
                ],
                [
                    "202202",
                    9999
                ]
            ],
            "rank_gap":9999
        },
        {
            "index":34,
            "아파트명":"이룸넘버원리치안(도시형)",
            "투자타입":"일반",
            "전용면적(m2)":"25.07",
            "전용면적(평)":"7평",
            "법정동주소":"경기도 구리시 갈매동 646",
            "도로명주소":"경기도 구리시 갈매중앙로 70",
            "세대수":0,
            "입주년차":80,
            "용적률점수":"--",
            "건폐율점수":"--",
            "세대당주차수":0,
            "난방방식":30,
            "공급면적":"--",
            "전용률":"--",
            "욕실수":50,
            "현관타입":10,
            "주거총점":25.0,
            "지역구공급총점":100.0,
            "역세권":80,
            "30분내 이동가능 거점":0,
            "1시간내 이동가능 거점":0,
            "교통총점":40.0,
            "백화점":0,
            "아울렛몰":100,
            "대형마트":0,
            "은행":0,
            "병원":60,
            "종합병원":100,
            "공원":100,
            "혐오시설":0,
            "인프라총점":39.0,
            "초등학군":89.98,
            "중학군":49.54,
            "학군총점":57.628,
            "인구수":21.77,
            "인구증감":-17.55,
            "인구총점":9.974,
            "일자리":9.04,
            "소득수준":50.88,
            "일자리총점":21.592,
            "가치 총점":39.3442,
            "매매실거래년":20220106.0,
            "매매실거래가":16950.0,
            "전세실거래년":20211227.0,
            "전세실거래가":9500.0,
            "전세가율":95.0,
            "장기전세가율평균":68.39,
            "전세가율거품지수":-26.61,
            "검색코드":115513,
            "세대수":206.0,
            "준공년월":"2017-03-10",
            "준공년차":6.0,
            "가까운역이름":"갈매",
            "가까운역거리":450.79,
            "역세권여부":"역세권",
            "30분이내주요거점역":0,
            "30분거점역이름":"[]",
            "1시간이내주요거점역":0,
            "1시간거점역이름":"[]",
            "3km이내백화점수":0,
            "5km이내아울렛몰수":2,
            "1km이내대형먀트수":0,
            "500m이내은행수":0,
            "500m이내병원수":24,
            "5km이내대형병원수":5,
            "500m이내공원수":6,
            "3km이내혐오시설수":0,
            "초등학교학업성취도":89.98,
            "중학교학업성취도":82.1,
            "용적률":199,
            "건폐율":47,
            "Y":37.63045,
            "X":127.117068,
            "rank":90.0,
            "area_info":"7평(25.07), 14평(49.54)",
            "last_sales":"2022-01-06,16950.0,14평(49.54)",
            "rank_history":[
                [
                    "202203",
                    90
                ],
                [
                    "202202",
                    70
                ],
                [
                    "202201",
                    64
                ]
            ],
            "rank_gap":-20
        },
        {
            "index":80,
            "아파트명":"비제이빌",
            "투자타입":"일반",
            "전용면적(m2)":"33.77",
            "전용면적(평)":"10평",
            "법정동주소":"경기도 구리시 교문동 220-16",
            "도로명주소":"경기도 구리시 체육관로153번길 50",
            "세대수":0,
            "입주년차":20,
            "용적률점수":"--",
            "건폐율점수":"--",
            "세대당주차수":0,
            "난방방식":30,
            "공급면적":"--",
            "전용률":"--",
            "욕실수":50,
            "현관타입":50,
            "주거총점":17.0,
            "지역구공급총점":100.0,
            "역세권":0,
            "30분내 이동가능 거점":0,
            "1시간내 이동가능 거점":20,
            "교통총점":4.0,
            "백화점":100,
            "아울렛몰":100,
            "대형마트":80,
            "은행":20,
            "병원":80,
            "종합병원":100,
            "공원":100,
            "혐오시설":0,
            "인프라총점":85.0,
            "초등학군":90.01,
            "중학군":50.08,
            "학군총점":58.066,
            "인구수":21.77,
            "인구증감":-17.55,
            "인구총점":9.974,
            "일자리":9.04,
            "소득수준":50.88,
            "일자리총점":21.592,
            "가치 총점":39.0099,
            "매매실거래년":20200109.0,
            "매매실거래가":29800.0,
            "전세실거래년":null,
            "전세실거래가":null,
            "전세가율":null,
            "장기전세가율평균":68.39,
            "전세가율거품지수":null,
            "검색코드":13804,
            "세대수":86.0,
            "준공년월":"2003-12-26",
            "준공년차":20.0,
            "가까운역이름":"구리",
            "가까운역거리":1008.24,
            "역세권여부":"비역세권",
            "30분이내주요거점역":0,
            "30분거점역이름":"[]",
            "1시간이내주요거점역":2,
            "1시간거점역이름":"['잠실', '을지로3가']",
            "3km이내백화점수":1,
            "5km이내아울렛몰수":2,
            "1km이내대형먀트수":1,
            "500m이내은행수":2,
            "500m이내병원수":30,
            "5km이내대형병원수":4,
            "500m이내공원수":8,
            "3km이내혐오시설수":0,
            "초등학교학업성취도":90.01,
            "중학교학업성취도":82.8,
            "용적률":0,
            "건폐율":0,
            "Y":37.59882,
            "X":127.13338,
            "rank":91.0,
            "area_info":"10평(33.77), 12평(39.68), 12평(40.91), 14평(49.19), 15평(50.12), 15평(51.5), 17평(57.29), 18평(60.55), 18평(61.25), 18평(62.38), 18평(62.43), 21평(70.19), 21평(72.33), 22평(73.32), 22평(74.64), 25평(83.47), 25평(85.02)",
            "last_sales":"2020-01-09,29800.0,25평(85.02)",
            "rank_history":[
                [
                    "202203",
                    91
                ],
                [
                    "202202",
                    9999
                ]
            ],
            "rank_gap":9999
        },
        {
            "index":197,
            "아파트명":"우림",
            "투자타입":"일반",
            "전용면적(m2)":"77.7",
            "전용면적(평)":"23평",
            "법정동주소":"경기도 구리시 수택동 684-11",
            "도로명주소":"경기도 구리시 이문안로139번길 9",
            "세대수":0,
            "입주년차":20,
            "용적률점수":"--",
            "건폐율점수":"--",
            "세대당주차수":30,
            "난방방식":30,
            "공급면적":"--",
            "전용률":"--",
            "욕실수":50,
            "현관타입":100,
            "주거총점":26.5,
            "지역구공급총점":100.0,
            "역세권":0,
            "30분내 이동가능 거점":0,
            "1시간내 이동가능 거점":10,
            "교통총점":2.0,
            "백화점":100,
            "아울렛몰":100,
            "대형마트":80,
            "은행":0,
            "병원":60,
            "종합병원":100,
            "공원":100,
            "혐오시설":0,
            "인프라총점":81.0,
            "초등학군":89.96,
            "중학군":47.02,
            "학군총점":55.608,
            "인구수":21.77,
            "인구증감":-17.55,
            "인구총점":9.974,
            "일자리":9.04,
            "소득수준":50.88,
            "일자리총점":21.592,
            "가치 총점":38.6412,
            "매매실거래년":20210916.0,
            "매매실거래가":60000.0,
            "전세실거래년":20220105.0,
            "전세실거래가":30000.0,
            "전세가율":68.18,
            "장기전세가율평균":68.39,
            "전세가율거품지수":0.21,
            "검색코드":1650,
            "세대수":266.0,
            "준공년월":"1999-12-24",
            "준공년차":24.0,
            "가까운역이름":"토평 (2023년 예정)",
            "가까운역거리":1026.96,
            "역세권여부":"비역세권",
            "30분이내주요거점역":0,
            "30분거점역이름":"[]",
            "1시간이내주요거점역":1,
            "1시간거점역이름":"['잠실']",
            "3km이내백화점수":1,
            "5km이내아울렛몰수":2,
            "1km이내대형먀트수":1,
            "500m이내은행수":0,
            "500m이내병원수":20,
            "5km이내대형병원수":4,
            "500m이내공원수":6,
            "3km이내혐오시설수":0,
            "초등학교학업성취도":89.96,
            "중학교학업성취도":77.5,
            "용적률":0,
            "건폐율":0,
            "Y":37.591929,
            "X":127.147717,
            "rank":92.0,
            "area_info":"23평(77.7), 26평(86.96), 31평(105.41), 31평(105.13), 34평(114.1)",
            "last_sales":"2021-09-16,60000.0,34평(114.1)",
            "rank_history":[
                [
                    "202203",
                    92
                ],
                [
                    "202202",
                    68
                ],
                [
                    "202201",
                    74
                ]
            ],
            "rank_gap":-24
        },
        {
            "index":486,
            "아파트명":"SK,신일",
            "투자타입":"일반",
            "전용면적(m2)":"114.34",
            "전용면적(평)":"34평",
            "법정동주소":"경기도 구리시 토평동 1008",
            "도로명주소":"경기도 구리시 검배로 142",
            "세대수":50,
            "입주년차":20,
            "용적률점수":"--",
            "건폐율점수":"--",
            "세대당주차수":30,
            "난방방식":30,
            "공급면적":"--",
            "전용률":"--",
            "욕실수":100,
            "현관타입":100,
            "주거총점":49.0,
            "지역구공급총점":100.0,
            "역세권":0,
            "30분내 이동가능 거점":0,
            "1시간내 이동가능 거점":10,
            "교통총점":2.0,
            "백화점":100,
            "아울렛몰":100,
            "대형마트":0,
            "은행":0,
            "병원":30,
            "종합병원":100,
            "공원":100,
            "혐오시설":-100,
            "인프라총점":64.0,
            "초등학군":89.96,
            "중학군":47.02,
            "학군총점":55.608,
            "인구수":21.77,
            "인구증감":-17.55,
            "인구총점":9.974,
            "일자리":9.04,
            "소득수준":50.88,
            "일자리총점":21.592,
            "가치 총점":38.0412,
            "매매실거래년":20211228.0,
            "매매실거래가":72700.0,
            "전세실거래년":20220204.0,
            "전세실거래가":31000.0,
            "전세가율":42.64,
            "장기전세가율평균":68.39,
            "전세가율거품지수":25.75,
            "검색코드":3579,
            "세대수":492.0,
            "준공년월":"2001-06-22",
            "준공년차":22.0,
            "가까운역이름":"구리",
            "가까운역거리":1450.21,
            "역세권여부":"비역세권",
            "30분이내주요거점역":0,
            "30분거점역이름":"[]",
            "1시간이내주요거점역":1,
            "1시간거점역이름":"['잠실']",
            "3km이내백화점수":1,
            "5km이내아울렛몰수":2,
            "1km이내대형먀트수":0,
            "500m이내은행수":0,
            "500m이내병원수":6,
            "5km이내대형병원수":3,
            "500m이내공원수":4,
            "3km이내혐오시설수":4,
            "초등학교학업성취도":89.96,
            "중학교학업성취도":77.5,
            "용적률":219,
            "건폐율":15,
            "Y":37.593025,
            "X":127.153536,
            "rank":93.0,
            "area_info":"34평(114.34), 34평(115.31)",
            "last_sales":"2021-12-28,72700.0,34평(114.34)",
            "rank_history":[
                [
                    "202203",
                    93
                ],
                [
                    "202202",
                    75
                ],
                [
                    "202201",
                    72
                ]
            ],
            "rank_gap":-18
        },
        {
            "index":219,
            "아파트명":"토평주공",
            "투자타입":"일반",
            "전용면적(m2)":"62.7",
            "전용면적(평)":"18평",
            "법정동주소":"경기도 구리시 수택동 879",
            "도로명주소":"경기도 구리시 벌말로 226",
            "세대수":50,
            "입주년차":20,
            "용적률점수":"--",
            "건폐율점수":"--",
            "세대당주차수":0,
            "난방방식":30,
            "공급면적":"--",
            "전용률":"--",
            "욕실수":50,
            "현관타입":10,
            "주거총점":30.5,
            "지역구공급총점":100.0,
            "역세권":0,
            "30분내 이동가능 거점":0,
            "1시간내 이동가능 거점":10,
            "교통총점":2.0,
            "백화점":100,
            "아울렛몰":100,
            "대형마트":0,
            "은행":0,
            "병원":60,
            "종합병원":100,
            "공원":100,
            "혐오시설":-100,
            "인프라총점":67.0,
            "초등학군":89.96,
            "중학군":47.02,
            "학군총점":55.608,
            "인구수":21.77,
            "인구증감":-17.55,
            "인구총점":9.974,
            "일자리":9.04,
            "소득수준":50.88,
            "일자리총점":21.592,
            "가치 총점":35.2412,
            "매매실거래년":20220112.0,
            "매매실거래가":58000.0,
            "전세실거래년":20211023.0,
            "전세실거래가":21000.0,
            "전세가율":42.42,
            "장기전세가율평균":68.39,
            "전세가율거품지수":25.97,
            "검색코드":3578,
            "세대수":693.0,
            "준공년월":"2002-05-03",
            "준공년차":21.0,
            "가까운역이름":"구리",
            "가까운역거리":1184.51,
            "역세권여부":"비역세권",
            "30분이내주요거점역":0,
            "30분거점역이름":"[]",
            "1시간이내주요거점역":1,
            "1시간거점역이름":"['잠실']",
            "3km이내백화점수":1,
            "5km이내아울렛몰수":2,
            "1km이내대형먀트수":0,
            "500m이내은행수":0,
            "500m이내병원수":10,
            "5km이내대형병원수":3,
            "500m이내공원수":4,
            "3km이내혐오시설수":2,
            "초등학교학업성취도":89.96,
            "중학교학업성취도":77.5,
            "용적률":228,
            "건폐율":19,
            "Y":37.595296,
            "X":127.152265,
            "rank":94.0,
            "area_info":"18평(62.7), 24평(81.32)",
            "last_sales":"2022-01-12,58000.0,24평(81.32)",
            "rank_history":[
                [
                    "202203",
                    94
                ],
                [
                    "202202",
                    73
                ],
                [
                    "202201",
                    71
                ]
            ],
            "rank_gap":-21
        },
        {
            "index":2,
            "아파트명":"갈매더샵나인힐스",
            "투자타입":"일반",
            "전용면적(m2)":"93.95",
            "전용면적(평)":"28평",
            "법정동주소":"경기도 구리시 갈매동 665",
            "도로명주소":"경기도 구리시 갈매순환로 10",
            "세대수":80,
            "입주년차":80,
            "용적률점수":"--",
            "건폐율점수":"--",
            "세대당주차수":30,
            "난방방식":100,
            "공급면적":"--",
            "전용률":"--",
            "욕실수":100,
            "현관타입":100,
            "주거총점":78.5,
            "지역구공급총점":100.0,
            "역세권":0,
            "30분내 이동가능 거점":0,
            "1시간내 이동가능 거점":0,
            "교통총점":0.0,
            "백화점":0,
            "아울렛몰":100,
            "대형마트":0,
            "은행":0,
            "병원":10,
            "종합병원":100,
            "공원":100,
            "혐오시설":0,
            "인프라총점":34.0,
            "초등학군":89.98,
            "중학군":49.54,
            "학군총점":57.628,
            "인구수":21.77,
            "인구증감":-17.55,
            "인구총점":9.974,
            "일자리":9.04,
            "소득수준":50.88,
            "일자리총점":21.592,
            "가치 총점":34.5442,
            "매매실거래년":20211228.0,
            "매매실거래가":63000.0,
            "전세실거래년":20211228.0,
            "전세실거래가":23000.0,
            "전세가율":36.51,
            "장기전세가율평균":68.39,
            "전세가율거품지수":31.88,
            "검색코드":108435,
            "세대수":857.0,
            "준공년월":"2016-06-15",
            "준공년차":7.0,
            "가까운역이름":"갈매",
            "가까운역거리":1120.27,
            "역세권여부":"비역세권",
            "30분이내주요거점역":0,
            "30분거점역이름":"[]",
            "1시간이내주요거점역":0,
            "1시간거점역이름":"[]",
            "3km이내백화점수":0,
            "5km이내아울렛몰수":2,
            "1km이내대형먀트수":0,
            "500m이내은행수":0,
            "500m이내병원수":3,
            "5km이내대형병원수":5,
            "500m이내공원수":2,
            "3km이내혐오시설수":0,
            "초등학교학업성취도":89.98,
            "중학교학업성취도":82.1,
            "용적률":189,
            "건폐율":13,
            "Y":37.624329,
            "X":127.111508,
            "rank":95.0,
            "area_info":"28평(93.95), 28평(93.91), 33평(110.45), 34평(112.61), 34평(112.55), 34평(112.85), 34평(112.67)",
            "last_sales":"2021-12-28,63000.0,28평(93.95)",
            "rank_history":[
                [
                    "202203",
                    95
                ],
                [
                    "202202",
                    83
                ],
                [
                    "202201",
                    82
                ]
            ],
            "rank_gap":-12
        },
        {
            "index":496,
            "아파트명":"우남",
            "투자타입":"일반",
            "전용면적(m2)":"84.89",
            "전용면적(평)":"25평",
            "법정동주소":"경기도 구리시 토평동 1009",
            "도로명주소":"경기도 구리시 검배로 154",
            "세대수":0,
            "입주년차":20,
            "용적률점수":"--",
            "건폐율점수":"--",
            "세대당주차수":30,
            "난방방식":30,
            "공급면적":"--",
            "전용률":"--",
            "욕실수":100,
            "현관타입":100,
            "주거총점":31.5,
            "지역구공급총점":100.0,
            "역세권":0,
            "30분내 이동가능 거점":0,
            "1시간내 이동가능 거점":10,
            "교통총점":2.0,
            "백화점":100,
            "아울렛몰":100,
            "대형마트":0,
            "은행":0,
            "병원":10,
            "종합병원":100,
            "공원":100,
            "혐오시설":-100,
            "인프라총점":62.0,
            "초등학군":89.96,
            "중학군":47.02,
            "학군총점":55.608,
            "인구수":21.77,
            "인구증감":-17.55,
            "인구총점":9.974,
            "일자리":9.04,
            "소득수준":50.88,
            "일자리총점":21.592,
            "가치 총점":33.9412,
            "매매실거래년":20211008.0,
            "매매실거래가":59500.0,
            "전세실거래년":20211026.0,
            "전세실거래가":28000.0,
            "전세가율":47.06,
            "장기전세가율평균":68.39,
            "전세가율거품지수":21.33,
            "검색코드":8432,
            "세대수":252.0,
            "준공년월":"2000-12-28",
            "준공년차":23.0,
            "가까운역이름":"구리",
            "가까운역거리":1529.07,
            "역세권여부":"비역세권",
            "30분이내주요거점역":0,
            "30분거점역이름":"[]",
            "1시간이내주요거점역":1,
            "1시간거점역이름":"['잠실']",
            "3km이내백화점수":1,
            "5km이내아울렛몰수":2,
            "1km이내대형먀트수":0,
            "500m이내은행수":0,
            "500m이내병원수":4,
            "5km이내대형병원수":3,
            "500m이내공원수":2,
            "3km이내혐오시설수":4,
            "초등학교학업성취도":89.96,
            "중학교학업성취도":77.5,
            "용적률":199,
            "건폐율":16,
            "Y":37.59302,
            "X":127.15492,
            "rank":96.0,
            "area_info":"25평(84.89)",
            "last_sales":"2021-10-08,59500.0,25평(84.89)",
            "rank_history":[
                [
                    "202203",
                    96
                ],
                [
                    "202202",
                    84
                ],
                [
                    "202201",
                    84
                ]
            ],
            "rank_gap":-12
        },
        {
            "index":194,
            "아파트명":"영풍마드레빌1차",
            "투자타입":"일반",
            "전용면적(m2)":"82.32",
            "전용면적(평)":"24평",
            "법정동주소":"경기도 구리시 수택동 885",
            "도로명주소":"경기도 구리시 벌말로 226-6",
            "세대수":0,
            "입주년차":20,
            "용적률점수":"--",
            "건폐율점수":"--",
            "세대당주차수":30,
            "난방방식":30,
            "공급면적":"--",
            "전용률":"--",
            "욕실수":100,
            "현관타입":100,
            "주거총점":31.5,
            "지역구공급총점":100.0,
            "역세권":0,
            "30분내 이동가능 거점":0,
            "1시간내 이동가능 거점":0,
            "교통총점":0.0,
            "백화점":100,
            "아울렛몰":100,
            "대형마트":0,
            "은행":0,
            "병원":30,
            "종합병원":100,
            "공원":100,
            "혐오시설":-100,
            "인프라총점":64.0,
            "초등학군":89.96,
            "중학군":47.02,
            "학군총점":55.608,
            "인구수":21.77,
            "인구증감":-17.55,
            "인구총점":9.974,
            "일자리":9.04,
            "소득수준":50.88,
            "일자리총점":21.592,
            "가치 총점":33.8412,
            "매매실거래년":20210910.0,
            "매매실거래가":62500.0,
            "전세실거래년":20220225.0,
            "전세실거래가":26250.0,
            "전세가율":42.0,
            "장기전세가율평균":68.39,
            "전세가율거품지수":26.39,
            "검색코드":8915,
            "세대수":251.0,
            "준공년월":"2003-12-31",
            "준공년차":20.0,
            "가까운역이름":"구리",
            "가까운역거리":1271.54,
            "역세권여부":"비역세권",
            "30분이내주요거점역":0,
            "30분거점역이름":"[]",
            "1시간이내주요거점역":0,
            "1시간거점역이름":"[]",
            "3km이내백화점수":1,
            "5km이내아울렛몰수":2,
            "1km이내대형먀트수":0,
            "500m이내은행수":0,
            "500m이내병원수":6,
            "5km이내대형병원수":3,
            "500m이내공원수":4,
            "3km이내혐오시설수":4,
            "초등학교학업성취도":89.96,
            "중학교학업성취도":77.5,
            "용적률":260,
            "건폐율":14,
            "Y":37.594952,
            "X":127.153254,
            "rank":97.0,
            "area_info":"24평(82.32), 32평(108.85), 40평(134.73)",
            "last_sales":"2021-09-10,62500.0,24평(82.32)",
            "rank_history":[
                [
                    "202203",
                    97
                ],
                [
                    "202202",
                    80
                ],
                [
                    "202201",
                    80
                ]
            ],
            "rank_gap":-17
        },
        {
            "index":495,
            "아파트명":"영풍마드레빌2차",
            "투자타입":"일반",
            "전용면적(m2)":"107.73",
            "전용면적(평)":"32평",
            "법정동주소":"경기도 구리시 토평동 1011",
            "도로명주소":"경기도 구리시 검배로 132",
            "세대수":0,
            "입주년차":20,
            "용적률점수":"--",
            "건폐율점수":"--",
            "세대당주차수":0,
            "난방방식":30,
            "공급면적":"--",
            "전용률":"--",
            "욕실수":100,
            "현관타입":100,
            "주거총점":27.0,
            "지역구공급총점":100.0,
            "역세권":0,
            "30분내 이동가능 거점":0,
            "1시간내 이동가능 거점":10,
            "교통총점":2.0,
            "백화점":100,
            "아울렛몰":100,
            "대형마트":0,
            "은행":0,
            "병원":30,
            "종합병원":100,
            "공원":100,
            "혐오시설":-100,
            "인프라총점":64.0,
            "초등학군":89.96,
            "중학군":47.02,
            "학군총점":55.608,
            "인구수":21.77,
            "인구증감":-17.55,
            "인구총점":9.974,
            "일자리":9.04,
            "소득수준":50.88,
            "일자리총점":21.592,
            "가치 총점":33.6412,
            "매매실거래년":20210730.0,
            "매매실거래가":63000.0,
            "전세실거래년":20210824.0,
            "전세실거래가":29400.0,
            "전세가율":46.67,
            "장기전세가율평균":68.39,
            "전세가율거품지수":21.72,
            "검색코드":10315,
            "세대수":83.0,
            "준공년월":"2003-09-03",
            "준공년차":20.0,
            "가까운역이름":"구리",
            "가까운역거리":1341.45,
            "역세권여부":"비역세권",
            "30분이내주요거점역":0,
            "30분거점역이름":"[]",
            "1시간이내주요거점역":1,
            "1시간거점역이름":"['잠실']",
            "3km이내백화점수":1,
            "5km이내아울렛몰수":2,
            "1km이내대형먀트수":0,
            "500m이내은행수":0,
            "500m이내병원수":6,
            "5km이내대형병원수":3,
            "500m이내공원수":4,
            "3km이내혐오시설수":4,
            "초등학교학업성취도":89.96,
            "중학교학업성취도":77.5,
            "용적률":262,
            "건폐율":24,
            "Y":37.59364,
            "X":127.152521,
            "rank":98.0,
            "area_info":"32평(107.73)",
            "last_sales":"2021-07-30,63000.0,32평(107.73)",
            "rank_history":[
                [
                    "202203",
                    98
                ],
                [
                    "202202",
                    9999
                ]
            ],
            "rank_gap":9999
        }
    ]
}