{
    "schema":{
        "fields":[
            {
                "name":"index",
                "type":"integer"
            },
            {
                "name":"아파트명",
                "type":"string"
            },
            {
                "name":"투자타입",
                "type":"string"
            },
            {
                "name":"전용면적(m2)",
                "type":"string"
            },
            {
                "name":"전용면적(평)",
                "type":"string"
            },
            {
                "name":"법정동주소",
                "type":"string"
            },
            {
                "name":"도로명주소",
                "type":"string"
            },
            {
                "name":"세대수",
                "type":"integer"
            },
            {
                "name":"입주년차",
                "type":"string"
            },
            {
                "name":"용적률점수",
                "type":"string"
            },
            {
                "name":"건폐율점수",
                "type":"string"
            },
            {
                "name":"세대당주차수",
                "type":"string"
            },
            {
                "name":"난방방식",
                "type":"string"
            },
            {
                "name":"공급면적",
                "type":"string"
            },
            {
                "name":"전용률",
                "type":"string"
            },
            {
                "name":"욕실수",
                "type":"string"
            },
            {
                "name":"현관타입",
                "type":"string"
            },
            {
                "name":"주거총점",
                "type":"number"
            },
            {
                "name":"지역구공급총점",
                "type":"number"
            },
            {
                "name":"역세권",
                "type":"integer"
            },
            {
                "name":"30분내 이동가능 거점",
                "type":"integer"
            },
            {
                "name":"1시간내 이동가능 거점",
                "type":"integer"
            },
            {
                "name":"교통총점",
                "type":"number"
            },
            {
                "name":"백화점",
                "type":"integer"
            },
            {
                "name":"아울렛몰",
                "type":"integer"
            },
            {
                "name":"대형마트",
                "type":"integer"
            },
            {
                "name":"은행",
                "type":"integer"
            },
            {
                "name":"병원",
                "type":"integer"
            },
            {
                "name":"종합병원",
                "type":"integer"
            },
            {
                "name":"공원",
                "type":"integer"
            },
            {
                "name":"혐오시설",
                "type":"integer"
            },
            {
                "name":"인프라총점",
                "type":"number"
            },
            {
                "name":"초등학군",
                "type":"number"
            },
            {
                "name":"중학군",
                "type":"number"
            },
            {
                "name":"학군총점",
                "type":"number"
            },
            {
                "name":"인구수",
                "type":"number"
            },
            {
                "name":"인구증감",
                "type":"number"
            },
            {
                "name":"인구총점",
                "type":"number"
            },
            {
                "name":"일자리",
                "type":"number"
            },
            {
                "name":"소득수준",
                "type":"number"
            },
            {
                "name":"일자리총점",
                "type":"number"
            },
            {
                "name":"가치 총점",
                "type":"number"
            },
            {
                "name":"매매실거래년",
                "type":"string"
            },
            {
                "name":"매매실거래가",
                "type":"number"
            },
            {
                "name":"전세실거래년",
                "type":"number"
            },
            {
                "name":"전세실거래가",
                "type":"number"
            },
            {
                "name":"전세가율",
                "type":"number"
            },
            {
                "name":"장기전세가율평균",
                "type":"number"
            },
            {
                "name":"전세가율거품지수",
                "type":"number"
            },
            {
                "name":"검색코드",
                "type":"integer"
            },
            {
                "name":"세대수",
                "type":"number"
            },
            {
                "name":"준공년월",
                "type":"string"
            },
            {
                "name":"준공년차",
                "type":"number"
            },
            {
                "name":"가까운역이름",
                "type":"string"
            },
            {
                "name":"가까운역거리",
                "type":"number"
            },
            {
                "name":"역세권여부",
                "type":"string"
            },
            {
                "name":"30분이내주요거점역",
                "type":"integer"
            },
            {
                "name":"30분거점역이름",
                "type":"string"
            },
            {
                "name":"1시간이내주요거점역",
                "type":"integer"
            },
            {
                "name":"1시간거점역이름",
                "type":"string"
            },
            {
                "name":"3km이내백화점수",
                "type":"integer"
            },
            {
                "name":"5km이내아울렛몰수",
                "type":"integer"
            },
            {
                "name":"1km이내대형먀트수",
                "type":"integer"
            },
            {
                "name":"500m이내은행수",
                "type":"integer"
            },
            {
                "name":"500m이내병원수",
                "type":"integer"
            },
            {
                "name":"5km이내대형병원수",
                "type":"integer"
            },
            {
                "name":"500m이내공원수",
                "type":"integer"
            },
            {
                "name":"3km이내혐오시설수",
                "type":"integer"
            },
            {
                "name":"초등학교학업성취도",
                "type":"number"
            },
            {
                "name":"중학교학업성취도",
                "type":"number"
            },
            {
                "name":"용적률",
                "type":"integer"
            },
            {
                "name":"건폐율",
                "type":"integer"
            },
            {
                "name":"Y",
                "type":"number"
            },
            {
                "name":"X",
                "type":"number"
            },
            {
                "name":"rank",
                "type":"number"
            },
            {
                "name":"area_info",
                "type":"string"
            },
            {
                "name":"last_sales",
                "type":"string"
            },
            {
                "name":"rank_history",
                "type":"string"
            },
            {
                "name":"rank_gap",
                "type":"integer"
            }
        ],
        "primaryKey":[
            "index"
        ],
        "pandas_version":"1.4.0"
    },
    "data":[
        {
            "index":158,
            "아파트명":"세마역트루엘더퍼스트",
            "투자타입":"일반",
            "전용면적(m2)":"98.3",
            "전용면적(평)":"29평",
            "법정동주소":"경기도 오산시 세교동 622",
            "도로명주소":"경기도 오산시 수목원로 615",
            "세대수":90,
            "입주년차":60,
            "용적률점수":"--",
            "건폐율점수":"--",
            "세대당주차수":30,
            "난방방식":100,
            "공급면적":"--",
            "전용률":"--",
            "욕실수":100,
            "현관타입":100,
            "주거총점":78.0,
            "지역구공급총점":0.0,
            "역세권":80,
            "30분내 이동가능 거점":40,
            "1시간내 이동가능 거점":100,
            "교통총점":72.0,
            "백화점":0,
            "아울렛몰":0,
            "대형마트":0,
            "은행":0,
            "병원":10,
            "종합병원":100,
            "공원":100,
            "혐오시설":0,
            "인프라총점":24.0,
            "초등학군":90.02,
            "중학군":50.1,
            "학군총점":58.084,
            "인구수":25.92,
            "인구증감":-0.33,
            "인구총점":18.045,
            "일자리":10.69,
            "소득수준":54.93,
            "일자리총점":23.962,
            "가치 총점":56.7126,
            "매매실거래년":20211111.0,
            "매매실거래가":62500.0,
            "전세실거래년":null,
            "전세실거래가":null,
            "전세가율":null,
            "장기전세가율평균":75.17,
            "전세가율거품지수":null,
            "검색코드":103433,
            "세대수":1023.0,
            "준공년월":"2013-06-24",
            "준공년차":10.0,
            "가까운역이름":"세마",
            "가까운역거리":320.58,
            "역세권여부":"역세권",
            "30분이내주요거점역":2,
            "30분거점역이름":"['수원시청', '수원']",
            "1시간이내주요거점역":11,
            "1시간거점역이름":"['판교', '정자', '수원시청', '평촌', '가산디지털단지', '왕십리', '수원', '안산', '서현', 'GTX용인(2023년)', 'GTX동탄(2023년)']",
            "3km이내백화점수":0,
            "5km이내아울렛몰수":0,
            "1km이내대형먀트수":0,
            "500m이내은행수":0,
            "500m이내병원수":2,
            "5km이내대형병원수":3,
            "500m이내공원수":2,
            "3km이내혐오시설수":0,
            "초등학교학업성취도":90.02,
            "중학교학업성취도":82.3,
            "용적률":193,
            "건폐율":15,
            "Y":37.185688,
            "X":127.040297,
            "rank":1.0,
            "area_info":"29평(98.3), 29평(98.49), 29평(98.3), 33평(111.08), 33평(111.56), 33평(111.25), 33평(111.08), 34평(112.56), 34평(112.48)",
            "last_sales":"2021-11-11,62500.0,34평(112.48)",
            "rank_history":[
                [
                    "202203",
                    1
                ],
                [
                    "202202",
                    4
                ],
                [
                    "202201",
                    4
                ]
            ],
            "rank_gap":3
        },
        {
            "index":318,
            "아파트명":"오산운암주공5단지",
            "투자타입":"일반",
            "전용면적(m2)":"64.15",
            "전용면적(평)":"19평",
            "법정동주소":"경기도 오산시 원동 815-1",
            "도로명주소":"경기도 오산시 대원로 70",
            "세대수":90,
            "입주년차":20,
            "용적률점수":"--",
            "건폐율점수":"--",
            "세대당주차수":30,
            "난방방식":100,
            "공급면적":"--",
            "전용률":"--",
            "욕실수":50,
            "현관타입":100,
            "주거총점":65.0,
            "지역구공급총점":0.0,
            "역세권":50,
            "30분내 이동가능 거점":20,
            "1시간내 이동가능 거점":60,
            "교통총점":43.0,
            "백화점":0,
            "아울렛몰":0,
            "대형마트":100,
            "은행":100,
            "병원":80,
            "종합병원":100,
            "공원":100,
            "혐오시설":0,
            "인프라총점":56.0,
            "초등학군":90.0,
            "중학군":42.8,
            "학군총점":52.24,
            "인구수":25.92,
            "인구증감":-0.33,
            "인구총점":18.045,
            "일자리":10.69,
            "소득수준":54.93,
            "일자리총점":23.962,
            "가치 총점":52.686,
            "매매실거래년":20220224.0,
            "매매실거래가":25600.0,
            "전세실거래년":20220217.0,
            "전세실거래가":21000.0,
            "전세가율":82.03,
            "장기전세가율평균":75.17,
            "전세가율거품지수":-6.86,
            "검색코드":8022,
            "세대수":1186.0,
            "준공년월":"1999-04-15",
            "준공년차":24.0,
            "가까운역이름":"오산",
            "가까운역거리":777.04,
            "역세권여부":"준역세권",
            "30분이내주요거점역":1,
            "30분거점역이름":"['수원']",
            "1시간이내주요거점역":6,
            "1시간거점역이름":"['강남', '수원시청', '평촌', '가산디지털단지', '수원', 'GTX동탄(2023년)']",
            "3km이내백화점수":0,
            "5km이내아울렛몰수":0,
            "1km이내대형먀트수":2,
            "500m이내은행수":5,
            "500m이내병원수":43,
            "5km이내대형병원수":2,
            "500m이내공원수":3,
            "3km이내혐오시설수":0,
            "초등학교학업성취도":90.0,
            "중학교학업성취도":70.4,
            "용적률":0,
            "건폐율":0,
            "Y":37.145337,
            "X":127.075579,
            "rank":2.0,
            "area_info":"19평(64.15), 23평(76.98), 23평(77.04)",
            "last_sales":"2022-02-24,25600.0,19평(64.15)",
            "rank_history":[
                [
                    "202203",
                    2
                ],
                [
                    "202202",
                    2
                ],
                [
                    "202201",
                    2
                ]
            ],
            "rank_gap":0
        },
        {
            "index":172,
            "아파트명":"더샵오산센트럴",
            "투자타입":"일반",
            "전용면적(m2)":"90.25",
            "전용면적(평)":"27평",
            "법정동주소":"경기도 오산시 수청동 622",
            "도로명주소":"경기도 오산시 내삼미로 65",
            "세대수":50,
            "입주년차":100,
            "용적률점수":"--",
            "건폐율점수":"--",
            "세대당주차수":30,
            "난방방식":100,
            "공급면적":"--",
            "전용률":"--",
            "욕실수":100,
            "현관타입":100,
            "주거총점":72.0,
            "지역구공급총점":0.0,
            "역세권":80,
            "30분내 이동가능 거점":0,
            "1시간내 이동가능 거점":30,
            "교통총점":46.0,
            "백화점":0,
            "아울렛몰":0,
            "대형마트":80,
            "은행":0,
            "병원":60,
            "종합병원":100,
            "공원":100,
            "혐오시설":0,
            "인프라총점":41.0,
            "초등학군":90.02,
            "중학군":42.4,
            "학군총점":51.924,
            "인구수":25.92,
            "인구증감":-0.33,
            "인구총점":18.045,
            "일자리":10.69,
            "소득수준":54.93,
            "일자리총점":23.962,
            "가치 총점":50.5886,
            "매매실거래년":20210503.0,
            "매매실거래가":76000.0,
            "전세실거래년":20201023.0,
            "전세실거래가":37000.0,
            "전세가율":75.77,
            "장기전세가율평균":75.17,
            "전세가율거품지수":-0.6,
            "검색코드":122649,
            "세대수":596.0,
            "준공년월":"2020-07-24",
            "준공년차":3.0,
            "가까운역이름":"오산대",
            "가까운역거리":318.02,
            "역세권여부":"역세권",
            "30분이내주요거점역":0,
            "30분거점역이름":"[]",
            "1시간이내주요거점역":3,
            "1시간거점역이름":"['수원시청', '평촌', '가산디지털단지']",
            "3km이내백화점수":0,
            "5km이내아울렛몰수":0,
            "1km이내대형먀트수":1,
            "500m이내은행수":0,
            "500m이내병원수":14,
            "5km이내대형병원수":2,
            "500m이내공원수":4,
            "3km이내혐오시설수":0,
            "초등학교학업성취도":90.02,
            "중학교학업성취도":70.2,
            "용적률":198,
            "건폐율":14,
            "Y":37.167494,
            "X":127.065806,
            "rank":3.0,
            "area_info":"27평(90.25), 30평(101.4), 33평(110.12), 33평(110.31)",
            "last_sales":"2021-05-03,76000.0,33평(110.12)",
            "rank_history":[
                [
                    "202203",
                    3
                ],
                [
                    "202202",
                    1
                ],
                [
                    "202201",
                    1
                ]
            ],
            "rank_gap":-2
        },
        {
            "index":295,
            "아파트명":"오산역e-편한세상1단지",
            "투자타입":"일반",
            "전용면적(m2)":"93.64",
            "전용면적(평)":"28평",
            "법정동주소":"경기도 오산시 원동 888",
            "도로명주소":"경기도 오산시 오산로160번길 14",
            "세대수":90,
            "입주년차":40,
            "용적률점수":"--",
            "건폐율점수":"--",
            "세대당주차수":60,
            "난방방식":100,
            "공급면적":"--",
            "전용률":"--",
            "욕실수":100,
            "현관타입":100,
            "주거총점":78.5,
            "지역구공급총점":0.0,
            "역세권":50,
            "30분내 이동가능 거점":20,
            "1시간내 이동가능 거점":30,
            "교통총점":37.0,
            "백화점":0,
            "아울렛몰":0,
            "대형마트":80,
            "은행":0,
            "병원":80,
            "종합병원":100,
            "공원":100,
            "혐오시설":0,
            "인프라총점":43.0,
            "초등학군":89.99,
            "중학군":41.78,
            "학군총점":51.422,
            "인구수":25.92,
            "인구증감":-0.33,
            "인구총점":18.045,
            "일자리":10.69,
            "소득수준":54.93,
            "일자리총점":23.962,
            "가치 총점":49.2633,
            "매매실거래년":20211025.0,
            "매매실거래가":59500.0,
            "전세실거래년":20211002.0,
            "전세실거래가":22050.0,
            "전세가율":60.41,
            "장기전세가율평균":75.17,
            "전세가율거품지수":14.76,
            "검색코드":19508,
            "세대수":1008.0,
            "준공년월":"2007-06-26",
            "준공년차":16.0,
            "가까운역이름":"오산",
            "가까운역거리":634.07,
            "역세권여부":"준역세권",
            "30분이내주요거점역":1,
            "30분거점역이름":"['수원']",
            "1시간이내주요거점역":3,
            "1시간거점역이름":"['평촌', '가산디지털단지', '수원']",
            "3km이내백화점수":0,
            "5km이내아울렛몰수":0,
            "1km이내대형먀트수":1,
            "500m이내은행수":0,
            "500m이내병원수":32,
            "5km이내대형병원수":2,
            "500m이내공원수":2,
            "3km이내혐오시설수":0,
            "초등학교학업성취도":89.99,
            "중학교학업성취도":69.1,
            "용적률":228,
            "건폐율":14,
            "Y":37.140529,
            "X":127.070257,
            "rank":4.0,
            "area_info":"28평(93.64), 33평(109.42), 33평(109.91), 33평(109.99), 33평(110.81), 33평(110.04), 34평(115.06), 34평(115.21), 39평(130.24), 45평(149.81), 52평(171.96)",
            "last_sales":"2021-10-25,59500.0,39평(130.24)",
            "rank_history":[
                [
                    "202203",
                    4
                ],
                [
                    "202202",
                    6
                ],
                [
                    "202201",
                    7
                ]
            ],
            "rank_gap":2
        },
        {
            "index":246,
            "아파트명":"오산운암주공4단지",
            "투자타입":"일반",
            "전용면적(m2)":"102.63",
            "전용면적(평)":"31평",
            "법정동주소":"경기도 오산시 오산동 922-4",
            "도로명주소":"경기도 오산시 운암로 45",
            "세대수":50,
            "입주년차":20,
            "용적률점수":"--",
            "건폐율점수":"--",
            "세대당주차수":30,
            "난방방식":100,
            "공급면적":"--",
            "전용률":"--",
            "욕실수":100,
            "현관타입":100,
            "주거총점":56.0,
            "지역구공급총점":0.0,
            "역세권":50,
            "30분내 이동가능 거점":0,
            "1시간내 이동가능 거점":70,
            "교통총점":39.0,
            "백화점":0,
            "아울렛몰":0,
            "대형마트":80,
            "은행":100,
            "병원":80,
            "종합병원":100,
            "공원":100,
            "혐오시설":0,
            "인프라총점":53.0,
            "초등학군":89.99,
            "중학군":42.8,
            "학군총점":52.238,
            "인구수":25.92,
            "인구증감":-0.33,
            "인구총점":18.045,
            "일자리":10.69,
            "소득수준":54.93,
            "일자리총점":23.962,
            "가치 총점":48.5857,
            "매매실거래년":20211025.0,
            "매매실거래가":41000.0,
            "전세실거래년":20220119.0,
            "전세실거래가":32000.0,
            "전세가율":78.05,
            "장기전세가율평균":75.17,
            "전세가율거품지수":-2.88,
            "검색코드":8017,
            "세대수":532.0,
            "준공년월":"2000-11-18",
            "준공년차":23.0,
            "가까운역이름":"오산",
            "가까운역거리":953.76,
            "역세권여부":"준역세권",
            "30분이내주요거점역":0,
            "30분거점역이름":"[]",
            "1시간이내주요거점역":7,
            "1시간거점역이름":"['강남', '양재', '수원시청', '평촌', '가산디지털단지', '수원', 'GTX동탄(2023년)']",
            "3km이내백화점수":0,
            "5km이내아울렛몰수":0,
            "1km이내대형먀트수":1,
            "500m이내은행수":9,
            "500m이내병원수":47,
            "5km이내대형병원수":2,
            "500m이내공원수":5,
            "3km이내혐오시설수":0,
            "초등학교학업성취도":89.99,
            "중학교학업성취도":70.4,
            "용적률":226,
            "건폐율":17,
            "Y":37.1507,
            "X":127.0754,
            "rank":5.0,
            "area_info":"31평(102.63)",
            "last_sales":"2021-10-25,41000.0,31평(102.63)",
            "rank_history":[
                [
                    "202203",
                    5
                ],
                [
                    "202202",
                    12
                ],
                [
                    "202201",
                    10
                ]
            ],
            "rank_gap":7
        },
        {
            "index":193,
            "아파트명":"오산대역엘크루",
            "투자타입":"일반",
            "전용면적(m2)":"98.77",
            "전용면적(평)":"29평",
            "법정동주소":"경기도 오산시 수청동 625",
            "도로명주소":"경기도 오산시 오산대역로 232",
            "세대수":50,
            "입주년차":60,
            "용적률점수":"--",
            "건폐율점수":"--",
            "세대당주차수":30,
            "난방방식":100,
            "공급면적":"--",
            "전용률":"--",
            "욕실수":100,
            "현관타입":100,
            "주거총점":64.0,
            "지역구공급총점":0.0,
            "역세권":80,
            "30분내 이동가능 거점":0,
            "1시간내 이동가능 거점":20,
            "교통총점":44.0,
            "백화점":0,
            "아울렛몰":0,
            "대형마트":80,
            "은행":0,
            "병원":60,
            "종합병원":100,
            "공원":100,
            "혐오시설":0,
            "인프라총점":41.0,
            "초등학군":89.99,
            "중학군":42.4,
            "학군총점":51.918,
            "인구수":25.92,
            "인구증감":-0.33,
            "인구총점":18.045,
            "일자리":10.69,
            "소득수준":54.93,
            "일자리총점":23.962,
            "가치 총점":48.2877,
            "매매실거래년":20210906.0,
            "매매실거래가":65000.0,
            "전세실거래년":20211002.0,
            "전세실거래가":40000.0,
            "전세가율":71.43,
            "장기전세가율평균":75.17,
            "전세가율거품지수":3.74,
            "검색코드":103981,
            "세대수":498.0,
            "준공년월":"2013-11-14",
            "준공년차":10.0,
            "가까운역이름":"오산대",
            "가까운역거리":479.01,
            "역세권여부":"역세권",
            "30분이내주요거점역":0,
            "30분거점역이름":"[]",
            "1시간이내주요거점역":2,
            "1시간거점역이름":"['평촌', '가산디지털단지']",
            "3km이내백화점수":0,
            "5km이내아울렛몰수":0,
            "1km이내대형먀트수":1,
            "500m이내은행수":0,
            "500m이내병원수":13,
            "5km이내대형병원수":2,
            "500m이내공원수":5,
            "3km이내혐오시설수":0,
            "초등학교학업성취도":89.99,
            "중학교학업성취도":70.2,
            "용적률":199,
            "건폐율":18,
            "Y":37.170781,
            "X":127.068175,
            "rank":6.0,
            "area_info":"29평(98.77), 33평(110.98), 33평(111.85), 33평(112.01), 33평(112.03), 34평(112.55), 33평(112.03)",
            "last_sales":"2021-09-06,65000.0,34평(112.55)",
            "rank_history":[
                [
                    "202203",
                    6
                ],
                [
                    "202202",
                    3
                ],
                [
                    "202201",
                    3
                ]
            ],
            "rank_gap":-3
        },
        {
            "index":167,
            "아파트명":"잔다리마을휴먼시아2단지",
            "투자타입":"일반",
            "전용면적(m2)":"81.85",
            "전용면적(평)":"24평",
            "법정동주소":"경기도 오산시 세교동 624",
            "도로명주소":"경기도 오산시 수목원로 577-15",
            "세대수":80,
            "입주년차":60,
            "용적률점수":"--",
            "건폐율점수":"--",
            "세대당주차수":0,
            "난방방식":100,
            "공급면적":"--",
            "전용률":"--",
            "욕실수":100,
            "현관타입":100,
            "주거총점":70.0,
            "지역구공급총점":0.0,
            "역세권":50,
            "30분내 이동가능 거점":20,
            "1시간내 이동가능 거점":90,
            "교통총점":49.0,
            "백화점":0,
            "아울렛몰":0,
            "대형마트":0,
            "은행":0,
            "병원":10,
            "종합병원":100,
            "공원":100,
            "혐오시설":0,
            "인프라총점":24.0,
            "초등학군":90.02,
            "중학군":50.1,
            "학군총점":58.084,
            "인구수":25.92,
            "인구증감":-0.33,
            "인구총점":18.045,
            "일자리":10.69,
            "소득수준":54.93,
            "일자리총점":23.962,
            "가치 총점":47.0626,
            "매매실거래년":20220111.0,
            "매매실거래가":42000.0,
            "전세실거래년":20211128.0,
            "전세실거래가":30000.0,
            "전세가율":69.77,
            "장기전세가율평균":75.17,
            "전세가율거품지수":5.4,
            "검색코드":135025,
            "세대수":832.0,
            "준공년월":"2010-06-17",
            "준공년차":13.0,
            "가까운역이름":"세마",
            "가까운역거리":583.58,
            "역세권여부":"준역세권",
            "30분이내주요거점역":1,
            "30분거점역이름":"['수원']",
            "1시간이내주요거점역":9,
            "1시간거점역이름":"['판교', '정자', '수원시청', '평촌', '가산디지털단지', '수원', '안산', '서현', 'GTX용인(2023년)']",
            "3km이내백화점수":0,
            "5km이내아울렛몰수":0,
            "1km이내대형먀트수":0,
            "500m이내은행수":0,
            "500m이내병원수":2,
            "5km이내대형병원수":2,
            "500m이내공원수":3,
            "3km이내혐오시설수":0,
            "초등학교학업성취도":90.02,
            "중학교학업성취도":82.3,
            "용적률":177,
            "건폐율":15,
            "Y":37.182188,
            "X":127.041228,
            "rank":7.0,
            "area_info":"24평(81.85), 24평(82.25), 24평(82.42), 25평(83.32), 25평(83.08)",
            "last_sales":"2022-01-11,42000.0,24평(82.42)",
            "rank_history":[
                [
                    "202203",
                    7
                ],
                [
                    "202202",
                    15
                ],
                [
                    "202201",
                    15
                ]
            ],
            "rank_gap":8
        },
        {
            "index":284,
            "아파트명":"오산센트럴타워",
            "투자타입":"일반",
            "전용면적(m2)":"22.89",
            "전용면적(평)":"6평",
            "법정동주소":"경기도 오산시 원동 783-3",
            "도로명주소":"경기도 오산시 오산로190번길 12",
            "세대수":0,
            "입주년차":80,
            "용적률점수":"--",
            "건폐율점수":"--",
            "세대당주차수":0,
            "난방방식":30,
            "공급면적":"--",
            "전용률":"--",
            "욕실수":50,
            "현관타입":100,
            "주거총점":34.0,
            "지역구공급총점":0.0,
            "역세권":80,
            "30분내 이동가능 거점":20,
            "1시간내 이동가능 거점":40,
            "교통총점":54.0,
            "백화점":0,
            "아울렛몰":0,
            "대형마트":100,
            "은행":0,
            "병원":80,
            "종합병원":100,
            "공원":80,
            "혐오시설":0,
            "인프라총점":45.4,
            "초등학군":89.99,
            "중학군":41.78,
            "학군총점":51.422,
            "인구수":25.92,
            "인구증감":-0.33,
            "인구총점":18.045,
            "일자리":10.69,
            "소득수준":54.93,
            "일자리총점":23.962,
            "가치 총점":47.0333,
            "매매실거래년":20190720.0,
            "매매실거래가":9100.0,
            "전세실거래년":null,
            "전세실거래가":null,
            "전세가율":null,
            "장기전세가율평균":75.17,
            "전세가율거품지수":null,
            "검색코드":122418,
            "세대수":80.0,
            "준공년월":"2015-10-23",
            "준공년차":8.0,
            "가까운역이름":"오산",
            "가까운역거리":322.74,
            "역세권여부":"역세권",
            "30분이내주요거점역":1,
            "30분거점역이름":"['수원']",
            "1시간이내주요거점역":4,
            "1시간거점역이름":"['평촌', '가산디지털단지', '수원', 'GTX용인(2023년)']",
            "3km이내백화점수":0,
            "5km이내아울렛몰수":0,
            "1km이내대형먀트수":2,
            "500m이내은행수":0,
            "500m이내병원수":57,
            "5km이내대형병원수":2,
            "500m이내공원수":1,
            "3km이내혐오시설수":0,
            "초등학교학업성취도":89.99,
            "중학교학업성취도":69.1,
            "용적률":448,
            "건폐율":60,
            "Y":37.143783,
            "X":127.069725,
            "rank":8.0,
            "area_info":"6평(22.89), 7평(23.53), 7평(24.46), 7평(25.1), 10평(33.21), 10평(34.56), 10평(34.44), 10평(34.05), 13평(44.56), 13평(46.2), 15평(49.67)",
            "last_sales":"2019-07-20,9100.0,15평(49.67)",
            "rank_history":[
                [
                    "202203",
                    8
                ],
                [
                    "202202",
                    9999
                ]
            ],
            "rank_gap":9999
        },
        {
            "index":352,
            "아파트명":"운암청구",
            "투자타입":"일반",
            "전용면적(m2)":"118.62",
            "전용면적(평)":"35평",
            "법정동주소":"경기도 오산시 원동 814-2",
            "도로명주소":"경기도 오산시 운암로 14",
            "세대수":30,
            "입주년차":20,
            "용적률점수":"--",
            "건폐율점수":"--",
            "세대당주차수":60,
            "난방방식":100,
            "공급면적":"--",
            "전용률":"--",
            "욕실수":100,
            "현관타입":100,
            "주거총점":53.5,
            "지역구공급총점":0.0,
            "역세권":50,
            "30분내 이동가능 거점":0,
            "1시간내 이동가능 거점":40,
            "교통총점":33.0,
            "백화점":0,
            "아울렛몰":0,
            "대형마트":100,
            "은행":100,
            "병원":80,
            "종합병원":100,
            "공원":100,
            "혐오시설":0,
            "인프라총점":56.0,
            "초등학군":90.0,
            "중학군":42.8,
            "학군총점":52.24,
            "인구수":25.92,
            "인구증감":-0.33,
            "인구총점":18.045,
            "일자리":10.69,
            "소득수준":54.93,
            "일자리총점":23.962,
            "가치 총점":46.886,
            "매매실거래년":20210924.0,
            "매매실거래가":44000.0,
            "전세실거래년":20211218.0,
            "전세실거래가":21000.0,
            "전세가율":47.73,
            "장기전세가율평균":75.17,
            "전세가율거품지수":27.44,
            "검색코드":10599,
            "세대수":374.0,
            "준공년월":"2001-07-26",
            "준공년차":22.0,
            "가까운역이름":"오산",
            "가까운역거리":945.22,
            "역세권여부":"준역세권",
            "30분이내주요거점역":0,
            "30분거점역이름":"[]",
            "1시간이내주요거점역":4,
            "1시간거점역이름":"['강남', '수원시청', '평촌', '수원']",
            "3km이내백화점수":0,
            "5km이내아울렛몰수":0,
            "1km이내대형먀트수":2,
            "500m이내은행수":7,
            "500m이내병원수":32,
            "5km이내대형병원수":2,
            "500m이내공원수":4,
            "3km이내혐오시설수":0,
            "초등학교학업성취도":90.0,
            "중학교학업성취도":70.4,
            "용적률":234,
            "건폐율":18,
            "Y":37.147513,
            "X":127.077185,
            "rank":9.0,
            "area_info":"35평(118.62), 47평(156.75), 59평(197.54)",
            "last_sales":"2021-09-24,44000.0,35평(118.62)",
            "rank_history":[
                [
                    "202203",
                    9
                ],
                [
                    "202202",
                    9
                ],
                [
                    "202201",
                    12
                ]
            ],
            "rank_gap":0
        },
        {
            "index":359,
            "아파트명":"원리주공",
            "투자타입":"재건축",
            "전용면적(m2)":"45.12",
            "전용면적(평)":"13평",
            "법정동주소":"경기도 오산시 원동 299-8",
            "도로명주소":"경기도 오산시 밀머리로1번길 3",
            "세대수":30,
            "입주년차":"--",
            "용적률점수":100,
            "건폐율점수":80,
            "세대당주차수":"--",
            "난방방식":"--",
            "공급면적":50,
            "전용률":80,
            "욕실수":"--",
            "현관타입":"--",
            "주거총점":71.5,
            "지역구공급총점":0.0,
            "역세권":50,
            "30분내 이동가능 거점":0,
            "1시간내 이동가능 거점":40,
            "교통총점":33.0,
            "백화점":0,
            "아울렛몰":0,
            "대형마트":100,
            "은행":0,
            "병원":60,
            "종합병원":100,
            "공원":100,
            "혐오시설":0,
            "인프라총점":44.0,
            "초등학군":90.0,
            "중학군":41.78,
            "학군총점":51.424,
            "인구수":25.92,
            "인구증감":-0.33,
            "인구총점":18.045,
            "일자리":10.69,
            "소득수준":54.93,
            "일자리총점":23.962,
            "가치 총점":46.7636,
            "매매실거래년":20220114.0,
            "매매실거래가":17900.0,
            "전세실거래년":20220115.0,
            "전세실거래가":10000.0,
            "전세가율":55.87,
            "장기전세가율평균":75.17,
            "전세가율거품지수":19.3,
            "검색코드":13572,
            "세대수":320.0,
            "준공년월":"1988-10-09",
            "준공년차":35.0,
            "가까운역이름":"오산",
            "가까운역거리":856.23,
            "역세권여부":"준역세권",
            "30분이내주요거점역":0,
            "30분거점역이름":"[]",
            "1시간이내주요거점역":4,
            "1시간거점역이름":"['수원시청', '평촌', '가산디지털단지', '수원']",
            "3km이내백화점수":0,
            "5km이내아울렛몰수":0,
            "1km이내대형먀트수":2,
            "500m이내은행수":1,
            "500m이내병원수":29,
            "5km이내대형병원수":2,
            "500m이내공원수":2,
            "3km이내혐오시설수":0,
            "초등학교학업성취도":90.0,
            "중학교학업성취도":69.1,
            "용적률":100,
            "건폐율":20,
            "Y":37.142219,
            "X":127.075538,
            "rank":10.0,
            "area_info":"13평(45.12), 15평(52.83)",
            "last_sales":"2022-01-14,17900.0,13평(45.12)",
            "rank_history":[
                [
                    "202203",
                    10
                ],
                [
                    "202202",
                    7
                ],
                [
                    "202201",
                    6
                ]
            ],
            "rank_gap":-3
        },
        {
            "index":242,
            "아파트명":"오산렉스빌",
            "투자타입":"일반",
            "전용면적(m2)":"33.87",
            "전용면적(평)":"10평",
            "법정동주소":"경기도 오산시 오산동 881-8",
            "도로명주소":"경기도 오산시 역광장로 46-1",
            "세대수":0,
            "입주년차":60,
            "용적률점수":"--",
            "건폐율점수":"--",
            "세대당주차수":0,
            "난방방식":30,
            "공급면적":"--",
            "전용률":"--",
            "욕실수":50,
            "현관타입":50,
            "주거총점":25.0,
            "지역구공급총점":0.0,
            "역세권":80,
            "30분내 이동가능 거점":20,
            "1시간내 이동가능 거점":50,
            "교통총점":56.0,
            "백화점":0,
            "아울렛몰":0,
            "대형마트":100,
            "은행":20,
            "병원":80,
            "종합병원":100,
            "공원":80,
            "혐오시설":0,
            "인프라총점":47.4,
            "초등학군":89.97,
            "중학군":41.78,
            "학군총점":51.418,
            "인구수":25.92,
            "인구증감":-0.33,
            "인구총점":18.045,
            "일자리":10.69,
            "소득수준":54.93,
            "일자리총점":23.962,
            "가치 총점":46.5327,
            "매매실거래년":20201028.0,
            "매매실거래가":5200.0,
            "전세실거래년":20211222.0,
            "전세실거래가":7200.0,
            "전세가율":138.46,
            "장기전세가율평균":75.17,
            "전세가율거품지수":-63.29,
            "검색코드":107158,
            "세대수":112.0,
            "준공년월":"2013-03-22",
            "준공년차":10.0,
            "가까운역이름":"오산",
            "가까운역거리":131.56,
            "역세권여부":"역세권",
            "30분이내주요거점역":1,
            "30분거점역이름":"['수원']",
            "1시간이내주요거점역":5,
            "1시간거점역이름":"['평촌', '가산디지털단지', '수원', '구로디지털단지', 'GTX용인(2023년)']",
            "3km이내백화점수":0,
            "5km이내아울렛몰수":0,
            "1km이내대형먀트수":2,
            "500m이내은행수":2,
            "500m이내병원수":57,
            "5km이내대형병원수":2,
            "500m이내공원수":1,
            "3km이내혐오시설수":0,
            "초등학교학업성취도":89.97,
            "중학교학업성취도":69.1,
            "용적률":367,
            "건폐율":72,
            "Y":37.144728,
            "X":127.067909,
            "rank":11.0,
            "area_info":"10평(33.87), 12평(41.86)",
            "last_sales":"2020-10-28,5200.0,10평(33.87)",
            "rank_history":[
                [
                    "202203",
                    11
                ],
                [
                    "202202",
                    10
                ],
                [
                    "202201",
                    9
                ]
            ],
            "rank_gap":-1
        },
        {
            "index":112,
            "아파트명":"오산대역세교자이",
            "투자타입":"일반",
            "전용면적(m2)":"98.9",
            "전용면적(평)":"29평",
            "법정동주소":"경기도 오산시 내삼미동 895",
            "도로명주소":"경기도 오산시 삼미로 34",
            "세대수":90,
            "입주년차":80,
            "용적률점수":"--",
            "건폐율점수":"--",
            "세대당주차수":30,
            "난방방식":100,
            "공급면적":"--",
            "전용률":"--",
            "욕실수":100,
            "현관타입":100,
            "주거총점":82.0,
            "지역구공급총점":0.0,
            "역세권":50,
            "30분내 이동가능 거점":0,
            "1시간내 이동가능 거점":30,
            "교통총점":31.0,
            "백화점":0,
            "아울렛몰":0,
            "대형마트":80,
            "은행":0,
            "병원":30,
            "종합병원":100,
            "공원":100,
            "혐오시설":0,
            "인프라총점":38.0,
            "초등학군":89.99,
            "중학군":42.4,
            "학군총점":51.918,
            "인구수":25.92,
            "인구증감":-0.33,
            "인구총점":18.045,
            "일자리":10.69,
            "소득수준":54.93,
            "일자리총점":23.962,
            "가치 총점":46.4377,
            "매매실거래년":20220208.0,
            "매매실거래가":57800.0,
            "전세실거래년":20220108.0,
            "전세실거래가":39000.0,
            "전세가율":67.47,
            "장기전세가율평균":75.17,
            "전세가율거품지수":7.7,
            "검색코드":113203,
            "세대수":1110.0,
            "준공년월":"2018-01-25",
            "준공년차":5.0,
            "가까운역이름":"오산대",
            "가까운역거리":595.51,
            "역세권여부":"준역세권",
            "30분이내주요거점역":0,
            "30분거점역이름":"[]",
            "1시간이내주요거점역":3,
            "1시간거점역이름":"['수원시청', '평촌', 'GTX동탄(2023년)']",
            "3km이내백화점수":0,
            "5km이내아울렛몰수":0,
            "1km이내대형먀트수":1,
            "500m이내은행수":0,
            "500m이내병원수":6,
            "5km이내대형병원수":3,
            "500m이내공원수":4,
            "3km이내혐오시설수":0,
            "초등학교학업성취도":89.99,
            "중학교학업성취도":70.2,
            "용적률":195,
            "건폐율":15,
            "Y":37.174706,
            "X":127.063095,
            "rank":12.0,
            "area_info":"29평(98.9), 29평(98.82), 32평(108.39), 32평(108.72)",
            "last_sales":"2022-02-08,57800.0,29평(98.9)",
            "rank_history":[
                [
                    "202203",
                    12
                ],
                [
                    "202202",
                    11
                ],
                [
                    "202201",
                    11
                ]
            ],
            "rank_gap":-1
        },
        {
            "index":306,
            "아파트명":"오산역e-편한세상2단지",
            "투자타입":"일반",
            "전용면적(m2)":"92.84",
            "전용면적(평)":"28평",
            "법정동주소":"경기도 오산시 원동 900",
            "도로명주소":"경기도 오산시 오산로132번길 10",
            "세대수":90,
            "입주년차":40,
            "용적률점수":"--",
            "건폐율점수":"--",
            "세대당주차수":30,
            "난방방식":100,
            "공급면적":"--",
            "전용률":"--",
            "욕실수":100,
            "현관타입":100,
            "주거총점":74.0,
            "지역구공급총점":0.0,
            "역세권":50,
            "30분내 이동가능 거점":0,
            "1시간내 이동가능 거점":10,
            "교통총점":27.0,
            "백화점":0,
            "아울렛몰":0,
            "대형마트":80,
            "은행":0,
            "병원":80,
            "종합병원":100,
            "공원":100,
            "혐오시설":0,
            "인프라총점":43.0,
            "초등학군":89.99,
            "중학군":41.78,
            "학군총점":51.422,
            "인구수":25.92,
            "인구증감":-0.33,
            "인구총점":18.045,
            "일자리":10.69,
            "소득수준":54.93,
            "일자리총점":23.962,
            "가치 총점":44.8633,
            "매매실거래년":20210806.0,
            "매매실거래가":63000.0,
            "전세실거래년":20210423.0,
            "전세실거래가":31000.0,
            "전세가율":88.83,
            "장기전세가율평균":75.17,
            "전세가율거품지수":-13.66,
            "검색코드":19622,
            "세대수":1360.0,
            "준공년월":"2007-06-26",
            "준공년차":16.0,
            "가까운역이름":"오산",
            "가까운역거리":968.19,
            "역세권여부":"준역세권",
            "30분이내주요거점역":0,
            "30분거점역이름":"[]",
            "1시간이내주요거점역":1,
            "1시간거점역이름":"['수원']",
            "3km이내백화점수":0,
            "5km이내아울렛몰수":0,
            "1km이내대형먀트수":1,
            "500m이내은행수":1,
            "500m이내병원수":30,
            "5km이내대형병원수":2,
            "500m이내공원수":3,
            "3km이내혐오시설수":0,
            "초등학교학업성취도":89.99,
            "중학교학업성취도":69.1,
            "용적률":228,
            "건폐율":13,
            "Y":37.137563,
            "X":127.071228,
            "rank":13.0,
            "area_info":"28평(92.84), 33평(109.6), 33평(110.29), 33평(111.17), 33평(111.3), 33평(112.07), 34평(114.92), 39평(129.73), 45평(150.46), 45평(150.38), 45평(150.64), 52평(173.06)",
            "last_sales":"2021-08-06,63000.0,52평(173.06)",
            "rank_history":[
                [
                    "202203",
                    13
                ],
                [
                    "202202",
                    26
                ],
                [
                    "202201",
                    27
                ]
            ],
            "rank_gap":13
        },
        {
            "index":109,
            "아파트명":"세교신도시호반베르디움",
            "투자타입":"일반",
            "전용면적(m2)":"111.89",
            "전용면적(평)":"33평",
            "법정동주소":"경기도 오산시 내삼미동 899",
            "도로명주소":"경기도 오산시 내삼미로 142",
            "세대수":80,
            "입주년차":80,
            "용적률점수":"--",
            "건폐율점수":"--",
            "세대당주차수":30,
            "난방방식":100,
            "공급면적":"--",
            "전용률":"--",
            "욕실수":100,
            "현관타입":100,
            "주거총점":78.5,
            "지역구공급총점":0.0,
            "역세권":50,
            "30분내 이동가능 거점":0,
            "1시간내 이동가능 거점":20,
            "교통총점":29.0,
            "백화점":0,
            "아울렛몰":0,
            "대형마트":80,
            "은행":0,
            "병원":10,
            "종합병원":100,
            "공원":100,
            "혐오시설":0,
            "인프라총점":36.0,
            "초등학군":89.99,
            "중학군":42.4,
            "학군총점":51.918,
            "인구수":25.92,
            "인구증감":-0.33,
            "인구총점":18.045,
            "일자리":10.69,
            "소득수준":54.93,
            "일자리총점":23.962,
            "가치 총점":44.4377,
            "매매실거래년":20210625.0,
            "매매실거래가":74500.0,
            "전세실거래년":20220204.0,
            "전세실거래가":37000.0,
            "전세가율":53.31,
            "장기전세가율평균":75.17,
            "전세가율거품지수":21.86,
            "검색코드":109408,
            "세대수":855.0,
            "준공년월":"2017-01-09",
            "준공년차":6.0,
            "가까운역이름":"오산대",
            "가까운역거리":698.01,
            "역세권여부":"준역세권",
            "30분이내주요거점역":0,
            "30분거점역이름":"[]",
            "1시간이내주요거점역":2,
            "1시간거점역이름":"['평촌', 'GTX동탄(2023년)']",
            "3km이내백화점수":0,
            "5km이내아울렛몰수":0,
            "1km이내대형먀트수":1,
            "500m이내은행수":0,
            "500m이내병원수":4,
            "5km이내대형병원수":3,
            "500m이내공원수":3,
            "3km이내혐오시설수":0,
            "초등학교학업성취도":89.99,
            "중학교학업성취도":70.2,
            "용적률":191,
            "건폐율":13,
            "Y":37.174608,
            "X":127.06738,
            "rank":14.0,
            "area_info":"33평(111.89), 33평(112.21), 38평(128.27)",
            "last_sales":"2021-06-25,74500.0,38평(128.27)",
            "rank_history":[
                [
                    "202203",
                    14
                ],
                [
                    "202202",
                    5
                ],
                [
                    "202201",
                    5
                ]
            ],
            "rank_gap":-9
        },
        {
            "index":207,
            "아파트명":"우미이노스빌",
            "투자타입":"일반",
            "전용면적(m2)":"57.96",
            "전용면적(평)":"17평",
            "법정동주소":"경기도 오산시 수청동 569",
            "도로명주소":"경기도 오산시 수청로 31",
            "세대수":90,
            "입주년차":40,
            "용적률점수":"--",
            "건폐율점수":"--",
            "세대당주차수":30,
            "난방방식":30,
            "공급면적":"--",
            "전용률":"--",
            "욕실수":50,
            "현관타입":100,
            "주거총점":62.0,
            "지역구공급총점":0.0,
            "역세권":50,
            "30분내 이동가능 거점":20,
            "1시간내 이동가능 거점":30,
            "교통총점":37.0,
            "백화점":0,
            "아울렛몰":0,
            "대형마트":80,
            "은행":0,
            "병원":0,
            "종합병원":100,
            "공원":100,
            "혐오시설":0,
            "인프라총점":35.0,
            "초등학군":89.99,
            "중학군":44.7,
            "학군총점":53.758,
            "인구수":25.92,
            "인구증감":-0.33,
            "인구총점":18.045,
            "일자리":10.69,
            "소득수준":54.93,
            "일자리총점":23.962,
            "가치 총점":43.9137,
            "매매실거래년":20210607.0,
            "매매실거래가":40500.0,
            "전세실거래년":null,
            "전세실거래가":null,
            "전세가율":null,
            "장기전세가율평균":75.17,
            "전세가율거품지수":null,
            "검색코드":10723,
            "세대수":990.0,
            "준공년월":"2004-11-19",
            "준공년차":19.0,
            "가까운역이름":"오산대",
            "가까운역거리":589.71,
            "역세권여부":"준역세권",
            "30분이내주요거점역":1,
            "30분거점역이름":"['수원']",
            "1시간이내주요거점역":3,
            "1시간거점역이름":"['수원시청', '평촌', '수원']",
            "3km이내백화점수":0,
            "5km이내아울렛몰수":0,
            "1km이내대형먀트수":1,
            "500m이내은행수":0,
            "500m이내병원수":0,
            "5km이내대형병원수":2,
            "500m이내공원수":8,
            "3km이내혐오시설수":0,
            "초등학교학업성취도":89.99,
            "중학교학업성취도":74.3,
            "용적률":213,
            "건폐율":16,
            "Y":37.172155,
            "X":127.057427,
            "rank":15.0,
            "area_info":"17평(57.96), 24평(79.59), 26평(86.86), 26평(87.6), 30평(102.28), 34평(114.42)",
            "last_sales":"2021-06-07,40500.0,34평(114.42)",
            "rank_history":[
                [
                    "202203",
                    15
                ],
                [
                    "202202",
                    16
                ],
                [
                    "202201",
                    16
                ]
            ],
            "rank_gap":1
        },
        {
            "index":180,
            "아파트명":"수청주공",
            "투자타입":"재건축",
            "전용면적(m2)":"45.51",
            "전용면적(평)":"13평",
            "법정동주소":"경기도 오산시 수청동 11",
            "도로명주소":"경기도 오산시 내삼미로 40",
            "세대수":30,
            "입주년차":"--",
            "용적률점수":100,
            "건폐율점수":100,
            "세대당주차수":"--",
            "난방방식":"--",
            "공급면적":50,
            "전용률":80,
            "욕실수":"--",
            "현관타입":"--",
            "주거총점":75.5,
            "지역구공급총점":0.0,
            "역세권":50,
            "30분내 이동가능 거점":0,
            "1시간내 이동가능 거점":10,
            "교통총점":27.0,
            "백화점":0,
            "아울렛몰":0,
            "대형마트":80,
            "은행":0,
            "병원":30,
            "종합병원":100,
            "공원":100,
            "혐오시설":0,
            "인프라총점":38.0,
            "초등학군":90.02,
            "중학군":42.4,
            "학군총점":51.924,
            "인구수":25.92,
            "인구증감":-0.33,
            "인구총점":18.045,
            "일자리":10.69,
            "소득수준":54.93,
            "일자리총점":23.962,
            "가치 총점":43.7386,
            "매매실거래년":20210908.0,
            "매매실거래가":35200.0,
            "전세실거래년":20220209.0,
            "전세실거래가":6500.0,
            "전세가율":18.47,
            "장기전세가율평균":75.17,
            "전세가율거품지수":56.7,
            "검색코드":8012,
            "세대수":310.0,
            "준공년월":"1989-05-24",
            "준공년차":34.0,
            "가까운역이름":"오산대",
            "가까운역거리":576.48,
            "역세권여부":"준역세권",
            "30분이내주요거점역":0,
            "30분거점역이름":"[]",
            "1시간이내주요거점역":1,
            "1시간거점역이름":"['평촌']",
            "3km이내백화점수":0,
            "5km이내아울렛몰수":0,
            "1km이내대형먀트수":1,
            "500m이내은행수":0,
            "500m이내병원수":6,
            "5km이내대형병원수":2,
            "500m이내공원수":5,
            "3km이내혐오시설수":0,
            "초등학교학업성취도":90.02,
            "중학교학업성취도":70.2,
            "용적률":86,
            "건폐율":17,
            "Y":37.166512,
            "X":127.06852,
            "rank":16.0,
            "area_info":"13평(45.51), 13평(45.12), 15평(52.83), 15평(52.5)",
            "last_sales":"2021-09-08,35200.0,13평(45.51)",
            "rank_history":[
                [
                    "202203",
                    16
                ],
                [
                    "202202",
                    8
                ],
                [
                    "202201",
                    8
                ]
            ],
            "rank_gap":-8
        },
        {
            "index":59,
            "아파트명":"우남퍼스트빌",
            "투자타입":"일반",
            "전용면적(m2)":"95.29",
            "전용면적(평)":"28평",
            "법정동주소":"경기도 오산시 궐동 616-1",
            "도로명주소":"경기도 오산시 궐리사로29번길 13",
            "세대수":90,
            "입주년차":40,
            "용적률점수":"--",
            "건폐율점수":"--",
            "세대당주차수":30,
            "난방방식":30,
            "공급면적":"--",
            "전용률":"--",
            "욕실수":100,
            "현관타입":100,
            "주거총점":67.0,
            "지역구공급총점":0.0,
            "역세권":50,
            "30분내 이동가능 거점":0,
            "1시간내 이동가능 거점":20,
            "교통총점":29.0,
            "백화점":0,
            "아울렛몰":0,
            "대형마트":80,
            "은행":0,
            "병원":30,
            "종합병원":100,
            "공원":100,
            "혐오시설":0,
            "인프라총점":38.0,
            "초등학군":90.01,
            "중학군":42.24,
            "학군총점":51.794,
            "인구수":25.92,
            "인구증감":-0.33,
            "인구총점":18.045,
            "일자리":10.69,
            "소득수준":54.93,
            "일자리총점":23.962,
            "가치 총점":42.7191,
            "매매실거래년":20220212.0,
            "매매실거래가":41000.0,
            "전세실거래년":20220105.0,
            "전세실거래가":20000.0,
            "전세가율":65.57,
            "장기전세가율평균":75.17,
            "전세가율거품지수":9.6,
            "검색코드":10799,
            "세대수":1023.0,
            "준공년월":"2004-12-13",
            "준공년차":19.0,
            "가까운역이름":"오산대",
            "가까운역거리":953.72,
            "역세권여부":"준역세권",
            "30분이내주요거점역":0,
            "30분거점역이름":"[]",
            "1시간이내주요거점역":2,
            "1시간거점역이름":"['수원', 'GTX동탄(2023년)']",
            "3km이내백화점수":0,
            "5km이내아울렛몰수":0,
            "1km이내대형먀트수":1,
            "500m이내은행수":0,
            "500m이내병원수":6,
            "5km이내대형병원수":2,
            "500m이내공원수":4,
            "3km이내혐오시설수":0,
            "초등학교학업성취도":90.01,
            "중학교학업성취도":70.4,
            "용적률":209,
            "건폐율":14,
            "Y":37.16355,
            "X":127.055147,
            "rank":17.0,
            "area_info":"28평(95.29), 34평(113.86)",
            "last_sales":"2022-02-12,41000.0,34평(113.86)",
            "rank_history":[
                [
                    "202203",
                    17
                ],
                [
                    "202202",
                    13
                ],
                [
                    "202201",
                    14
                ]
            ],
            "rank_gap":-4
        },
        {
            "index":184,
            "아파트명":"오산대역꿈에그린",
            "투자타입":"일반",
            "전용면적(m2)":"127.8",
            "전용면적(평)":"38평",
            "법정동주소":"경기도 오산시 수청동 581",
            "도로명주소":"경기도 오산시 수목원로 430",
            "세대수":50,
            "입주년차":60,
            "용적률점수":"--",
            "건폐율점수":"--",
            "세대당주차수":60,
            "난방방식":100,
            "공급면적":"--",
            "전용률":"--",
            "욕실수":100,
            "현관타입":100,
            "주거총점":68.5,
            "지역구공급총점":0.0,
            "역세권":50,
            "30분내 이동가능 거점":0,
            "1시간내 이동가능 거점":10,
            "교통총점":27.0,
            "백화점":0,
            "아울렛몰":0,
            "대형마트":80,
            "은행":0,
            "병원":30,
            "종합병원":100,
            "공원":100,
            "혐오시설":0,
            "인프라총점":38.0,
            "초등학군":89.99,
            "중학군":44.7,
            "학군총점":53.758,
            "인구수":25.92,
            "인구증감":-0.33,
            "인구총점":18.045,
            "일자리":10.69,
            "소득수준":54.93,
            "일자리총점":23.962,
            "가치 총점":42.6137,
            "매매실거래년":20220102.0,
            "매매실거래가":60000.0,
            "전세실거래년":20220212.0,
            "전세실거래가":36000.0,
            "전세가율":60.0,
            "장기전세가율평균":75.17,
            "전세가율거품지수":15.17,
            "검색코드":102552,
            "세대수":580.0,
            "준공년월":"2011-04-20",
            "준공년차":12.0,
            "가까운역이름":"오산대",
            "가까운역거리":975.49,
            "역세권여부":"준역세권",
            "30분이내주요거점역":0,
            "30분거점역이름":"[]",
            "1시간이내주요거점역":1,
            "1시간거점역이름":"['수원']",
            "3km이내백화점수":0,
            "5km이내아울렛몰수":0,
            "1km이내대형먀트수":1,
            "500m이내은행수":0,
            "500m이내병원수":6,
            "5km이내대형병원수":2,
            "500m이내공원수":7,
            "3km이내혐오시설수":0,
            "초등학교학업성취도":89.99,
            "중학교학업성취도":74.3,
            "용적률":179,
            "건폐율":23,
            "Y":37.172481,
            "X":127.052791,
            "rank":18.0,
            "area_info":"38평(127.8), 38평(127.8), 46평(154.85), 47평(155.56), 46평(155.19), 47평(155.56), 46평(155.27), 47평(155.51), 58평(194.17)",
            "last_sales":"2022-01-02,60000.0,47평(155.56)",
            "rank_history":[
                [
                    "202203",
                    18
                ],
                [
                    "202202",
                    30
                ],
                [
                    "202201",
                    33
                ]
            ],
            "rank_gap":12
        },
        {
            "index":230,
            "아파트명":"금성",
            "투자타입":"재건축",
            "전용면적(m2)":"63.9",
            "전용면적(평)":"19평",
            "법정동주소":"경기도 오산시 오산동 447-6",
            "도로명주소":"경기도 오산시 오산로 283-1",
            "세대수":0,
            "입주년차":"--",
            "용적률점수":80,
            "건폐율점수":80,
            "세대당주차수":"--",
            "난방방식":"--",
            "공급면적":50,
            "전용률":60,
            "욕실수":"--",
            "현관타입":"--",
            "주거총점":53.5,
            "지역구공급총점":0.0,
            "역세권":50,
            "30분내 이동가능 거점":0,
            "1시간내 이동가능 거점":30,
            "교통총점":31.0,
            "백화점":0,
            "아울렛몰":0,
            "대형마트":80,
            "은행":20,
            "병원":80,
            "종합병원":100,
            "공원":80,
            "혐오시설":0,
            "인프라총점":44.4,
            "초등학군":89.97,
            "중학군":41.22,
            "학군총점":50.97,
            "인구수":25.92,
            "인구증감":-0.33,
            "인구총점":18.045,
            "일자리":10.69,
            "소득수준":54.93,
            "일자리총점":23.962,
            "가치 총점":42.5155,
            "매매실거래년":20211222.0,
            "매매실거래가":9970.0,
            "전세실거래년":20210226.0,
            "전세실거래가":8000.0,
            "전세가율":80.24,
            "장기전세가율평균":75.17,
            "전세가율거품지수":-5.07,
            "검색코드":16199,
            "세대수":108.0,
            "준공년월":"1986-12-15",
            "준공년차":37.0,
            "가까운역이름":"오산",
            "가까운역거리":771.02,
            "역세권여부":"준역세권",
            "30분이내주요거점역":0,
            "30분거점역이름":"[]",
            "1시간이내주요거점역":3,
            "1시간거점역이름":"['평촌', '가산디지털단지', '수원']",
            "3km이내백화점수":0,
            "5km이내아울렛몰수":0,
            "1km이내대형먀트수":1,
            "500m이내은행수":2,
            "500m이내병원수":35,
            "5km이내대형병원수":2,
            "500m이내공원수":1,
            "3km이내혐오시설수":0,
            "초등학교학업성취도":89.97,
            "중학교학업성취도":68.7,
            "용적률":152,
            "건폐율":25,
            "Y":37.15243,
            "X":127.06765,
            "rank":19.0,
            "area_info":"19평(63.9), 21평(72.09), 22평(73.44), 22평(74.7)",
            "last_sales":"2021-12-22,9970.0,19평(63.9)",
            "rank_history":[
                [
                    "202203",
                    19
                ],
                [
                    "202202",
                    14
                ],
                [
                    "202201",
                    13
                ]
            ],
            "rank_gap":-5
        },
        {
            "index":282,
            "아파트명":"신양",
            "투자타입":"일반",
            "전용면적(m2)":"82.15",
            "전용면적(평)":"24평",
            "법정동주소":"경기도 오산시 원동 214-3",
            "도로명주소":"경기도 오산시 대원로 47",
            "세대수":0,
            "입주년차":0,
            "용적률점수":"--",
            "건폐율점수":"--",
            "세대당주차수":0,
            "난방방식":30,
            "공급면적":"--",
            "전용률":"--",
            "욕실수":50,
            "현관타입":10,
            "주거총점":9.0,
            "지역구공급총점":0.0,
            "역세권":50,
            "30분내 이동가능 거점":20,
            "1시간내 이동가능 거점":60,
            "교통총점":43.0,
            "백화점":0,
            "아울렛몰":0,
            "대형마트":100,
            "은행":100,
            "병원":100,
            "종합병원":100,
            "공원":100,
            "혐오시설":0,
            "인프라총점":58.0,
            "초등학군":90.0,
            "중학군":42.8,
            "학군총점":52.24,
            "인구수":25.92,
            "인구증감":-0.33,
            "인구총점":18.045,
            "일자리":10.69,
            "소득수준":54.93,
            "일자리총점":23.962,
            "가치 총점":42.086,
            "매매실거래년":20220124.0,
            "매매실거래가":21600.0,
            "전세실거래년":20220225.0,
            "전세실거래가":23000.0,
            "전세가율":106.48,
            "장기전세가율평균":75.17,
            "전세가율거품지수":-31.31,
            "검색코드":8021,
            "세대수":170.0,
            "준공년월":"1995-06-08",
            "준공년차":28.0,
            "가까운역이름":"오산",
            "가까운역거리":640.06,
            "역세권여부":"준역세권",
            "30분이내주요거점역":1,
            "30분거점역이름":"['수원']",
            "1시간이내주요거점역":6,
            "1시간거점역이름":"['강남', '수원시청', '평촌', '가산디지털단지', '수원', 'GTX동탄(2023년)']",
            "3km이내백화점수":0,
            "5km이내아울렛몰수":0,
            "1km이내대형먀트수":2,
            "500m이내은행수":9,
            "500m이내병원수":80,
            "5km이내대형병원수":2,
            "500m이내공원수":3,
            "3km이내혐오시설수":0,
            "초등학교학업성취도":90.0,
            "중학교학업성취도":70.4,
            "용적률":396,
            "건폐율":33,
            "Y":37.146829,
            "X":127.07385,
            "rank":20.0,
            "area_info":"24평(82.15), 31평(105.12)",
            "last_sales":"2022-01-24,21600.0,24평(82.15)",
            "rank_history":[
                [
                    "202203",
                    20
                ],
                [
                    "202202",
                    18
                ],
                [
                    "202201",
                    18
                ]
            ],
            "rank_gap":-2
        },
        {
            "index":328,
            "아파트명":"우경싸이트빌",
            "투자타입":"일반",
            "전용면적(m2)":"37.69",
            "전용면적(평)":"11평",
            "법정동주소":"경기도 오산시 원동 768-1",
            "도로명주소":"경기도 오산시 경기대로 227",
            "세대수":0,
            "입주년차":40,
            "용적률점수":"--",
            "건폐율점수":"--",
            "세대당주차수":0,
            "난방방식":30,
            "공급면적":"--",
            "전용률":"--",
            "욕실수":50,
            "현관타입":10,
            "주거총점":17.0,
            "지역구공급총점":0.0,
            "역세권":50,
            "30분내 이동가능 거점":20,
            "1시간내 이동가능 거점":40,
            "교통총점":39.0,
            "백화점":0,
            "아울렛몰":0,
            "대형마트":100,
            "은행":70,
            "병원":100,
            "종합병원":100,
            "공원":100,
            "혐오시설":0,
            "인프라총점":55.0,
            "초등학군":90.0,
            "중학군":42.8,
            "학군총점":52.24,
            "인구수":25.92,
            "인구증감":-0.33,
            "인구총점":18.045,
            "일자리":10.69,
            "소득수준":54.93,
            "일자리총점":23.962,
            "가치 총점":41.386,
            "매매실거래년":20220117.0,
            "매매실거래가":15000.0,
            "전세실거래년":20211221.0,
            "전세실거래가":6300.0,
            "전세가율":83.44,
            "장기전세가율평균":75.17,
            "전세가율거품지수":-8.27,
            "검색코드":19076,
            "세대수":191.0,
            "준공년월":"2005-01-31",
            "준공년차":18.0,
            "가까운역이름":"오산",
            "가까운역거리":574.75,
            "역세권여부":"준역세권",
            "30분이내주요거점역":1,
            "30분거점역이름":"['수원']",
            "1시간이내주요거점역":4,
            "1시간거점역이름":"['수원시청', '평촌', '가산디지털단지', '수원']",
            "3km이내백화점수":0,
            "5km이내아울렛몰수":0,
            "1km이내대형먀트수":2,
            "500m이내은행수":4,
            "500m이내병원수":80,
            "5km이내대형병원수":2,
            "500m이내공원수":3,
            "3km이내혐오시설수":0,
            "초등학교학업성취도":90.0,
            "중학교학업성취도":70.4,
            "용적률":972,
            "건폐율":78,
            "Y":37.144914,
            "X":127.073254,
            "rank":21.0,
            "area_info":"11평(37.69), 13평(46.0), 15평(51.53), 20평(68.35), 21평(71.94), 28평(93.72), 29평(98.57)",
            "last_sales":"2022-01-17,15000.0,21평(71.94)",
            "rank_history":[
                [
                    "202203",
                    21
                ],
                [
                    "202202",
                    17
                ],
                [
                    "202201",
                    17
                ]
            ],
            "rank_gap":-4
        },
        {
            "index":234,
            "아파트명":"오산대동다숲",
            "투자타입":"일반",
            "전용면적(m2)":"40.61",
            "전용면적(평)":"12평",
            "법정동주소":"경기도 오산시 오산동 865-1",
            "도로명주소":"경기도 오산시 경기대로 289",
            "세대수":0,
            "입주년차":40,
            "용적률점수":"--",
            "건폐율점수":"--",
            "세대당주차수":30,
            "난방방식":30,
            "공급면적":"--",
            "전용률":"--",
            "욕실수":50,
            "현관타입":10,
            "주거총점":21.5,
            "지역구공급총점":0.0,
            "역세권":50,
            "30분내 이동가능 거점":0,
            "1시간내 이동가능 거점":50,
            "교통총점":35.0,
            "백화점":0,
            "아울렛몰":0,
            "대형마트":80,
            "은행":100,
            "병원":80,
            "종합병원":100,
            "공원":100,
            "혐오시설":0,
            "인프라총점":53.0,
            "초등학군":90.01,
            "중학군":42.8,
            "학군총점":52.242,
            "인구수":25.92,
            "인구증감":-0.33,
            "인구총점":18.045,
            "일자리":10.69,
            "소득수준":54.93,
            "일자리총점":23.962,
            "가치 총점":40.2863,
            "매매실거래년":20220206.0,
            "매매실거래가":8600.0,
            "전세실거래년":20140322.0,
            "전세실거래가":5000.0,
            "전세가율":58.14,
            "장기전세가율평균":75.17,
            "전세가율거품지수":17.03,
            "검색코드":17508,
            "세대수":169.0,
            "준공년월":"2006-04-12",
            "준공년차":17.0,
            "가까운역이름":"오산",
            "가까운역거리":833.24,
            "역세권여부":"준역세권",
            "30분이내주요거점역":0,
            "30분거점역이름":"[]",
            "1시간이내주요거점역":5,
            "1시간거점역이름":"['강남', '양재', '평촌', '가산디지털단지', '수원']",
            "3km이내백화점수":0,
            "5km이내아울렛몰수":0,
            "1km이내대형먀트수":1,
            "500m이내은행수":9,
            "500m이내병원수":56,
            "5km이내대형병원수":2,
            "500m이내공원수":6,
            "3km이내혐오시설수":0,
            "초등학교학업성취도":90.01,
            "중학교학업성취도":70.4,
            "용적률":956,
            "건폐율":78,
            "Y":37.150889,
            "X":127.073384,
            "rank":22.0,
            "area_info":"12평(40.61), 20평(67.83), 25평(82.78), 25평(82.71), 25평(83.16), 30평(102.23), 37평(123.68), 37평(125.32)",
            "last_sales":"2022-02-06,8600.0,12평(40.61)",
            "rank_history":[
                [
                    "202203",
                    22
                ],
                [
                    "202202",
                    20
                ],
                [
                    "202201",
                    20
                ]
            ],
            "rank_gap":-2
        },
        {
            "index":200,
            "아파트명":"오산대우",
            "투자타입":"일반",
            "전용면적(m2)":"45.7",
            "전용면적(평)":"13평",
            "법정동주소":"경기도 오산시 수청동 514",
            "도로명주소":"경기도 오산시 청학로173번길 12",
            "세대수":90,
            "입주년차":0,
            "용적률점수":"--",
            "건폐율점수":"--",
            "세대당주차수":0,
            "난방방식":30,
            "공급면적":"--",
            "전용률":"--",
            "욕실수":50,
            "현관타입":10,
            "주거총점":40.5,
            "지역구공급총점":0.0,
            "역세권":50,
            "30분내 이동가능 거점":20,
            "1시간내 이동가능 거점":30,
            "교통총점":37.0,
            "백화점":0,
            "아울렛몰":0,
            "대형마트":80,
            "은행":0,
            "병원":10,
            "종합병원":100,
            "공원":100,
            "혐오시설":0,
            "인프라총점":36.0,
            "초등학군":90.02,
            "중학군":42.24,
            "학군총점":51.796,
            "인구수":25.92,
            "인구증감":-0.33,
            "인구총점":18.045,
            "일자리":10.69,
            "소득수준":54.93,
            "일자리총점":23.962,
            "가치 총점":39.6194,
            "매매실거래년":20211204.0,
            "매매실거래가":41000.0,
            "전세실거래년":20220126.0,
            "전세실거래가":9000.0,
            "전세가율":43.9,
            "장기전세가율평균":75.17,
            "전세가율거품지수":31.27,
            "검색코드":8011,
            "세대수":1144.0,
            "준공년월":"1993-10-14",
            "준공년차":30.0,
            "가까운역이름":"오산대",
            "가까운역거리":651.49,
            "역세권여부":"준역세권",
            "30분이내주요거점역":1,
            "30분거점역이름":"['수원']",
            "1시간이내주요거점역":3,
            "1시간거점역이름":"['수원시청', '평촌', '수원']",
            "3km이내백화점수":0,
            "5km이내아울렛몰수":0,
            "1km이내대형먀트수":1,
            "500m이내은행수":0,
            "500m이내병원수":3,
            "5km이내대형병원수":2,
            "500m이내공원수":4,
            "3km이내혐오시설수":0,
            "초등학교학업성취도":90.02,
            "중학교학업성취도":70.4,
            "용적률":130,
            "건폐율":0,
            "Y":37.163494,
            "X":127.06286,
            "rank":23.0,
            "area_info":"13평(45.7), 22평(74.57), 24평(80.0), 28평(93.75), 31평(102.96), 33평(110.82), 37평(122.44)",
            "last_sales":"2021-12-04,41000.0,33평(110.82)",
            "rank_history":[
                [
                    "202203",
                    23
                ],
                [
                    "202202",
                    25
                ],
                [
                    "202201",
                    26
                ]
            ],
            "rank_gap":2
        },
        {
            "index":247,
            "아파트명":"운암대동황토방",
            "투자타입":"일반",
            "전용면적(m2)":"128.3",
            "전용면적(평)":"38평",
            "법정동주소":"경기도 오산시 오산동 923-2",
            "도로명주소":"경기도 오산시 운암로 64",
            "세대수":50,
            "입주년차":20,
            "용적률점수":"--",
            "건폐율점수":"--",
            "세대당주차수":60,
            "난방방식":100,
            "공급면적":"--",
            "전용률":"--",
            "욕실수":100,
            "현관타입":100,
            "주거총점":60.5,
            "지역구공급총점":0.0,
            "역세권":0,
            "30분내 이동가능 거점":0,
            "1시간내 이동가능 거점":50,
            "교통총점":10.0,
            "백화점":0,
            "아울렛몰":0,
            "대형마트":80,
            "은행":100,
            "병원":80,
            "종합병원":100,
            "공원":100,
            "혐오시설":0,
            "인프라총점":53.0,
            "초등학군":89.99,
            "중학군":42.8,
            "학군총점":52.238,
            "인구수":25.92,
            "인구증감":-0.33,
            "인구총점":18.045,
            "일자리":10.69,
            "소득수준":54.93,
            "일자리총점":23.962,
            "가치 총점":39.3357,
            "매매실거래년":20220204.0,
            "매매실거래가":52000.0,
            "전세실거래년":20210309.0,
            "전세실거래가":30000.0,
            "전세가율":57.69,
            "장기전세가율평균":75.17,
            "전세가율거품지수":17.48,
            "검색코드":8013,
            "세대수":660.0,
            "준공년월":"2000-05-30",
            "준공년차":23.0,
            "가까운역이름":"오산",
            "가까운역거리":1161.04,
            "역세권여부":"비역세권",
            "30분이내주요거점역":0,
            "30분거점역이름":"[]",
            "1시간이내주요거점역":5,
            "1시간거점역이름":"['강남', '양재', '수원시청', '수원', 'GTX동탄(2023년)']",
            "3km이내백화점수":0,
            "5km이내아울렛몰수":0,
            "1km이내대형먀트수":1,
            "500m이내은행수":6,
            "500m이내병원수":31,
            "5km이내대형병원수":2,
            "500m이내공원수":5,
            "3km이내혐오시설수":0,
            "초등학교학업성취도":89.99,
            "중학교학업성취도":70.4,
            "용적률":234,
            "건폐율":18,
            "Y":37.151418,
            "X":127.077632,
            "rank":24.0,
            "area_info":"38평(128.3), 49평(163.16), 49평(164.6), 68평(225.08)",
            "last_sales":"2022-02-04,52000.0,38평(128.3)",
            "rank_history":[
                [
                    "202203",
                    24
                ],
                [
                    "202202",
                    22
                ],
                [
                    "202201",
                    22
                ]
            ],
            "rank_gap":-2
        },
        {
            "index":251,
            "아파트명":"운암현대",
            "투자타입":"일반",
            "전용면적(m2)":"104.02",
            "전용면적(평)":"31평",
            "법정동주소":"경기도 오산시 오산동 922-2",
            "도로명주소":"경기도 오산시 운암로 63",
            "세대수":50,
            "입주년차":20,
            "용적률점수":"--",
            "건폐율점수":"--",
            "세대당주차수":60,
            "난방방식":100,
            "공급면적":"--",
            "전용률":"--",
            "욕실수":100,
            "현관타입":100,
            "주거총점":60.5,
            "지역구공급총점":0.0,
            "역세권":0,
            "30분내 이동가능 거점":0,
            "1시간내 이동가능 거점":50,
            "교통총점":10.0,
            "백화점":0,
            "아울렛몰":0,
            "대형마트":80,
            "은행":100,
            "병원":60,
            "종합병원":100,
            "공원":100,
            "혐오시설":0,
            "인프라총점":51.0,
            "초등학군":89.99,
            "중학군":47.7,
            "학군총점":56.158,
            "인구수":25.92,
            "인구증감":-0.33,
            "인구총점":18.045,
            "일자리":10.69,
            "소득수준":54.93,
            "일자리총점":23.962,
            "가치 총점":39.3237,
            "매매실거래년":20211005.0,
            "매매실거래가":34000.0,
            "전세실거래년":20220211.0,
            "전세실거래가":20475.0,
            "전세가율":60.22,
            "장기전세가율평균":75.17,
            "전세가율거품지수":14.95,
            "검색코드":8014,
            "세대수":530.0,
            "준공년월":"2000-04-14",
            "준공년차":23.0,
            "가까운역이름":"오산",
            "가까운역거리":1140.93,
            "역세권여부":"비역세권",
            "30분이내주요거점역":0,
            "30분거점역이름":"[]",
            "1시간이내주요거점역":5,
            "1시간거점역이름":"['강남', '양재', '수원시청', '수원', 'GTX동탄(2023년)']",
            "3km이내백화점수":0,
            "5km이내아울렛몰수":0,
            "1km이내대형먀트수":1,
            "500m이내은행수":5,
            "500m이내병원수":28,
            "5km이내대형병원수":2,
            "500m이내공원수":6,
            "3km이내혐오시설수":0,
            "초등학교학업성취도":89.99,
            "중학교학업성취도":79.3,
            "용적률":231,
            "건폐율":16,
            "Y":37.152953,
            "X":127.0757,
            "rank":25.0,
            "area_info":"31평(104.02), 37평(122.54), 41평(136.09), 49평(165.16)",
            "last_sales":"2021-10-05,34000.0,31평(104.02)",
            "rank_history":[
                [
                    "202203",
                    25
                ],
                [
                    "202202",
                    23
                ],
                [
                    "202201",
                    23
                ]
            ],
            "rank_gap":-2
        },
        {
            "index":216,
            "아파트명":"세마e편한세상",
            "투자타입":"일반",
            "전용면적(m2)":"101.05",
            "전용면적(평)":"30평",
            "법정동주소":"경기도 오산시 양산동 668-1",
            "도로명주소":"경기도 오산시 양산로 460",
            "세대수":100,
            "입주년차":60,
            "용적률점수":"--",
            "건폐율점수":"--",
            "세대당주차수":60,
            "난방방식":100,
            "공급면적":"--",
            "전용률":"--",
            "욕실수":100,
            "현관타입":100,
            "주거총점":86.0,
            "지역구공급총점":0.0,
            "역세권":0,
            "30분내 이동가능 거점":0,
            "1시간내 이동가능 거점":40,
            "교통총점":8.0,
            "백화점":0,
            "아울렛몰":0,
            "대형마트":80,
            "은행":0,
            "병원":10,
            "종합병원":100,
            "공원":100,
            "혐오시설":0,
            "인프라총점":36.0,
            "초등학군":89.95,
            "중학군":46.58,
            "학군총점":55.254,
            "인구수":25.92,
            "인구증감":-0.33,
            "인구총점":18.045,
            "일자리":10.69,
            "소득수준":54.93,
            "일자리총점":23.962,
            "가치 총점":39.0881,
            "매매실거래년":20220211.0,
            "매매실거래가":73000.0,
            "전세실거래년":20210717.0,
            "전세실거래가":30000.0,
            "전세가율":71.43,
            "장기전세가율평균":75.17,
            "전세가율거품지수":3.74,
            "검색코드":26988,
            "세대수":1646.0,
            "준공년월":"2010-02-02",
            "준공년차":13.0,
            "가까운역이름":"병점",
            "가까운역거리":1211.6,
            "역세권여부":"비역세권",
            "30분이내주요거점역":0,
            "30분거점역이름":"[]",
            "1시간이내주요거점역":4,
            "1시간거점역이름":"['수원시청', '평촌', '수원', 'GTX동탄(2023년)']",
            "3km이내백화점수":0,
            "5km이내아울렛몰수":0,
            "1km이내대형먀트수":1,
            "500m이내은행수":0,
            "500m이내병원수":2,
            "5km이내대형병원수":2,
            "500m이내공원수":5,
            "3km이내혐오시설수":0,
            "초등학교학업성취도":89.95,
            "중학교학업성취도":77.5,
            "용적률":190,
            "건폐율":15,
            "Y":37.195872,
            "X":127.033928,
            "rank":26.0,
            "area_info":"30평(101.05), 33평(109.88), 33평(109.72), 39평(130.99), 39평(130.31), 41평(138.48), 45평(151.73), 51평(170.78), 51평(171.42), 62평(206.79), 62평(207.16)",
            "last_sales":"2022-02-11,73000.0,62평(207.16)",
            "rank_history":[
                [
                    "202203",
                    26
                ],
                [
                    "202202",
                    21
                ],
                [
                    "202201",
                    21
                ]
            ],
            "rank_gap":-5
        },
        {
            "index":262,
            "아파트명":"서동탄역더샵파크시티",
            "투자타입":"일반",
            "전용면적(m2)":"84.61",
            "전용면적(평)":"25평",
            "법정동주소":"경기도 오산시 외삼미동 650",
            "도로명주소":"경기도 오산시 문시로 183-19",
            "세대수":100,
            "입주년차":100,
            "용적률점수":"--",
            "건폐율점수":"--",
            "세대당주차수":30,
            "난방방식":100,
            "공급면적":"--",
            "전용률":"--",
            "욕실수":100,
            "현관타입":100,
            "주거총점":89.5,
            "지역구공급총점":0.0,
            "역세권":0,
            "30분내 이동가능 거점":0,
            "1시간내 이동가능 거점":10,
            "교통총점":2.0,
            "백화점":0,
            "아울렛몰":0,
            "대형마트":80,
            "은행":0,
            "병원":10,
            "종합병원":100,
            "공원":80,
            "혐오시설":0,
            "인프라총점":35.4,
            "초등학군":90.01,
            "중학군":55.04,
            "학군총점":62.034,
            "인구수":25.92,
            "인구증감":-0.33,
            "인구총점":18.045,
            "일자리":10.69,
            "소득수준":54.93,
            "일자리총점":23.962,
            "가치 총점":38.5251,
            "매매실거래년":20220129.0,
            "매매실거래가":59400.0,
            "전세실거래년":20211223.0,
            "전세실거래가":34500.0,
            "전세가율":63.07,
            "장기전세가율평균":75.17,
            "전세가율거품지수":12.1,
            "검색코드":115677,
            "세대수":2400.0,
            "준공년월":"2019-07-30",
            "준공년차":4.0,
            "가까운역이름":"서동탄",
            "가까운역거리":1165.5,
            "역세권여부":"비역세권",
            "30분이내주요거점역":0,
            "30분거점역이름":"[]",
            "1시간이내주요거점역":1,
            "1시간거점역이름":"['GTX동탄(2023년)']",
            "3km이내백화점수":0,
            "5km이내아울렛몰수":0,
            "1km이내대형먀트수":1,
            "500m이내은행수":0,
            "500m이내병원수":2,
            "5km이내대형병원수":2,
            "500m이내공원수":1,
            "3km이내혐오시설수":0,
            "초등학교학업성취도":90.01,
            "중학교학업성취도":89.6,
            "용적률":207,
            "건폐율":12,
            "Y":37.191855,
            "X":127.06408,
            "rank":27.0,
            "area_info":"25평(84.61), 25평(85.1), 29평(98.85), 32평(108.72), 32평(108.96), 38평(127.51)",
            "last_sales":"2022-01-29,59400.0,29평(98.85)",
            "rank_history":[
                [
                    "202203",
                    27
                ],
                [
                    "202202",
                    19
                ],
                [
                    "202201",
                    19
                ]
            ],
            "rank_gap":-8
        },
        {
            "index":244,
            "아파트명":"오산운암주공2단지",
            "투자타입":"일반",
            "전용면적(m2)":"102.61",
            "전용면적(평)":"31평",
            "법정동주소":"경기도 오산시 오산동 920-2",
            "도로명주소":"경기도 오산시 운암로 89",
            "세대수":90,
            "입주년차":20,
            "용적률점수":"--",
            "건폐율점수":"--",
            "세대당주차수":30,
            "난방방식":100,
            "공급면적":"--",
            "전용률":"--",
            "욕실수":100,
            "현관타입":100,
            "주거총점":70.0,
            "지역구공급총점":0.0,
            "역세권":0,
            "30분내 이동가능 거점":0,
            "1시간내 이동가능 거점":50,
            "교통총점":10.0,
            "백화점":0,
            "아울렛몰":0,
            "대형마트":80,
            "은행":0,
            "병원":30,
            "종합병원":100,
            "공원":100,
            "혐오시설":0,
            "인프라총점":38.0,
            "초등학군":89.99,
            "중학군":47.7,
            "학군총점":56.158,
            "인구수":25.92,
            "인구증감":-0.33,
            "인구총점":18.045,
            "일자리":10.69,
            "소득수준":54.93,
            "일자리총점":23.962,
            "가치 총점":37.3237,
            "매매실거래년":20211203.0,
            "매매실거래가":46000.0,
            "전세실거래년":20220215.0,
            "전세실거래가":27000.0,
            "전세가율":58.7,
            "장기전세가율평균":75.17,
            "전세가율거품지수":16.47,
            "검색코드":8016,
            "세대수":1036.0,
            "준공년월":"2000-11-18",
            "준공년차":23.0,
            "가까운역이름":"오산",
            "가까운역거리":1330.55,
            "역세권여부":"비역세권",
            "30분이내주요거점역":0,
            "30분거점역이름":"[]",
            "1시간이내주요거점역":5,
            "1시간거점역이름":"['강남', '양재', '수원시청', '수원', 'GTX동탄(2023년)']",
            "3km이내백화점수":0,
            "5km이내아울렛몰수":0,
            "1km이내대형먀트수":1,
            "500m이내은행수":1,
            "500m이내병원수":8,
            "5km이내대형병원수":2,
            "500m이내공원수":7,
            "3km이내혐오시설수":0,
            "초등학교학업성취도":89.99,
            "중학교학업성취도":79.3,
            "용적률":223,
            "건폐율":16,
            "Y":37.155027,
            "X":127.075945,
            "rank":28.0,
            "area_info":"31평(102.61), 31평(102.79)",
            "last_sales":"2021-12-03,46000.0,31평(102.61)",
            "rank_history":[
                [
                    "202203",
                    28
                ],
                [
                    "202202",
                    27
                ],
                [
                    "202201",
                    25
                ]
            ],
            "rank_gap":-1
        },
        {
            "index":148,
            "아파트명":"오산운암주공3단지",
            "투자타입":"일반",
            "전용면적(m2)":"63.49",
            "전용면적(평)":"19평",
            "법정동주소":"경기도 오산시 부산동 779-1",
            "도로명주소":"경기도 오산시 운암로 90",
            "세대수":100,
            "입주년차":20,
            "용적률점수":"--",
            "건폐율점수":"--",
            "세대당주차수":30,
            "난방방식":100,
            "공급면적":"--",
            "전용률":"--",
            "욕실수":50,
            "현관타입":10,
            "주거총점":59.5,
            "지역구공급총점":0.0,
            "역세권":0,
            "30분내 이동가능 거점":0,
            "1시간내 이동가능 거점":50,
            "교통총점":10.0,
            "백화점":0,
            "아울렛몰":0,
            "대형마트":80,
            "은행":0,
            "병원":30,
            "종합병원":100,
            "공원":100,
            "혐오시설":0,
            "인프라총점":38.0,
            "초등학군":89.99,
            "중학군":47.7,
            "학군총점":56.158,
            "인구수":25.92,
            "인구증감":-0.33,
            "인구총점":18.045,
            "일자리":10.69,
            "소득수준":54.93,
            "일자리총점":23.962,
            "가치 총점":35.2237,
            "매매실거래년":20220113.0,
            "매매실거래가":48000.0,
            "전세실거래년":20220209.0,
            "전세실거래가":20000.0,
            "전세가율":88.89,
            "장기전세가율평균":75.17,
            "전세가율거품지수":-13.72,
            "검색코드":8008,
            "세대수":1651.0,
            "준공년월":"2000-05-20",
            "준공년차":23.0,
            "가까운역이름":"오산",
            "가까운역거리":1454.07,
            "역세권여부":"비역세권",
            "30분이내주요거점역":0,
            "30분거점역이름":"[]",
            "1시간이내주요거점역":5,
            "1시간거점역이름":"['강남', '양재', '수원시청', '수원', 'GTX동탄(2023년)']",
            "3km이내백화점수":0,
            "5km이내아울렛몰수":0,
            "1km이내대형먀트수":1,
            "500m이내은행수":1,
            "500m이내병원수":8,
            "5km이내대형병원수":2,
            "500m이내공원수":6,
            "3km이내혐오시설수":0,
            "초등학교학업성취도":89.99,
            "중학교학업성취도":79.3,
            "용적률":217,
            "건폐율":17,
            "Y":37.154419,
            "X":127.078846,
            "rank":29.0,
            "area_info":"19평(63.49), 23평(76.07), 22평(76.01), 32평(108.04)",
            "last_sales":"2022-01-13,48000.0,32평(108.04)",
            "rank_history":[
                [
                    "202203",
                    29
                ],
                [
                    "202202",
                    31
                ],
                [
                    "202201",
                    29
                ]
            ],
            "rank_gap":2
        },
        {
            "index":323,
            "아파트명":"오산원동힐스테이트",
            "투자타입":"일반",
            "전용면적(m2)":"106.9",
            "전용면적(평)":"32평",
            "법정동주소":"경기도 오산시 원동 901",
            "도로명주소":"경기도 오산시 경기대로 78-7",
            "세대수":50,
            "입주년차":60,
            "용적률점수":"--",
            "건폐율점수":"--",
            "세대당주차수":60,
            "난방방식":100,
            "공급면적":"--",
            "전용률":"--",
            "욕실수":100,
            "현관타입":100,
            "주거총점":68.5,
            "지역구공급총점":0.0,
            "역세권":0,
            "30분내 이동가능 거점":0,
            "1시간내 이동가능 거점":20,
            "교통총점":4.0,
            "백화점":0,
            "아울렛몰":0,
            "대형마트":80,
            "은행":0,
            "병원":30,
            "종합병원":100,
            "공원":100,
            "혐오시설":0,
            "인프라총점":38.0,
            "초등학군":89.97,
            "중학군":41.78,
            "학군총점":51.418,
            "인구수":25.92,
            "인구증감":-0.33,
            "인구총점":18.045,
            "일자리":10.69,
            "소득수준":54.93,
            "일자리총점":23.962,
            "가치 총점":34.2127,
            "매매실거래년":20220224.0,
            "매매실거래가":39500.0,
            "전세실거래년":20130205.0,
            "전세실거래가":16000.0,
            "전세가율":40.51,
            "장기전세가율평균":75.17,
            "전세가율거품지수":34.66,
            "검색코드":26097,
            "세대수":433.0,
            "준공년월":"2009-07-20",
            "준공년차":14.0,
            "가까운역이름":"오산",
            "가까운역거리":1560.84,
            "역세권여부":"비역세권",
            "30분이내주요거점역":0,
            "30분거점역이름":"[]",
            "1시간이내주요거점역":2,
            "1시간거점역이름":"['수원시청', '수원']",
            "3km이내백화점수":0,
            "5km이내아울렛몰수":0,
            "1km이내대형먀트수":1,
            "500m이내은행수":1,
            "500m이내병원수":8,
            "5km이내대형병원수":2,
            "500m이내공원수":5,
            "3km이내혐오시설수":0,
            "초등학교학업성취도":89.97,
            "중학교학업성취도":69.1,
            "용적률":198,
            "건폐율":15,
            "Y":37.132386,
            "X":127.073002,
            "rank":30.0,
            "area_info":"32평(106.9), 35평(118.4), 40평(132.61), 40평(133.46), 50평(165.47)",
            "last_sales":"2022-02-24,39500.0,32평(106.9)",
            "rank_history":[
                [
                    "202203",
                    30
                ],
                [
                    "202202",
                    33
                ],
                [
                    "202201",
                    34
                ]
            ],
            "rank_gap":3
        },
        {
            "index":120,
            "아파트명":"오산센트럴푸르지오",
            "투자타입":"일반",
            "전용면적(m2)":"99.64",
            "전용면적(평)":"30평",
            "법정동주소":"경기도 오산시 부산동 830",
            "도로명주소":"경기도 오산시 현충로 107-30",
            "세대수":90,
            "입주년차":80,
            "용적률점수":"--",
            "건폐율점수":"--",
            "세대당주차수":30,
            "난방방식":100,
            "공급면적":"--",
            "전용률":"--",
            "욕실수":100,
            "현관타입":100,
            "주거총점":82.0,
            "지역구공급총점":0.0,
            "역세권":0,
            "30분내 이동가능 거점":0,
            "1시간내 이동가능 거점":30,
            "교통총점":6.0,
            "백화점":0,
            "아울렛몰":0,
            "대형마트":0,
            "은행":0,
            "병원":10,
            "종합병원":100,
            "공원":100,
            "혐오시설":0,
            "인프라총점":24.0,
            "초등학군":89.99,
            "중학군":47.7,
            "학군총점":56.158,
            "인구수":25.92,
            "인구증감":-0.33,
            "인구총점":18.045,
            "일자리":10.69,
            "소득수준":54.93,
            "일자리총점":23.962,
            "가치 총점":34.1237,
            "매매실거래년":20211011.0,
            "매매실거래가":59000.0,
            "전세실거래년":20220211.0,
            "전세실거래가":20000.0,
            "전세가율":33.9,
            "장기전세가율평균":75.17,
            "전세가율거품지수":41.27,
            "검색코드":115543,
            "세대수":920.0,
            "준공년월":"2018-10-22",
            "준공년차":5.0,
            "가까운역이름":"오산대",
            "가까운역거리":1985.8,
            "역세권여부":"비역세권",
            "30분이내주요거점역":0,
            "30분거점역이름":"[]",
            "1시간이내주요거점역":3,
            "1시간거점역이름":"['수원시청', '수원', 'GTX동탄(2023년)']",
            "3km이내백화점수":0,
            "5km이내아울렛몰수":0,
            "1km이내대형먀트수":0,
            "500m이내은행수":0,
            "500m이내병원수":2,
            "5km이내대형병원수":2,
            "500m이내공원수":3,
            "3km이내혐오시설수":0,
            "초등학교학업성취도":89.99,
            "중학교학업성취도":79.3,
            "용적률":0,
            "건폐율":17,
            "Y":37.160334,
            "X":127.08242,
            "rank":31.0,
            "area_info":"30평(99.64), 34평(113.28), 34평(113.51)",
            "last_sales":"2021-10-11,59000.0,30평(99.64)",
            "rank_history":[
                [
                    "202203",
                    31
                ],
                [
                    "202202",
                    35
                ],
                [
                    "202201",
                    36
                ]
            ],
            "rank_gap":4
        },
        {
            "index":68,
            "아파트명":"세교데시앙포레",
            "투자타입":"일반",
            "전용면적(m2)":"126.98",
            "전용면적(평)":"38평",
            "법정동주소":"경기도 오산시 금암동 515",
            "도로명주소":"경기도 오산시 여계산로 21",
            "세대수":90,
            "입주년차":60,
            "용적률점수":"--",
            "건폐율점수":"--",
            "세대당주차수":60,
            "난방방식":100,
            "공급면적":"--",
            "전용률":"--",
            "욕실수":100,
            "현관타입":100,
            "주거총점":82.5,
            "지역구공급총점":0.0,
            "역세권":0,
            "30분내 이동가능 거점":0,
            "1시간내 이동가능 거점":10,
            "교통총점":2.0,
            "백화점":0,
            "아울렛몰":0,
            "대형마트":0,
            "은행":0,
            "병원":60,
            "종합병원":100,
            "공원":100,
            "혐오시설":0,
            "인프라총점":29.0,
            "초등학군":90.03,
            "중학군":44.7,
            "학군총점":53.766,
            "인구수":25.92,
            "인구증감":-0.33,
            "인구총점":18.045,
            "일자리":10.69,
            "소득수준":54.93,
            "일자리총점":23.962,
            "가치 총점":33.9649,
            "매매실거래년":20211115.0,
            "매매실거래가":56500.0,
            "전세실거래년":20210827.0,
            "전세실거래가":30000.0,
            "전세가율":55.56,
            "장기전세가율평균":75.17,
            "전세가율거품지수":19.61,
            "검색코드":100689,
            "세대수":1060.0,
            "준공년월":"2010-09-08",
            "준공년차":13.0,
            "가까운역이름":"세마",
            "가까운역거리":1595.01,
            "역세권여부":"비역세권",
            "30분이내주요거점역":0,
            "30분거점역이름":"[]",
            "1시간이내주요거점역":1,
            "1시간거점역이름":"['수원']",
            "3km이내백화점수":0,
            "5km이내아울렛몰수":0,
            "1km이내대형먀트수":0,
            "500m이내은행수":0,
            "500m이내병원수":16,
            "5km이내대형병원수":2,
            "500m이내공원수":5,
            "3km이내혐오시설수":0,
            "초등학교학업성취도":90.03,
            "중학교학업성취도":74.3,
            "용적률":199,
            "건폐율":17,
            "Y":37.172791,
            "X":127.043433,
            "rank":32.0,
            "area_info":"38평(126.98), 38평(127.06), 38평(127.05), 38평(127.08), 38평(127.05), 38평(127.06), 46평(154.69), 46평(154.61), 46평(154.69), 46평(154.68), 46평(154.69), 46평(154.61), 49평(163.46), 56평(188.41), 57평(188.58), 57평(188.43)",
            "last_sales":"2021-11-15,56500.0,46평(154.69)",
            "rank_history":[
                [
                    "202203",
                    32
                ],
                [
                    "202202",
                    29
                ],
                [
                    "202201",
                    30
                ]
            ],
            "rank_gap":-3
        },
        {
            "index":135,
            "아파트명":"오산시티자이2차",
            "투자타입":"일반",
            "전용면적(m2)":"80.86",
            "전용면적(평)":"24평",
            "법정동주소":"경기도 오산시 부산동 815",
            "도로명주소":"경기도 오산시 부산중앙로 42",
            "세대수":90,
            "입주년차":100,
            "용적률점수":"--",
            "건폐율점수":"--",
            "세대당주차수":30,
            "난방방식":100,
            "공급면적":"--",
            "전용률":"--",
            "욕실수":100,
            "현관타입":100,
            "주거총점":86.0,
            "지역구공급총점":0.0,
            "역세권":0,
            "30분내 이동가능 거점":0,
            "1시간내 이동가능 거점":10,
            "교통총점":2.0,
            "백화점":0,
            "아울렛몰":0,
            "대형마트":0,
            "은행":0,
            "병원":10,
            "종합병원":100,
            "공원":100,
            "혐오시설":0,
            "인프라총점":24.0,
            "초등학군":89.97,
            "중학군":47.7,
            "학군총점":56.154,
            "인구수":25.92,
            "인구증감":-0.33,
            "인구총점":18.045,
            "일자리":10.69,
            "소득수준":54.93,
            "일자리총점":23.962,
            "가치 총점":33.5231,
            "매매실거래년":20210821.0,
            "매매실거래가":64500.0,
            "전세실거래년":20211210.0,
            "전세실거래가":16800.0,
            "전세가율":32.0,
            "장기전세가율평균":75.17,
            "전세가율거품지수":43.17,
            "검색코드":116003,
            "세대수":1090.0,
            "준공년월":"2019-10-25",
            "준공년차":4.0,
            "가까운역이름":"오산",
            "가까운역거리":2401.23,
            "역세권여부":"비역세권",
            "30분이내주요거점역":0,
            "30분거점역이름":"[]",
            "1시간이내주요거점역":1,
            "1시간거점역이름":"['GTX동탄(2023년)']",
            "3km이내백화점수":0,
            "5km이내아울렛몰수":0,
            "1km이내대형먀트수":0,
            "500m이내은행수":0,
            "500m이내병원수":3,
            "5km이내대형병원수":2,
            "500m이내공원수":3,
            "3km이내혐오시설수":0,
            "초등학교학업성취도":89.97,
            "중학교학업성취도":79.3,
            "용적률":211,
            "건폐율":14,
            "Y":37.151512,
            "X":127.092847,
            "rank":33.0,
            "area_info":"24평(80.86), 24평(81.77), 29평(98.41), 32평(108.65), 32평(109.02), 37평(122.48), 39평(129.78)",
            "last_sales":"2021-08-21,64500.0,32평(108.65)",
            "rank_history":[
                [
                    "202203",
                    33
                ],
                [
                    "202202",
                    32
                ],
                [
                    "202201",
                    32
                ]
            ],
            "rank_gap":-1
        },
        {
            "index":84,
            "아파트명":"세교센트럴파크",
            "투자타입":"일반",
            "전용면적(m2)":"96.78",
            "전용면적(평)":"29평",
            "법정동주소":"경기도 오산시 금암동 517",
            "도로명주소":"경기도 오산시 여계산로 60",
            "세대수":80,
            "입주년차":60,
            "용적률점수":"--",
            "건폐율점수":"--",
            "세대당주차수":30,
            "난방방식":100,
            "공급면적":"--",
            "전용률":"--",
            "욕실수":100,
            "현관타입":100,
            "주거총점":74.5,
            "지역구공급총점":0.0,
            "역세권":0,
            "30분내 이동가능 거점":0,
            "1시간내 이동가능 거점":20,
            "교통총점":4.0,
            "백화점":0,
            "아울렛몰":0,
            "대형마트":0,
            "은행":0,
            "병원":60,
            "종합병원":100,
            "공원":100,
            "혐오시설":0,
            "인프라총점":29.0,
            "초등학군":90.03,
            "중학군":44.7,
            "학군총점":53.766,
            "인구수":25.92,
            "인구증감":-0.33,
            "인구총점":18.045,
            "일자리":10.69,
            "소득수준":54.93,
            "일자리총점":23.962,
            "가치 총점":33.0649,
            "매매실거래년":20210723.0,
            "매매실거래가":40000.0,
            "전세실거래년":20210619.0,
            "전세실거래가":30000.0,
            "전세가율":78.95,
            "장기전세가율평균":75.17,
            "전세가율거품지수":-3.78,
            "검색코드":131409,
            "세대수":849.0,
            "준공년월":"2009-10-14",
            "준공년차":14.0,
            "가까운역이름":"세마",
            "가까운역거리":1322.46,
            "역세권여부":"비역세권",
            "30분이내주요거점역":0,
            "30분거점역이름":"[]",
            "1시간이내주요거점역":2,
            "1시간거점역이름":"['수원시청', '수원']",
            "3km이내백화점수":0,
            "5km이내아울렛몰수":0,
            "1km이내대형먀트수":0,
            "500m이내은행수":0,
            "500m이내병원수":24,
            "5km이내대형병원수":2,
            "500m이내공원수":8,
            "3km이내혐오시설수":0,
            "초등학교학업성취도":90.03,
            "중학교학업성취도":74.3,
            "용적률":191,
            "건폐율":16,
            "Y":37.175446,
            "X":127.046179,
            "rank":34.0,
            "area_info":"29평(96.78), 32평(108.31), 32평(108.31), 32평(108.16), 32평(108.3)",
            "last_sales":"2021-07-23,40000.0,32평(108.3)",
            "rank_history":[
                [
                    "202203",
                    34
                ],
                [
                    "202202",
                    34
                ],
                [
                    "202201",
                    35
                ]
            ],
            "rank_gap":0
        },
        {
            "index":377,
            "아파트명":"은계주공",
            "투자타입":"재건축",
            "전용면적(m2)":"43.92",
            "전용면적(평)":"13평",
            "법정동주소":"경기도 오산시 은계동 70",
            "도로명주소":"경기도 오산시 은여울로43번길 16",
            "세대수":50,
            "입주년차":"--",
            "용적률점수":100,
            "건폐율점수":100,
            "세대당주차수":"--",
            "난방방식":"--",
            "공급면적":50,
            "전용률":80,
            "욕실수":"--",
            "현관타입":"--",
            "주거총점":81.5,
            "지역구공급총점":0.0,
            "역세권":0,
            "30분내 이동가능 거점":0,
            "1시간내 이동가능 거점":20,
            "교통총점":4.0,
            "백화점":0,
            "아울렛몰":0,
            "대형마트":0,
            "은행":0,
            "병원":0,
            "종합병원":100,
            "공원":100,
            "혐오시설":0,
            "인프라총점":23.0,
            "초등학군":90.02,
            "중학군":47.7,
            "학군총점":56.164,
            "인구수":25.92,
            "인구증감":-0.33,
            "인구총점":18.045,
            "일자리":10.69,
            "소득수준":54.93,
            "일자리총점":23.962,
            "가치 총점":33.0246,
            "매매실거래년":20220115.0,
            "매매실거래가":20000.0,
            "전세실거래년":20220210.0,
            "전세실거래가":6000.0,
            "전세가율":30.0,
            "장기전세가율평균":75.17,
            "전세가율거품지수":45.17,
            "검색코드":13678,
            "세대수":460.0,
            "준공년월":"1987-03-31",
            "준공년차":36.0,
            "가까운역이름":"오산대",
            "가까운역거리":1211.14,
            "역세권여부":"비역세권",
            "30분이내주요거점역":0,
            "30분거점역이름":"[]",
            "1시간이내주요거점역":2,
            "1시간거점역이름":"['수원', 'GTX동탄(2023년)']",
            "3km이내백화점수":0,
            "5km이내아울렛몰수":0,
            "1km이내대형먀트수":0,
            "500m이내은행수":0,
            "500m이내병원수":1,
            "5km이내대형병원수":2,
            "500m이내공원수":2,
            "3km이내혐오시설수":0,
            "초등학교학업성취도":90.02,
            "중학교학업성취도":79.3,
            "용적률":87,
            "건폐율":17,
            "Y":37.160568,
            "X":127.07116,
            "rank":35.0,
            "area_info":"13평(43.92), 15평(52.65)",
            "last_sales":"2022-01-15,20000.0,13평(43.92)",
            "rank_history":[
                [
                    "202203",
                    35
                ],
                [
                    "202202",
                    40
                ],
                [
                    "202201",
                    28
                ]
            ],
            "rank_gap":5
        },
        {
            "index":227,
            "아파트명":"오산세마효성백년가약",
            "투자타입":"일반",
            "전용면적(m2)":"113.9",
            "전용면적(평)":"34평",
            "법정동주소":"경기도 오산시 양산동 667-1",
            "도로명주소":"경기도 오산시 양산로 422",
            "세대수":30,
            "입주년차":60,
            "용적률점수":"--",
            "건폐율점수":"--",
            "세대당주차수":60,
            "난방방식":100,
            "공급면적":"--",
            "전용률":"--",
            "욕실수":100,
            "현관타입":100,
            "주거총점":61.5,
            "지역구공급총점":0.0,
            "역세권":0,
            "30분내 이동가능 거점":0,
            "1시간내 이동가능 거점":40,
            "교통총점":8.0,
            "백화점":0,
            "아울렛몰":0,
            "대형마트":80,
            "은행":0,
            "병원":10,
            "종합병원":100,
            "공원":100,
            "혐오시설":0,
            "인프라총점":36.0,
            "초등학군":89.95,
            "중학군":36.72,
            "학군총점":47.366,
            "인구수":25.92,
            "인구증감":-0.33,
            "인구총점":18.045,
            "일자리":10.69,
            "소득수준":54.93,
            "일자리총점":23.962,
            "가치 총점":33.0049,
            "매매실거래년":20210905.0,
            "매매실거래가":50000.0,
            "전세실거래년":20220129.0,
            "전세실거래가":32000.0,
            "전세가율":64.0,
            "장기전세가율평균":75.17,
            "전세가율거품지수":11.17,
            "검색코드":27101,
            "세대수":392.0,
            "준공년월":"2010-02-01",
            "준공년차":13.0,
            "가까운역이름":"병점",
            "가까운역거리":1165.48,
            "역세권여부":"비역세권",
            "30분이내주요거점역":0,
            "30분거점역이름":"[]",
            "1시간이내주요거점역":4,
            "1시간거점역이름":"['수원시청', '평촌', '수원', 'GTX동탄(2023년)']",
            "3km이내백화점수":0,
            "5km이내아울렛몰수":0,
            "1km이내대형먀트수":1,
            "500m이내은행수":0,
            "500m이내병원수":2,
            "5km이내대형병원수":2,
            "500m이내공원수":3,
            "3km이내혐오시설수":0,
            "초등학교학업성취도":89.95,
            "중학교학업성취도":61.2,
            "용적률":199,
            "건폐율":17,
            "Y":37.196442,
            "X":127.030835,
            "rank":36.0,
            "area_info":"34평(113.9), 41평(136.3), 46평(153.08)",
            "last_sales":"2021-09-05,50000.0,34평(113.9)",
            "rank_history":[
                [
                    "202203",
                    36
                ],
                [
                    "202202",
                    39
                ],
                [
                    "202201",
                    41
                ]
            ],
            "rank_gap":3
        },
        {
            "index":95,
            "아파트명":"죽미마을9단지휴튼",
            "투자타입":"일반",
            "전용면적(m2)":"98.88",
            "전용면적(평)":"29평",
            "법정동주소":"경기도 오산시 금암동 496",
            "도로명주소":"경기도 오산시 수청로 165",
            "세대수":80,
            "입주년차":60,
            "용적률점수":"--",
            "건폐율점수":"--",
            "세대당주차수":30,
            "난방방식":100,
            "공급면적":"--",
            "전용률":"--",
            "욕실수":100,
            "현관타입":100,
            "주거총점":74.5,
            "지역구공급총점":0.0,
            "역세권":0,
            "30분내 이동가능 거점":0,
            "1시간내 이동가능 거점":10,
            "교통총점":2.0,
            "백화점":0,
            "아울렛몰":0,
            "대형마트":0,
            "은행":0,
            "병원":60,
            "종합병원":100,
            "공원":100,
            "혐오시설":0,
            "인프라총점":29.0,
            "초등학군":89.97,
            "중학군":44.7,
            "학군총점":53.754,
            "인구수":25.92,
            "인구증감":-0.33,
            "인구총점":18.045,
            "일자리":10.69,
            "소득수준":54.93,
            "일자리총점":23.962,
            "가치 총점":32.3631,
            "매매실거래년":20220106.0,
            "매매실거래가":47500.0,
            "전세실거래년":20211212.0,
            "전세실거래가":33000.0,
            "전세가율":67.35,
            "장기전세가율평균":75.17,
            "전세가율거품지수":7.82,
            "검색코드":102557,
            "세대수":772.0,
            "준공년월":"2011-07-01",
            "준공년차":12.0,
            "가까운역이름":"세마",
            "가까운역거리":1206.26,
            "역세권여부":"비역세권",
            "30분이내주요거점역":0,
            "30분거점역이름":"[]",
            "1시간이내주요거점역":1,
            "1시간거점역이름":"['수원']",
            "3km이내백화점수":0,
            "5km이내아울렛몰수":0,
            "1km이내대형먀트수":0,
            "500m이내은행수":0,
            "500m이내병원수":24,
            "5km이내대형병원수":2,
            "500m이내공원수":8,
            "3km이내혐오시설수":0,
            "초등학교학업성취도":89.97,
            "중학교학업성취도":74.3,
            "용적률":180,
            "건폐율":17,
            "Y":37.177289,
            "X":127.049142,
            "rank":37.0,
            "area_info":"29평(98.88), 29평(98.97), 29평(98.88), 33평(111.32), 33평(111.9), 33평(111.86), 33평(111.61), 33평(112.06), 33평(112.18), 33평(112.14), 33평(112.2), 33평(112.1), 33평(112.06), 33평(112.14)",
            "last_sales":"2022-01-06,47500.0,33평(112.06)",
            "rank_history":[
                [
                    "202203",
                    37
                ],
                [
                    "202202",
                    37
                ],
                [
                    "202201",
                    38
                ]
            ],
            "rank_gap":0
        },
        {
            "index":129,
            "아파트명":"오산시티자이1차2단지",
            "투자타입":"일반",
            "전용면적(m2)":"84.43",
            "전용면적(평)":"25평",
            "법정동주소":"경기도 오산시 부산동 801",
            "도로명주소":"경기도 오산시 부산중앙로 12",
            "세대수":90,
            "입주년차":80,
            "용적률점수":"--",
            "건폐율점수":"--",
            "세대당주차수":30,
            "난방방식":100,
            "공급면적":"--",
            "전용률":"--",
            "욕실수":100,
            "현관타입":100,
            "주거총점":82.0,
            "지역구공급총점":0.0,
            "역세권":0,
            "30분내 이동가능 거점":0,
            "1시간내 이동가능 거점":10,
            "교통총점":2.0,
            "백화점":0,
            "아울렛몰":0,
            "대형마트":0,
            "은행":0,
            "병원":10,
            "종합병원":100,
            "공원":100,
            "혐오시설":0,
            "인프라총점":24.0,
            "초등학군":89.97,
            "중학군":42.8,
            "학군총점":52.234,
            "인구수":25.92,
            "인구증감":-0.33,
            "인구총점":18.045,
            "일자리":10.69,
            "소득수준":54.93,
            "일자리총점":23.962,
            "가치 총점":32.1351,
            "매매실거래년":20211125.0,
            "매매실거래가":44000.0,
            "전세실거래년":20220120.0,
            "전세실거래가":16800.0,
            "전세가율":38.18,
            "장기전세가율평균":75.17,
            "전세가율거품지수":36.99,
            "검색코드":110150,
            "세대수":941.0,
            "준공년월":"2017-10-27",
            "준공년차":6.0,
            "가까운역이름":"오산",
            "가까운역거리":2282.28,
            "역세권여부":"비역세권",
            "30분이내주요거점역":0,
            "30분거점역이름":"[]",
            "1시간이내주요거점역":1,
            "1시간거점역이름":"['GTX동탄(2023년)']",
            "3km이내백화점수":0,
            "5km이내아울렛몰수":0,
            "1km이내대형먀트수":0,
            "500m이내은행수":0,
            "500m이내병원수":3,
            "5km이내대형병원수":2,
            "500m이내공원수":3,
            "3km이내혐오시설수":0,
            "초등학교학업성취도":89.97,
            "중학교학업성취도":70.4,
            "용적률":207,
            "건폐율":15,
            "Y":37.149483,
            "X":127.092083,
            "rank":38.0,
            "area_info":"25평(84.43), 25평(85.83), 25평(85.76), 31평(104.71), 33평(111.65), 39평(131.31)",
            "last_sales":"2021-11-25,44000.0,25평(84.43)",
            "rank_history":[
                [
                    "202203",
                    38
                ],
                [
                    "202202",
                    41
                ],
                [
                    "202201",
                    37
                ]
            ],
            "rank_gap":3
        },
        {
            "index":123,
            "아파트명":"오산시티자이1차1단지",
            "투자타입":"일반",
            "전용면적(m2)":"84.38",
            "전용면적(평)":"25평",
            "법정동주소":"경기도 오산시 부산동 800",
            "도로명주소":"경기도 오산시 부산중앙로 11",
            "세대수":90,
            "입주년차":80,
            "용적률점수":"--",
            "건폐율점수":"--",
            "세대당주차수":30,
            "난방방식":100,
            "공급면적":"--",
            "전용률":"--",
            "욕실수":100,
            "현관타입":100,
            "주거총점":82.0,
            "지역구공급총점":0.0,
            "역세권":0,
            "30분내 이동가능 거점":0,
            "1시간내 이동가능 거점":10,
            "교통총점":2.0,
            "백화점":0,
            "아울렛몰":0,
            "대형마트":0,
            "은행":0,
            "병원":10,
            "종합병원":100,
            "공원":100,
            "혐오시설":0,
            "인프라총점":24.0,
            "초등학군":89.97,
            "중학군":42.8,
            "학군총점":52.234,
            "인구수":25.92,
            "인구증감":-0.33,
            "인구총점":18.045,
            "일자리":10.69,
            "소득수준":54.93,
            "일자리총점":23.962,
            "가치 총점":32.1351,
            "매매실거래년":20211214.0,
            "매매실거래가":55800.0,
            "전세실거래년":20220212.0,
            "전세실거래가":32000.0,
            "전세가율":59.7,
            "장기전세가율평균":75.17,
            "전세가율거품지수":15.47,
            "검색코드":110141,
            "세대수":1099.0,
            "준공년월":"2017-10-27",
            "준공년차":6.0,
            "가까운역이름":"오산",
            "가까운역거리":2058.72,
            "역세권여부":"비역세권",
            "30분이내주요거점역":0,
            "30분거점역이름":"[]",
            "1시간이내주요거점역":1,
            "1시간거점역이름":"['GTX동탄(2023년)']",
            "3km이내백화점수":0,
            "5km이내아울렛몰수":0,
            "1km이내대형먀트수":0,
            "500m이내은행수":0,
            "500m이내병원수":3,
            "5km이내대형병원수":2,
            "500m이내공원수":3,
            "3km이내혐오시설수":0,
            "초등학교학업성취도":89.97,
            "중학교학업성취도":70.4,
            "용적률":209,
            "건폐율":17,
            "Y":37.149976,
            "X":127.089363,
            "rank":38.0,
            "area_info":"25평(84.38), 25평(85.79), 25평(85.72), 31평(104.67), 33평(111.78), 39평(131.33)",
            "last_sales":"2021-12-14,55800.0,31평(104.67)",
            "rank_history":[
                [
                    "202203",
                    38
                ],
                [
                    "202202",
                    41
                ],
                [
                    "202201",
                    37
                ]
            ],
            "rank_gap":3
        },
        {
            "index":321,
            "아파트명":"오산원동푸르지오",
            "투자타입":"일반",
            "전용면적(m2)":"106.67",
            "전용면적(평)":"32평",
            "법정동주소":"경기도 오산시 원동 826-1",
            "도로명주소":"경기도 오산시 남부대로 411-15",
            "세대수":80,
            "입주년차":40,
            "용적률점수":"--",
            "건폐율점수":"--",
            "세대당주차수":30,
            "난방방식":30,
            "공급면적":"--",
            "전용률":"--",
            "욕실수":100,
            "현관타입":100,
            "주거총점":63.5,
            "지역구공급총점":0.0,
            "역세권":0,
            "30분내 이동가능 거점":0,
            "1시간내 이동가능 거점":10,
            "교통총점":2.0,
            "백화점":0,
            "아울렛몰":0,
            "대형마트":80,
            "은행":0,
            "병원":10,
            "종합병원":100,
            "공원":100,
            "혐오시설":0,
            "인프라총점":36.0,
            "초등학군":89.98,
            "중학군":41.72,
            "학군총점":51.372,
            "인구수":25.92,
            "인구증감":-0.33,
            "인구총점":18.045,
            "일자리":10.69,
            "소득수준":54.93,
            "일자리총점":23.962,
            "가치 총점":31.9058,
            "매매실거래년":20211220.0,
            "매매실거래가":40000.0,
            "전세실거래년":20220221.0,
            "전세실거래가":17850.0,
            "전세가율":44.62,
            "장기전세가율평균":75.17,
            "전세가율거품지수":30.55,
            "검색코드":17454,
            "세대수":839.0,
            "준공년월":"2005-09-20",
            "준공년차":18.0,
            "가까운역이름":"오산",
            "가까운역거리":1655.59,
            "역세권여부":"비역세권",
            "30분이내주요거점역":0,
            "30분거점역이름":"[]",
            "1시간이내주요거점역":1,
            "1시간거점역이름":"['수원']",
            "3km이내백화점수":0,
            "5km이내아울렛몰수":0,
            "1km이내대형먀트수":1,
            "500m이내은행수":0,
            "500m이내병원수":2,
            "5km이내대형병원수":2,
            "500m이내공원수":2,
            "3km이내혐오시설수":0,
            "초등학교학업성취도":89.98,
            "중학교학업성취도":69.2,
            "용적률":201,
            "건폐율":16,
            "Y":37.137425,
            "X":127.082485,
            "rank":39.0,
            "area_info":"32평(106.67), 32평(107.36)",
            "last_sales":"2021-12-20,40000.0,32평(106.67)",
            "rank_history":[
                [
                    "202203",
                    39
                ],
                [
                    "202202",
                    42
                ],
                [
                    "202201",
                    42
                ]
            ],
            "rank_gap":3
        },
        {
            "index":386,
            "아파트명":"오산세교e편한세상",
            "투자타입":"일반",
            "전용면적(m2)":"85.12",
            "전용면적(평)":"25평",
            "법정동주소":"경기도 오산시 지곶동 577",
            "도로명주소":"경기도 오산시 세마문학로 50",
            "세대수":100,
            "입주년차":80,
            "용적률점수":"--",
            "건폐율점수":"--",
            "세대당주차수":30,
            "난방방식":30,
            "공급면적":"--",
            "전용률":"--",
            "욕실수":100,
            "현관타입":100,
            "주거총점":78.5,
            "지역구공급총점":0.0,
            "역세권":0,
            "30분내 이동가능 거점":0,
            "1시간내 이동가능 거점":10,
            "교통총점":2.0,
            "백화점":0,
            "아울렛몰":0,
            "대형마트":0,
            "은행":0,
            "병원":10,
            "종합병원":100,
            "공원":100,
            "혐오시설":0,
            "인프라총점":24.0,
            "초등학군":89.94,
            "중학군":44.7,
            "학군총점":53.748,
            "인구수":25.92,
            "인구증감":-0.33,
            "인구총점":18.045,
            "일자리":10.69,
            "소득수준":54.93,
            "일자리총점":23.962,
            "가치 총점":31.6622,
            "매매실거래년":20220112.0,
            "매매실거래가":41500.0,
            "전세실거래년":20220121.0,
            "전세실거래가":29000.0,
            "전세가율":69.88,
            "장기전세가율평균":75.17,
            "전세가율거품지수":5.29,
            "검색코드":108033,
            "세대수":2050.0,
            "준공년월":"2018-03-30",
            "준공년차":5.0,
            "가까운역이름":"세마",
            "가까운역거리":2506.99,
            "역세권여부":"비역세권",
            "30분이내주요거점역":0,
            "30분거점역이름":"[]",
            "1시간이내주요거점역":1,
            "1시간거점역이름":"['수원']",
            "3km이내백화점수":0,
            "5km이내아울렛몰수":0,
            "1km이내대형먀트수":0,
            "500m이내은행수":0,
            "500m이내병원수":2,
            "5km이내대형병원수":2,
            "500m이내공원수":2,
            "3km이내혐오시설수":0,
            "초등학교학업성취도":89.94,
            "중학교학업성취도":74.3,
            "용적률":186,
            "건폐율":13,
            "Y":37.168305,
            "X":127.027865,
            "rank":40.0,
            "area_info":"25평(85.12), 30평(99.53), 34평(112.89), 34평(113.45)",
            "last_sales":"2022-01-12,41500.0,25평(85.12)",
            "rank_history":[
                [
                    "202203",
                    40
                ],
                [
                    "202202",
                    38
                ],
                [
                    "202201",
                    40
                ]
            ],
            "rank_gap":-2
        },
        {
            "index":0,
            "아파트명":"가수주공",
            "투자타입":"재건축",
            "전용면적(m2)":"45.51",
            "전용면적(평)":"13평",
            "법정동주소":"경기도 오산시 가수동 113",
            "도로명주소":"경기도 오산시 가수1로 13",
            "세대수":50,
            "입주년차":"--",
            "용적률점수":100,
            "건폐율점수":100,
            "세대당주차수":"--",
            "난방방식":"--",
            "공급면적":50,
            "전용률":80,
            "욕실수":"--",
            "현관타입":"--",
            "주거총점":81.5,
            "지역구공급총점":0.0,
            "역세권":0,
            "30분내 이동가능 거점":0,
            "1시간내 이동가능 거점":10,
            "교통총점":2.0,
            "백화점":0,
            "아울렛몰":0,
            "대형마트":0,
            "은행":0,
            "병원":0,
            "종합병원":100,
            "공원":100,
            "혐오시설":0,
            "인프라총점":23.0,
            "초등학군":89.99,
            "중학군":41.22,
            "학군총점":50.974,
            "인구수":25.92,
            "인구증감":-0.33,
            "인구총점":18.045,
            "일자리":10.69,
            "소득수준":54.93,
            "일자리총점":23.962,
            "가치 총점":31.5461,
            "매매실거래년":20220117.0,
            "매매실거래가":20000.0,
            "전세실거래년":20211207.0,
            "전세실거래가":7000.0,
            "전세가율":35.35,
            "장기전세가율평균":75.17,
            "전세가율거품지수":39.82,
            "검색코드":8001,
            "세대수":620.0,
            "준공년월":"1990-10-05",
            "준공년차":33.0,
            "가까운역이름":"오산",
            "가까운역거리":1280.12,
            "역세권여부":"비역세권",
            "30분이내주요거점역":0,
            "30분거점역이름":"[]",
            "1시간이내주요거점역":1,
            "1시간거점역이름":"['수원']",
            "3km이내백화점수":0,
            "5km이내아울렛몰수":0,
            "1km이내대형먀트수":0,
            "500m이내은행수":0,
            "500m이내병원수":0,
            "5km이내대형병원수":2,
            "500m이내공원수":7,
            "3km이내혐오시설수":0,
            "초등학교학업성취도":89.99,
            "중학교학업성취도":68.7,
            "용적률":94,
            "건폐율":19,
            "Y":37.145965,
            "X":127.052383,
            "rank":41.0,
            "area_info":"13평(45.51), 13평(45.12), 15평(52.83), 15평(52.5)",
            "last_sales":"2022-01-17,20000.0,13평(45.12)",
            "rank_history":[
                [
                    "202203",
                    41
                ],
                [
                    "202202",
                    43
                ],
                [
                    "202201",
                    43
                ]
            ],
            "rank_gap":2
        },
        {
            "index":142,
            "아파트명":"오산운암주공1단지",
            "투자타입":"일반",
            "전용면적(m2)":"61.6",
            "전용면적(평)":"18평",
            "법정동주소":"경기도 오산시 부산동 778-1",
            "도로명주소":"경기도 오산시 운암로 122",
            "세대수":100,
            "입주년차":20,
            "용적률점수":"--",
            "건폐율점수":"--",
            "세대당주차수":30,
            "난방방식":100,
            "공급면적":"--",
            "전용률":"--",
            "욕실수":50,
            "현관타입":10,
            "주거총점":59.5,
            "지역구공급총점":0.0,
            "역세권":0,
            "30분내 이동가능 거점":0,
            "1시간내 이동가능 거점":40,
            "교통총점":8.0,
            "백화점":0,
            "아울렛몰":0,
            "대형마트":0,
            "은행":0,
            "병원":30,
            "종합병원":100,
            "공원":100,
            "혐오시설":0,
            "인프라총점":26.0,
            "초등학군":89.99,
            "중학군":47.7,
            "학군총점":56.158,
            "인구수":25.92,
            "인구증감":-0.33,
            "인구총점":18.045,
            "일자리":10.69,
            "소득수준":54.93,
            "일자리총점":23.962,
            "가치 총점":30.9237,
            "매매실거래년":20220128.0,
            "매매실거래가":40000.0,
            "전세실거래년":20211124.0,
            "전세실거래가":19000.0,
            "전세가율":105.56,
            "장기전세가율평균":75.17,
            "전세가율거품지수":-30.39,
            "검색코드":8007,
            "세대수":1755.0,
            "준공년월":"2000-03-22",
            "준공년차":23.0,
            "가까운역이름":"오산",
            "가까운역거리":1793.14,
            "역세권여부":"비역세권",
            "30분이내주요거점역":0,
            "30분거점역이름":"[]",
            "1시간이내주요거점역":4,
            "1시간거점역이름":"['강남', '양재', '수원', 'GTX동탄(2023년)']",
            "3km이내백화점수":0,
            "5km이내아울렛몰수":0,
            "1km이내대형먀트수":0,
            "500m이내은행수":0,
            "500m이내병원수":7,
            "5km이내대형병원수":2,
            "500m이내공원수":5,
            "3km이내혐오시설수":0,
            "초등학교학업성취도":89.99,
            "중학교학업성취도":79.3,
            "용적률":215,
            "건폐율":17,
            "Y":37.157619,
            "X":127.080203,
            "rank":42.0,
            "area_info":"18평(61.6), 18평(62.0), 22평(74.74), 22평(74.51), 22평(74.68), 31평(105.64)",
            "last_sales":"2022-01-28,40000.0,31평(105.64)",
            "rank_history":[
                [
                    "202203",
                    42
                ],
                [
                    "202202",
                    51
                ],
                [
                    "202201",
                    49
                ]
            ],
            "rank_gap":9
        },
        {
            "index":31,
            "아파트명":"오산고현아이파크",
            "투자타입":"일반",
            "전용면적(m2)":"111.42",
            "전용면적(평)":"33평",
            "법정동주소":"경기도 오산시 고현동 270",
            "도로명주소":"경기도 오산시 남부대로 430-12",
            "세대수":50,
            "입주년차":60,
            "용적률점수":"--",
            "건폐율점수":"--",
            "세대당주차수":30,
            "난방방식":30,
            "공급면적":"--",
            "전용률":"--",
            "욕실수":100,
            "현관타입":100,
            "주거총점":57.0,
            "지역구공급총점":0.0,
            "역세권":0,
            "30분내 이동가능 거점":0,
            "1시간내 이동가능 거점":10,
            "교통총점":2.0,
            "백화점":0,
            "아울렛몰":0,
            "대형마트":80,
            "은행":0,
            "병원":10,
            "종합병원":100,
            "공원":100,
            "혐오시설":0,
            "인프라총점":36.0,
            "초등학군":89.98,
            "중학군":41.72,
            "학군총점":51.372,
            "인구수":25.92,
            "인구증감":-0.33,
            "인구총점":18.045,
            "일자리":10.69,
            "소득수준":54.93,
            "일자리총점":23.962,
            "가치 총점":30.6058,
            "매매실거래년":20211124.0,
            "매매실거래가":47600.0,
            "전세실거래년":20210224.0,
            "전세실거래가":28000.0,
            "전세가율":69.14,
            "장기전세가율평균":75.17,
            "전세가율거품지수":6.03,
            "검색코드":26096,
            "세대수":648.0,
            "준공년월":"2009-01-14",
            "준공년차":14.0,
            "가까운역이름":"오산",
            "가까운역거리":1747.0,
            "역세권여부":"비역세권",
            "30분이내주요거점역":0,
            "30분거점역이름":"[]",
            "1시간이내주요거점역":1,
            "1시간거점역이름":"['수원']",
            "3km이내백화점수":0,
            "5km이내아울렛몰수":0,
            "1km이내대형먀트수":1,
            "500m이내은행수":0,
            "500m이내병원수":3,
            "5km이내대형병원수":2,
            "500m이내공원수":5,
            "3km이내혐오시설수":0,
            "초등학교학업성취도":89.98,
            "중학교학업성취도":69.2,
            "용적률":195,
            "건폐율":18,
            "Y":37.134438,
            "X":127.080776,
            "rank":43.0,
            "area_info":"33평(111.42), 33평(111.46), 34평(113.77), 40평(132.48)",
            "last_sales":"2021-11-24,47600.0,40평(132.48)",
            "rank_history":[
                [
                    "202203",
                    43
                ],
                [
                    "202202",
                    44
                ],
                [
                    "202201",
                    44
                ]
            ],
            "rank_gap":1
        },
        {
            "index":26,
            "아파트명":"한솔솔파크",
            "투자타입":"일반",
            "전용면적(m2)":"107.86",
            "전용면적(평)":"32평",
            "법정동주소":"경기도 오산시 갈곶동 704",
            "도로명주소":"경기도 오산시 오산로 91-5",
            "세대수":50,
            "입주년차":40,
            "용적률점수":"--",
            "건폐율점수":"--",
            "세대당주차수":30,
            "난방방식":30,
            "공급면적":"--",
            "전용률":"--",
            "욕실수":100,
            "현관타입":100,
            "주거총점":53.0,
            "지역구공급총점":0.0,
            "역세권":0,
            "30분내 이동가능 거점":0,
            "1시간내 이동가능 거점":10,
            "교통총점":2.0,
            "백화점":0,
            "아울렛몰":0,
            "대형마트":80,
            "은행":0,
            "병원":30,
            "종합병원":100,
            "공원":100,
            "혐오시설":-50,
            "인프라총점":37.0,
            "초등학군":90.01,
            "중학군":41.78,
            "학군총점":51.426,
            "인구수":25.92,
            "인구증감":-0.33,
            "인구총점":18.045,
            "일자리":10.69,
            "소득수준":54.93,
            "일자리총점":23.962,
            "가치 총점":30.1139,
            "매매실거래년":20211215.0,
            "매매실거래가":46500.0,
            "전세실거래년":20211009.0,
            "전세실거래가":35000.0,
            "전세가율":109.38,
            "장기전세가율평균":75.17,
            "전세가율거품지수":-34.21,
            "검색코드":13210,
            "세대수":511.0,
            "준공년월":"2007-08-10",
            "준공년차":16.0,
            "가까운역이름":"오산",
            "가까운역거리":1197.74,
            "역세권여부":"비역세권",
            "30분이내주요거점역":0,
            "30분거점역이름":"[]",
            "1시간이내주요거점역":1,
            "1시간거점역이름":"['수원']",
            "3km이내백화점수":0,
            "5km이내아울렛몰수":0,
            "1km이내대형먀트수":1,
            "500m이내은행수":1,
            "500m이내병원수":7,
            "5km이내대형병원수":2,
            "500m이내공원수":5,
            "3km이내혐오시설수":1,
            "초등학교학업성취도":90.01,
            "중학교학업성취도":69.1,
            "용적률":199,
            "건폐율":15,
            "Y":37.134777,
            "X":127.067649,
            "rank":44.0,
            "area_info":"32평(107.86), 32평(108.03)",
            "last_sales":"2021-12-15,46500.0,32평(108.03)",
            "rank_history":[
                [
                    "202203",
                    44
                ],
                [
                    "202202",
                    46
                ],
                [
                    "202201",
                    46
                ]
            ],
            "rank_gap":2
        },
        {
            "index":280,
            "아파트명":"미소지움",
            "투자타입":"일반",
            "전용면적(m2)":"84.34",
            "전용면적(평)":"25평",
            "법정동주소":"경기도 오산시 원동 906",
            "도로명주소":"경기도 오산시 경기대로 114",
            "세대수":0,
            "입주년차":80,
            "용적률점수":"--",
            "건폐율점수":"--",
            "세대당주차수":30,
            "난방방식":30,
            "공급면적":"--",
            "전용률":"--",
            "욕실수":100,
            "현관타입":100,
            "주거총점":43.5,
            "지역구공급총점":0.0,
            "역세권":0,
            "30분내 이동가능 거점":0,
            "1시간내 이동가능 거점":20,
            "교통총점":4.0,
            "백화점":0,
            "아울렛몰":0,
            "대형마트":80,
            "은행":0,
            "병원":60,
            "종합병원":100,
            "공원":100,
            "혐오시설":0,
            "인프라총점":41.0,
            "초등학군":90.01,
            "중학군":41.78,
            "학군총점":51.426,
            "인구수":25.92,
            "인구증감":-0.33,
            "인구총점":18.045,
            "일자리":10.69,
            "소득수준":54.93,
            "일자리총점":23.962,
            "가치 총점":30.1139,
            "매매실거래년":20210915.0,
            "매매실거래가":39500.0,
            "전세실거래년":20211219.0,
            "전세실거래가":16800.0,
            "전세가율":42.53,
            "장기전세가율평균":75.17,
            "전세가율거품지수":32.64,
            "검색코드":110795,
            "세대수":192.0,
            "준공년월":"2017-07-11",
            "준공년차":6.0,
            "가까운역이름":"오산",
            "가까운역거리":1317.81,
            "역세권여부":"비역세권",
            "30분이내주요거점역":0,
            "30분거점역이름":"[]",
            "1시간이내주요거점역":2,
            "1시간거점역이름":"['수원시청', '수원']",
            "3km이내백화점수":0,
            "5km이내아울렛몰수":0,
            "1km이내대형먀트수":1,
            "500m이내은행수":1,
            "500m이내병원수":19,
            "5km이내대형병원수":2,
            "500m이내공원수":4,
            "3km이내혐오시설수":0,
            "초등학교학업성취도":90.01,
            "중학교학업성취도":69.1,
            "용적률":193,
            "건폐율":15,
            "Y":37.134962,
            "X":127.073549,
            "rank":44.0,
            "area_info":"25평(84.34), 25평(84.93)",
            "last_sales":"2021-09-15,39500.0,25평(84.34)",
            "rank_history":[
                [
                    "202203",
                    44
                ],
                [
                    "202202",
                    52
                ],
                [
                    "202201",
                    51
                ]
            ],
            "rank_gap":8
        },
        {
            "index":89,
            "아파트명":"죽미마을12단지휴먼시아",
            "투자타입":"일반",
            "전용면적(m2)":"96.56",
            "전용면적(평)":"29평",
            "법정동주소":"경기도 오산시 금암동 499",
            "도로명주소":"경기도 오산시 수청로 107",
            "세대수":50,
            "입주년차":60,
            "용적률점수":"--",
            "건폐율점수":"--",
            "세대당주차수":30,
            "난방방식":100,
            "공급면적":"--",
            "전용률":"--",
            "욕실수":100,
            "현관타입":100,
            "주거총점":64.0,
            "지역구공급총점":0.0,
            "역세권":0,
            "30분내 이동가능 거점":0,
            "1시간내 이동가능 거점":20,
            "교통총점":4.0,
            "백화점":0,
            "아울렛몰":0,
            "대형마트":0,
            "은행":0,
            "병원":30,
            "종합병원":100,
            "공원":100,
            "혐오시설":0,
            "인프라총점":26.0,
            "초등학군":89.97,
            "중학군":44.7,
            "학군총점":53.754,
            "인구수":25.92,
            "인구증감":-0.33,
            "인구총점":18.045,
            "일자리":10.69,
            "소득수준":54.93,
            "일자리총점":23.962,
            "가치 총점":30.0631,
            "매매실거래년":"18000101",
            "매매실거래가":null,
            "전세실거래년":null,
            "전세실거래가":null,
            "전세가율":null,
            "장기전세가율평균":75.17,
            "전세가율거품지수":null,
            "검색코드":135415,
            "세대수":412.0,
            "준공년월":"2011-04-06",
            "준공년차":12.0,
            "가까운역이름":"오산대",
            "가까운역거리":1175.34,
            "역세권여부":"비역세권",
            "30분이내주요거점역":0,
            "30분거점역이름":"[]",
            "1시간이내주요거점역":2,
            "1시간거점역이름":"['수원시청', '수원']",
            "3km이내백화점수":0,
            "5km이내아울렛몰수":0,
            "1km이내대형먀트수":0,
            "500m이내은행수":0,
            "500m이내병원수":6,
            "5km이내대형병원수":2,
            "500m이내공원수":7,
            "3km이내혐오시설수":0,
            "초등학교학업성취도":89.97,
            "중학교학업성취도":74.3,
            "용적률":188,
            "건폐율":21,
            "Y":37.175986,
            "X":127.05275,
            "rank":45.0,
            "area_info":"29평(96.56), 29평(96.42), 33평(109.69), 33평(109.58), 33평(109.57), 33평(109.38)",
            "last_sales":"1800-01-01,nan,29평(96.56)",
            "rank_history":[
                [
                    "202203",
                    45
                ],
                [
                    "202202",
                    45
                ],
                [
                    "202201",
                    45
                ]
            ],
            "rank_gap":0
        },
        {
            "index":391,
            "아파트명":"오산자이",
            "투자타입":"일반",
            "전용면적(m2)":"109.35",
            "전용면적(평)":"33평",
            "법정동주소":"경기도 오산시 청호동 321",
            "도로명주소":"경기도 오산시 동부대로 332-14",
            "세대수":90,
            "입주년차":40,
            "용적률점수":"--",
            "건폐율점수":"--",
            "세대당주차수":60,
            "난방방식":30,
            "공급면적":"--",
            "전용률":"--",
            "욕실수":100,
            "현관타입":100,
            "주거총점":71.5,
            "지역구공급총점":0.0,
            "역세권":0,
            "30분내 이동가능 거점":0,
            "1시간내 이동가능 거점":10,
            "교통총점":2.0,
            "백화점":0,
            "아울렛몰":0,
            "대형마트":0,
            "은행":0,
            "병원":10,
            "종합병원":100,
            "공원":100,
            "혐오시설":0,
            "인프라총점":24.0,
            "초등학군":89.98,
            "중학군":41.72,
            "학군총점":51.372,
            "인구수":25.92,
            "인구증감":-0.33,
            "인구총점":18.045,
            "일자리":10.69,
            "소득수준":54.93,
            "일자리총점":23.962,
            "가치 총점":29.9058,
            "매매실거래년":20211218.0,
            "매매실거래가":43400.0,
            "전세실거래년":20220224.0,
            "전세실거래가":25000.0,
            "전세가율":57.6,
            "장기전세가율평균":75.17,
            "전세가율거품지수":17.57,
            "검색코드":25966,
            "세대수":1060.0,
            "준공년월":"2007-08-14",
            "준공년차":16.0,
            "가까운역이름":"오산",
            "가까운역거리":2025.59,
            "역세권여부":"비역세권",
            "30분이내주요거점역":0,
            "30분거점역이름":"[]",
            "1시간이내주요거점역":1,
            "1시간거점역이름":"['수원']",
            "3km이내백화점수":0,
            "5km이내아울렛몰수":0,
            "1km이내대형먀트수":0,
            "500m이내은행수":0,
            "500m이내병원수":3,
            "5km이내대형병원수":2,
            "500m이내공원수":4,
            "3km이내혐오시설수":0,
            "초등학교학업성취도":89.98,
            "중학교학업성취도":69.2,
            "용적률":200,
            "건폐율":16,
            "Y":37.131451,
            "X":127.081319,
            "rank":46.0,
            "area_info":"33평(109.35), 39평(129.05), 45평(150.83)",
            "last_sales":"2021-12-18,43400.0,33평(109.35)",
            "rank_history":[
                [
                    "202203",
                    46
                ],
                [
                    "202202",
                    47
                ],
                [
                    "202201",
                    47
                ]
            ],
            "rank_gap":1
        },
        {
            "index":276,
            "아파트명":"동부삼환",
            "투자타입":"일반",
            "전용면적(m2)":"77.3",
            "전용면적(평)":"23평",
            "법정동주소":"경기도 오산시 원동 807",
            "도로명주소":"경기도 오산시 경기대로 99-15",
            "세대수":90,
            "입주년차":0,
            "용적률점수":"--",
            "건폐율점수":"--",
            "세대당주차수":0,
            "난방방식":30,
            "공급면적":"--",
            "전용률":"--",
            "욕실수":50,
            "현관타입":100,
            "주거총점":49.5,
            "지역구공급총점":0.0,
            "역세권":0,
            "30분내 이동가능 거점":0,
            "1시간내 이동가능 거점":10,
            "교통총점":2.0,
            "백화점":0,
            "아울렛몰":0,
            "대형마트":80,
            "은행":0,
            "병원":30,
            "종합병원":100,
            "공원":100,
            "혐오시설":0,
            "인프라총점":38.0,
            "초등학군":90.01,
            "중학군":41.78,
            "학군총점":51.426,
            "인구수":25.92,
            "인구증감":-0.33,
            "인구총점":18.045,
            "일자리":10.69,
            "소득수준":54.93,
            "일자리총점":23.962,
            "가치 총점":29.7139,
            "매매실거래년":20220212.0,
            "매매실거래가":25500.0,
            "전세실거래년":20220214.0,
            "전세실거래가":11550.0,
            "전세가율":46.2,
            "장기전세가율평균":75.17,
            "전세가율거품지수":28.97,
            "검색코드":8018,
            "세대수":1168.0,
            "준공년월":"1996-11-29",
            "준공년차":27.0,
            "가까운역이름":"오산",
            "가까운역거리":1385.85,
            "역세권여부":"비역세권",
            "30분이내주요거점역":0,
            "30분거점역이름":"[]",
            "1시간이내주요거점역":1,
            "1시간거점역이름":"['수원']",
            "3km이내백화점수":0,
            "5km이내아울렛몰수":0,
            "1km이내대형먀트수":1,
            "500m이내은행수":1,
            "500m이내병원수":7,
            "5km이내대형병원수":2,
            "500m이내공원수":6,
            "3km이내혐오시설수":0,
            "초등학교학업성취도":90.01,
            "중학교학업성취도":69.1,
            "용적률":189,
            "건폐율":22,
            "Y":37.133468,
            "X":127.07076,
            "rank":47.0,
            "area_info":"23평(77.3), 23평(77.35), 23평(77.25), 23평(77.38)",
            "last_sales":"2022-02-12,25500.0,23평(77.25)",
            "rank_history":[
                [
                    "202203",
                    47
                ],
                [
                    "202202",
                    49
                ],
                [
                    "202201",
                    48
                ]
            ],
            "rank_gap":2
        },
        {
            "index":4,
            "아파트명":"늘푸른오스카빌",
            "투자타입":"일반",
            "전용면적(m2)":"113.74",
            "전용면적(평)":"34평",
            "법정동주소":"경기도 오산시 가수동 398",
            "도로명주소":"경기도 오산시 가수로 33",
            "세대수":80,
            "입주년차":40,
            "용적률점수":"--",
            "건폐율점수":"--",
            "세대당주차수":30,
            "난방방식":100,
            "공급면적":"--",
            "전용률":"--",
            "욕실수":100,
            "현관타입":100,
            "주거총점":70.5,
            "지역구공급총점":0.0,
            "역세권":0,
            "30분내 이동가능 거점":0,
            "1시간내 이동가능 거점":10,
            "교통총점":2.0,
            "백화점":0,
            "아울렛몰":0,
            "대형마트":0,
            "은행":0,
            "병원":10,
            "종합병원":100,
            "공원":100,
            "혐오시설":0,
            "인프라총점":24.0,
            "초등학군":90.0,
            "중학군":41.22,
            "학군총점":50.976,
            "인구수":25.92,
            "인구증감":-0.33,
            "인구총점":18.045,
            "일자리":10.69,
            "소득수준":54.93,
            "일자리총점":23.962,
            "가치 총점":29.6464,
            "매매실거래년":20220204.0,
            "매매실거래가":32800.0,
            "전세실거래년":20220211.0,
            "전세실거래가":26000.0,
            "전세가율":79.27,
            "장기전세가율평균":75.17,
            "전세가율거품지수":-4.1,
            "검색코드":19074,
            "세대수":898.0,
            "준공년월":"2006-03-17",
            "준공년차":17.0,
            "가까운역이름":"오산",
            "가까운역거리":1711.05,
            "역세권여부":"비역세권",
            "30분이내주요거점역":0,
            "30분거점역이름":"[]",
            "1시간이내주요거점역":1,
            "1시간거점역이름":"['수원']",
            "3km이내백화점수":0,
            "5km이내아울렛몰수":0,
            "1km이내대형먀트수":0,
            "500m이내은행수":0,
            "500m이내병원수":2,
            "5km이내대형병원수":2,
            "500m이내공원수":6,
            "3km이내혐오시설수":0,
            "초등학교학업성취도":90.0,
            "중학교학업성취도":68.7,
            "용적률":197,
            "건폐율":15,
            "Y":37.14651,
            "X":127.04755,
            "rank":48.0,
            "area_info":"34평(113.74)",
            "last_sales":"2022-02-04,32800.0,34평(113.74)",
            "rank_history":[
                [
                    "202203",
                    48
                ],
                [
                    "202202",
                    48
                ],
                [
                    "202201",
                    49
                ]
            ],
            "rank_gap":0
        },
        {
            "index":176,
            "아파트명":"수청삼익",
            "투자타입":"재건축",
            "전용면적(m2)":"74.38",
            "전용면적(평)":"22평",
            "법정동주소":"경기도 오산시 수청동 15-1",
            "도로명주소":"경기도 오산시 박동길 8",
            "세대수":0,
            "입주년차":"--",
            "용적률점수":0,
            "건폐율점수":20,
            "세대당주차수":"--",
            "난방방식":"--",
            "공급면적":50,
            "전용률":60,
            "욕실수":"--",
            "현관타입":"--",
            "주거총점":9.5,
            "지역구공급총점":0.0,
            "역세권":50,
            "30분내 이동가능 거점":0,
            "1시간내 이동가능 거점":10,
            "교통총점":27.0,
            "백화점":0,
            "아울렛몰":0,
            "대형마트":80,
            "은행":0,
            "병원":0,
            "종합병원":100,
            "공원":100,
            "혐오시설":0,
            "인프라총점":35.0,
            "초등학군":90.02,
            "중학군":42.4,
            "학군총점":51.924,
            "인구수":25.92,
            "인구증감":-0.33,
            "인구총점":18.045,
            "일자리":10.69,
            "소득수준":54.93,
            "일자리총점":23.962,
            "가치 총점":29.6386,
            "매매실거래년":20220124.0,
            "매매실거래가":19500.0,
            "전세실거래년":20220224.0,
            "전세실거래가":16000.0,
            "전세가율":82.05,
            "장기전세가율평균":75.17,
            "전세가율거품지수":-6.88,
            "검색코드":11346,
            "세대수":220.0,
            "준공년월":"1992-11-05",
            "준공년차":31.0,
            "가까운역이름":"오산대",
            "가까운역거리":723.0,
            "역세권여부":"준역세권",
            "30분이내주요거점역":0,
            "30분거점역이름":"[]",
            "1시간이내주요거점역":1,
            "1시간거점역이름":"['평촌']",
            "3km이내백화점수":0,
            "5km이내아울렛몰수":0,
            "1km이내대형먀트수":1,
            "500m이내은행수":0,
            "500m이내병원수":0,
            "5km이내대형병원수":2,
            "500m이내공원수":3,
            "3km이내혐오시설수":0,
            "초등학교학업성취도":90.02,
            "중학교학업성취도":70.2,
            "용적률":239,
            "건폐율":45,
            "Y":37.165149,
            "X":127.069303,
            "rank":49.0,
            "area_info":"22평(74.38), 28평(93.12), 29평(97.68), 30평(101.24)",
            "last_sales":"2022-01-24,19500.0,22평(74.38)",
            "rank_history":[
                [
                    "202203",
                    49
                ],
                [
                    "202202",
                    36
                ],
                [
                    "202201",
                    39
                ]
            ],
            "rank_gap":-13
        },
        {
            "index":355,
            "아파트명":"원동두산,동아",
            "투자타입":"일반",
            "전용면적(m2)":"93.19",
            "전용면적(평)":"28평",
            "법정동주소":"경기도 오산시 원동 805-2",
            "도로명주소":"경기도 오산시 경기대로 99-18",
            "세대수":50,
            "입주년차":20,
            "용적률점수":"--",
            "건폐율점수":"--",
            "세대당주차수":30,
            "난방방식":30,
            "공급면적":"--",
            "전용률":"--",
            "욕실수":100,
            "현관타입":100,
            "주거총점":49.0,
            "지역구공급총점":0.0,
            "역세권":0,
            "30분내 이동가능 거점":0,
            "1시간내 이동가능 거점":10,
            "교통총점":2.0,
            "백화점":0,
            "아울렛몰":0,
            "대형마트":80,
            "은행":0,
            "병원":30,
            "종합병원":100,
            "공원":100,
            "혐오시설":0,
            "인프라총점":38.0,
            "초등학군":90.01,
            "중학군":41.78,
            "학군총점":51.426,
            "인구수":25.92,
            "인구증감":-0.33,
            "인구총점":18.045,
            "일자리":10.69,
            "소득수준":54.93,
            "일자리총점":23.962,
            "가치 총점":29.6139,
            "매매실거래년":20220212.0,
            "매매실거래가":36000.0,
            "전세실거래년":20220215.0,
            "전세실거래가":32000.0,
            "전세가율":83.12,
            "장기전세가율평균":75.17,
            "전세가율거품지수":-7.95,
            "검색코드":8019,
            "세대수":516.0,
            "준공년월":"1999-07-26",
            "준공년차":24.0,
            "가까운역이름":"오산",
            "가까운역거리":1288.64,
            "역세권여부":"비역세권",
            "30분이내주요거점역":0,
            "30분거점역이름":"[]",
            "1시간이내주요거점역":1,
            "1시간거점역이름":"['수원']",
            "3km이내백화점수":0,
            "5km이내아울렛몰수":0,
            "1km이내대형먀트수":1,
            "500m이내은행수":1,
            "500m이내병원수":8,
            "5km이내대형병원수":2,
            "500m이내공원수":5,
            "3km이내혐오시설수":0,
            "초등학교학업성취도":90.01,
            "중학교학업성취도":69.1,
            "용적률":211,
            "건폐율":19,
            "Y":37.134332,
            "X":127.070569,
            "rank":50.0,
            "area_info":"28평(93.19), 33평(110.44), 49평(162.43)",
            "last_sales":"2022-02-12,36000.0,33평(110.44)",
            "rank_history":[
                [
                    "202203",
                    50
                ],
                [
                    "202202",
                    50
                ],
                [
                    "202201",
                    50
                ]
            ],
            "rank_gap":0
        },
        {
            "index":11,
            "아파트명":"오산KCC스위첸",
            "투자타입":"일반",
            "전용면적(m2)":"108.96",
            "전용면적(평)":"32평",
            "법정동주소":"경기도 오산시 갈곶동 713",
            "도로명주소":"경기도 오산시 오산로 49-5",
            "세대수":50,
            "입주년차":60,
            "용적률점수":"--",
            "건폐율점수":"--",
            "세대당주차수":30,
            "난방방식":100,
            "공급면적":"--",
            "전용률":"--",
            "욕실수":100,
            "현관타입":100,
            "주거총점":64.0,
            "지역구공급총점":0.0,
            "역세권":0,
            "30분내 이동가능 거점":0,
            "1시간내 이동가능 거점":10,
            "교통총점":2.0,
            "백화점":0,
            "아울렛몰":0,
            "대형마트":0,
            "은행":0,
            "병원":30,
            "종합병원":100,
            "공원":100,
            "혐오시설":-50,
            "인프라총점":25.0,
            "초등학군":89.97,
            "중학군":41.78,
            "학군총점":51.418,
            "인구수":25.92,
            "인구증감":-0.33,
            "인구총점":18.045,
            "일자리":10.69,
            "소득수준":54.93,
            "일자리총점":23.962,
            "가치 총점":28.7127,
            "매매실거래년":20211204.0,
            "매매실거래가":42800.0,
            "전세실거래년":20220112.0,
            "전세실거래가":25000.0,
            "전세가율":58.41,
            "장기전세가율평균":75.17,
            "전세가율거품지수":16.76,
            "검색코드":27071,
            "세대수":408.0,
            "준공년월":"2010-04-30",
            "준공년차":13.0,
            "가까운역이름":"오산",
            "가까운역거리":1512.84,
            "역세권여부":"비역세권",
            "30분이내주요거점역":0,
            "30분거점역이름":"[]",
            "1시간이내주요거점역":1,
            "1시간거점역이름":"['수원']",
            "3km이내백화점수":0,
            "5km이내아울렛몰수":0,
            "1km이내대형먀트수":0,
            "500m이내은행수":0,
            "500m이내병원수":7,
            "5km이내대형병원수":2,
            "500m이내공원수":4,
            "3km이내혐오시설수":1,
            "초등학교학업성취도":89.97,
            "중학교학업성취도":69.1,
            "용적률":203,
            "건폐율":15,
            "Y":37.131926,
            "X":127.067189,
            "rank":51.0,
            "area_info":"32평(108.96), 32평(108.87), 33평(112.15), 42평(140.74)",
            "last_sales":"2021-12-04,42800.0,32평(108.96)",
            "rank_history":[
                [
                    "202203",
                    51
                ],
                [
                    "202202",
                    54
                ],
                [
                    "202201",
                    53
                ]
            ],
            "rank_gap":3
        },
        {
            "index":361,
            "아파트명":"태영",
            "투자타입":"일반",
            "전용면적(m2)":"80.23",
            "전용면적(평)":"24평",
            "법정동주소":"경기도 오산시 원동 551",
            "도로명주소":"경기도 오산시 동부대로 407-10",
            "세대수":50,
            "입주년차":0,
            "용적률점수":"--",
            "건폐율점수":"--",
            "세대당주차수":0,
            "난방방식":30,
            "공급면적":"--",
            "전용률":"--",
            "욕실수":50,
            "현관타입":100,
            "주거총점":35.5,
            "지역구공급총점":0.0,
            "역세권":0,
            "30분내 이동가능 거점":0,
            "1시간내 이동가능 거점":20,
            "교통총점":4.0,
            "백화점":0,
            "아울렛몰":0,
            "대형마트":80,
            "은행":0,
            "병원":60,
            "종합병원":100,
            "공원":100,
            "혐오시설":0,
            "인프라총점":41.0,
            "초등학군":89.99,
            "중학군":41.72,
            "학군총점":51.374,
            "인구수":25.92,
            "인구증감":-0.33,
            "인구총점":18.045,
            "일자리":10.69,
            "소득수준":54.93,
            "일자리총점":23.962,
            "가치 총점":28.5061,
            "매매실거래년":20211213.0,
            "매매실거래가":21000.0,
            "전세실거래년":20211019.0,
            "전세실거래가":18000.0,
            "전세가율":85.71,
            "장기전세가율평균":75.17,
            "전세가율거품지수":-10.54,
            "검색코드":8025,
            "세대수":489.0,
            "준공년월":"1996-11-08",
            "준공년차":27.0,
            "가까운역이름":"오산",
            "가까운역거리":1168.69,
            "역세권여부":"비역세권",
            "30분이내주요거점역":0,
            "30분거점역이름":"[]",
            "1시간이내주요거점역":2,
            "1시간거점역이름":"['수원시청', '수원']",
            "3km이내백화점수":0,
            "5km이내아울렛몰수":0,
            "1km이내대형먀트수":1,
            "500m이내은행수":0,
            "500m이내병원수":24,
            "5km이내대형병원수":2,
            "500m이내공원수":2,
            "3km이내혐오시설수":0,
            "초등학교학업성취도":89.99,
            "중학교학업성취도":69.2,
            "용적률":308,
            "건폐율":23,
            "Y":37.13906,
            "X":127.077208,
            "rank":52.0,
            "area_info":"24평(80.23), 32평(108.34)",
            "last_sales":"2021-12-13,21000.0,24평(80.23)",
            "rank_history":[
                [
                    "202203",
                    52
                ],
                [
                    "202202",
                    53
                ],
                [
                    "202201",
                    52
                ]
            ],
            "rank_gap":1
        },
        {
            "index":363,
            "아파트명":"한양수자인",
            "투자타입":"일반",
            "전용면적(m2)":"80.82",
            "전용면적(평)":"24평",
            "법정동주소":"경기도 오산시 원동 907",
            "도로명주소":"경기도 오산시 부원로87번길 19",
            "세대수":50,
            "입주년차":100,
            "용적률점수":"--",
            "건폐율점수":"--",
            "세대당주차수":30,
            "난방방식":30,
            "공급면적":"--",
            "전용률":"--",
            "욕실수":100,
            "현관타입":100,
            "주거총점":65.0,
            "지역구공급총점":0.0,
            "역세권":0,
            "30분내 이동가능 거점":0,
            "1시간내 이동가능 거점":10,
            "교통총점":2.0,
            "백화점":0,
            "아울렛몰":0,
            "대형마트":0,
            "은행":0,
            "병원":0,
            "종합병원":100,
            "공원":100,
            "혐오시설":0,
            "인프라총점":23.0,
            "초등학군":90.0,
            "중학군":41.72,
            "학군총점":51.376,
            "인구수":25.92,
            "인구증감":-0.33,
            "인구총점":18.045,
            "일자리":10.69,
            "소득수준":54.93,
            "일자리총점":23.962,
            "가치 총점":28.3064,
            "매매실거래년":20211001.0,
            "매매실거래가":48000.0,
            "전세실거래년":20220123.0,
            "전세실거래가":30000.0,
            "전세가율":62.5,
            "장기전세가율평균":75.17,
            "전세가율거품지수":12.67,
            "검색코드":114292,
            "세대수":495.0,
            "준공년월":"2019-06-05",
            "준공년차":4.0,
            "가까운역이름":"오산",
            "가까운역거리":1912.75,
            "역세권여부":"비역세권",
            "30분이내주요거점역":0,
            "30분거점역이름":"[]",
            "1시간이내주요거점역":1,
            "1시간거점역이름":"['수원']",
            "3km이내백화점수":0,
            "5km이내아울렛몰수":0,
            "1km이내대형먀트수":0,
            "500m이내은행수":0,
            "500m이내병원수":0,
            "5km이내대형병원수":2,
            "500m이내공원수":2,
            "3km이내혐오시설수":0,
            "초등학교학업성취도":90.0,
            "중학교학업성취도":69.2,
            "용적률":166,
            "건폐율":13,
            "Y":37.142056,
            "X":127.087951,
            "rank":53.0,
            "area_info":"24평(80.82), 25평(83.98), 30평(100.87), 30평(100.4), 33평(110.96), 33평(111.0)",
            "last_sales":"2021-10-01,48000.0,24평(80.82)",
            "rank_history":[
                [
                    "202203",
                    53
                ],
                [
                    "202202",
                    58
                ],
                [
                    "202201",
                    54
                ]
            ],
            "rank_gap":5
        },
        {
            "index":335,
            "아파트명":"우주마루",
            "투자타입":"일반",
            "전용면적(m2)":"58.92",
            "전용면적(평)":"17평",
            "법정동주소":"경기도 오산시 원동 379-12",
            "도로명주소":"경기도 오산시 경기대로148번길 13",
            "세대수":0,
            "입주년차":80,
            "용적률점수":"--",
            "건폐율점수":"--",
            "세대당주차수":0,
            "난방방식":30,
            "공급면적":"--",
            "전용률":"--",
            "욕실수":50,
            "현관타입":100,
            "주거총점":34.0,
            "지역구공급총점":0.0,
            "역세권":0,
            "30분내 이동가능 거점":0,
            "1시간내 이동가능 거점":20,
            "교통총점":4.0,
            "백화점":0,
            "아울렛몰":0,
            "대형마트":80,
            "은행":0,
            "병원":60,
            "종합병원":100,
            "공원":100,
            "혐오시설":0,
            "인프라총점":41.0,
            "초등학군":89.99,
            "중학군":41.78,
            "학군총점":51.422,
            "인구수":25.92,
            "인구증감":-0.33,
            "인구총점":18.045,
            "일자리":10.69,
            "소득수준":54.93,
            "일자리총점":23.962,
            "가치 총점":28.2133,
            "매매실거래년":20210902.0,
            "매매실거래가":20800.0,
            "전세실거래년":20200620.0,
            "전세실거래가":12500.0,
            "전세가율":87.41,
            "장기전세가율평균":75.17,
            "전세가율거품지수":-12.24,
            "검색코드":109668,
            "세대수":83.0,
            "준공년월":"2014-09-02",
            "준공년차":9.0,
            "가까운역이름":"오산",
            "가까운역거리":1072.9,
            "역세권여부":"비역세권",
            "30분이내주요거점역":0,
            "30분거점역이름":"[]",
            "1시간이내주요거점역":2,
            "1시간거점역이름":"['수원시청', '수원']",
            "3km이내백화점수":0,
            "5km이내아울렛몰수":0,
            "1km이내대형먀트수":1,
            "500m이내은행수":1,
            "500m이내병원수":25,
            "5km이내대형병원수":2,
            "500m이내공원수":3,
            "3km이내혐오시설수":0,
            "초등학교학업성취도":89.99,
            "중학교학업성취도":69.1,
            "용적률":399,
            "건폐율":62,
            "Y":37.13813,
            "X":127.074586,
            "rank":54.0,
            "area_info":"17평(58.92), 17평(58.57), 18평(62.76), 18평(62.15), 19평(64.51), 19평(64.48), 20평(67.02), 20평(68.91), 21평(69.76), 21평(70.83), 21평(71.73), 21평(71.12), 21평(71.99), 23평(76.84), 23평(78.47), 28평(92.82), 29평(99.07)",
            "last_sales":"2021-09-02,20800.0,23평(78.47)",
            "rank_history":[
                [
                    "202203",
                    54
                ],
                [
                    "202202",
                    9999
                ]
            ],
            "rank_gap":9999
        },
        {
            "index":374,
            "아파트명":"영산그린맨션",
            "투자타입":"재건축",
            "전용면적(m2)":"64.68",
            "전용면적(평)":"19평",
            "법정동주소":"경기도 오산시 은계동 64-1",
            "도로명주소":"경기도 오산시 경기대로416번길 3",
            "세대수":0,
            "입주년차":"--",
            "용적률점수":100,
            "건폐율점수":80,
            "세대당주차수":"--",
            "난방방식":"--",
            "공급면적":50,
            "전용률":100,
            "욕실수":"--",
            "현관타입":"--",
            "주거총점":63.5,
            "지역구공급총점":0.0,
            "역세권":0,
            "30분내 이동가능 거점":0,
            "1시간내 이동가능 거점":10,
            "교통총점":2.0,
            "백화점":0,
            "아울렛몰":0,
            "대형마트":0,
            "은행":0,
            "병원":0,
            "종합병원":100,
            "공원":100,
            "혐오시설":0,
            "인프라총점":23.0,
            "초등학군":90.02,
            "중학군":42.4,
            "학군총점":51.924,
            "인구수":25.92,
            "인구증감":-0.33,
            "인구총점":18.045,
            "일자리":10.69,
            "소득수준":54.93,
            "일자리총점":23.962,
            "가치 총점":28.0886,
            "매매실거래년":20210728.0,
            "매매실거래가":17500.0,
            "전세실거래년":20170103.0,
            "전세실거래가":5000.0,
            "전세가율":28.57,
            "장기전세가율평균":75.17,
            "전세가율거품지수":46.6,
            "검색코드":14083,
            "세대수":100.0,
            "준공년월":"1985-09-27",
            "준공년차":38.0,
            "가까운역이름":"오산대",
            "가까운역거리":1014.18,
            "역세권여부":"비역세권",
            "30분이내주요거점역":0,
            "30분거점역이름":"[]",
            "1시간이내주요거점역":1,
            "1시간거점역이름":"['수원']",
            "3km이내백화점수":0,
            "5km이내아울렛몰수":0,
            "1km이내대형먀트수":0,
            "500m이내은행수":0,
            "500m이내병원수":0,
            "5km이내대형병원수":2,
            "500m이내공원수":3,
            "3km이내혐오시설수":0,
            "초등학교학업성취도":90.02,
            "중학교학업성취도":70.2,
            "용적률":96,
            "건폐율":20,
            "Y":37.161889,
            "X":127.069658,
            "rank":55.0,
            "area_info":"19평(64.68), 21평(70.85), 24평(81.85)",
            "last_sales":"2021-07-28,17500.0,19평(64.68)",
            "rank_history":[
                [
                    "202203",
                    55
                ],
                [
                    "202202",
                    24
                ],
                [
                    "202201",
                    24
                ]
            ],
            "rank_gap":-31
        },
        {
            "index":117,
            "아파트명":"한라그린타운",
            "투자타입":"일반",
            "전용면적(m2)":"79.19",
            "전용면적(평)":"23평",
            "법정동주소":"경기도 오산시 누읍동 438",
            "도로명주소":"경기도 오산시 누읍로 17",
            "세대수":80,
            "입주년차":20,
            "용적률점수":"--",
            "건폐율점수":"--",
            "세대당주차수":30,
            "난방방식":30,
            "공급면적":"--",
            "전용률":"--",
            "욕실수":100,
            "현관타입":100,
            "주거총점":59.5,
            "지역구공급총점":0.0,
            "역세권":0,
            "30분내 이동가능 거점":0,
            "1시간내 이동가능 거점":10,
            "교통총점":2.0,
            "백화점":0,
            "아울렛몰":0,
            "대형마트":0,
            "은행":0,
            "병원":30,
            "종합병원":100,
            "공원":100,
            "혐오시설":0,
            "인프라총점":26.0,
            "초등학군":89.99,
            "중학군":41.22,
            "학군총점":50.974,
            "인구수":25.92,
            "인구증감":-0.33,
            "인구총점":18.045,
            "일자리":10.69,
            "소득수준":54.93,
            "일자리총점":23.962,
            "가치 총점":28.0461,
            "매매실거래년":20220205.0,
            "매매실거래가":25900.0,
            "전세실거래년":20220224.0,
            "전세실거래가":22000.0,
            "전세가율":84.62,
            "장기전세가율평균":75.17,
            "전세가율거품지수":-9.45,
            "검색코드":8006,
            "세대수":784.0,
            "준공년월":"2000-06-08",
            "준공년차":23.0,
            "가까운역이름":"오산",
            "가까운역거리":1534.85,
            "역세권여부":"비역세권",
            "30분이내주요거점역":0,
            "30분거점역이름":"[]",
            "1시간이내주요거점역":1,
            "1시간거점역이름":"['수원']",
            "3km이내백화점수":0,
            "5km이내아울렛몰수":0,
            "1km이내대형먀트수":0,
            "500m이내은행수":0,
            "500m이내병원수":5,
            "5km이내대형병원수":2,
            "500m이내공원수":7,
            "3km이내혐오시설수":0,
            "초등학교학업성취도":89.99,
            "중학교학업성취도":68.7,
            "용적률":304,
            "건폐율":23,
            "Y":37.142395,
            "X":127.049951,
            "rank":56.0,
            "area_info":"23평(79.19), 30평(99.35), 42평(140.34)",
            "last_sales":"2022-02-05,25900.0,30평(99.35)",
            "rank_history":[
                [
                    "202203",
                    56
                ],
                [
                    "202202",
                    55
                ],
                [
                    "202201",
                    58
                ]
            ],
            "rank_gap":-1
        },
        {
            "index":268,
            "아파트명":"KS건영아느칸빌",
            "투자타입":"일반",
            "전용면적(m2)":"77.0",
            "전용면적(평)":"23평",
            "법정동주소":"경기도 오산시 원동 825",
            "도로명주소":"경기도 오산시 밀머리로 35-1",
            "세대수":0,
            "입주년차":40,
            "용적률점수":"--",
            "건폐율점수":"--",
            "세대당주차수":0,
            "난방방식":30,
            "공급면적":"--",
            "전용률":"--",
            "욕실수":100,
            "현관타입":100,
            "주거총점":31.0,
            "지역구공급총점":0.0,
            "역세권":0,
            "30분내 이동가능 거점":0,
            "1시간내 이동가능 거점":20,
            "교통총점":4.0,
            "백화점":0,
            "아울렛몰":0,
            "대형마트":80,
            "은행":0,
            "병원":60,
            "종합병원":100,
            "공원":100,
            "혐오시설":0,
            "인프라총점":41.0,
            "초등학군":89.99,
            "중학군":41.78,
            "학군총점":51.422,
            "인구수":25.92,
            "인구증감":-0.33,
            "인구총점":18.045,
            "일자리":10.69,
            "소득수준":54.93,
            "일자리총점":23.962,
            "가치 총점":27.6133,
            "매매실거래년":20210826.0,
            "매매실거래가":34500.0,
            "전세실거래년":20210907.0,
            "전세실거래가":22000.0,
            "전세가율":102.33,
            "장기전세가율평균":75.17,
            "전세가율거품지수":-27.16,
            "검색코드":13001,
            "세대수":211.0,
            "준공년월":"2004-12-10",
            "준공년차":19.0,
            "가까운역이름":"오산",
            "가까운역거리":1086.64,
            "역세권여부":"비역세권",
            "30분이내주요거점역":0,
            "30분거점역이름":"[]",
            "1시간이내주요거점역":2,
            "1시간거점역이름":"['수원시청', '수원']",
            "3km이내백화점수":0,
            "5km이내아울렛몰수":0,
            "1km이내대형먀트수":1,
            "500m이내은행수":1,
            "500m이내병원수":24,
            "5km이내대형병원수":2,
            "500m이내공원수":3,
            "3km이내혐오시설수":0,
            "초등학교학업성취도":89.99,
            "중학교학업성취도":69.1,
            "용적률":249,
            "건폐율":17,
            "Y":37.138742,
            "X":127.075637,
            "rank":57.0,
            "area_info":"23평(77.0), 33평(110.08)",
            "last_sales":"2021-08-26,34500.0,33평(110.08)",
            "rank_history":[
                [
                    "202203",
                    57
                ],
                [
                    "202202",
                    57
                ],
                [
                    "202201",
                    56
                ]
            ],
            "rank_gap":0
        },
        {
            "index":63,
            "아파트명":"꿈에그린더센트럴",
            "투자타입":"일반",
            "전용면적(m2)":"126.8",
            "전용면적(평)":"38평",
            "법정동주소":"경기도 오산시 금암동 498",
            "도로명주소":"경기도 오산시 수청로 121",
            "세대수":0,
            "입주년차":60,
            "용적률점수":"--",
            "건폐율점수":"--",
            "세대당주차수":60,
            "난방방식":100,
            "공급면적":"--",
            "전용률":"--",
            "욕실수":100,
            "현관타입":100,
            "주거총점":51.0,
            "지역구공급총점":0.0,
            "역세권":0,
            "30분내 이동가능 거점":0,
            "1시간내 이동가능 거점":20,
            "교통총점":4.0,
            "백화점":0,
            "아울렛몰":0,
            "대형마트":0,
            "은행":0,
            "병원":30,
            "종합병원":100,
            "공원":100,
            "혐오시설":0,
            "인프라총점":26.0,
            "초등학군":89.97,
            "중학군":44.7,
            "학군총점":53.754,
            "인구수":25.92,
            "인구증감":-0.33,
            "인구총점":18.045,
            "일자리":10.69,
            "소득수준":54.93,
            "일자리총점":23.962,
            "가치 총점":27.4631,
            "매매실거래년":20210928.0,
            "매매실거래가":64000.0,
            "전세실거래년":20210929.0,
            "전세실거래가":44000.0,
            "전세가율":88.0,
            "장기전세가율평균":75.17,
            "전세가율거품지수":-12.83,
            "검색코드":102621,
            "세대수":297.0,
            "준공년월":"2011-04-28",
            "준공년차":12.0,
            "가까운역이름":"세마",
            "가까운역거리":1302.52,
            "역세권여부":"비역세권",
            "30분이내주요거점역":0,
            "30분거점역이름":"[]",
            "1시간이내주요거점역":2,
            "1시간거점역이름":"['수원시청', '수원']",
            "3km이내백화점수":0,
            "5km이내아울렛몰수":0,
            "1km이내대형먀트수":0,
            "500m이내은행수":0,
            "500m이내병원수":6,
            "5km이내대형병원수":2,
            "500m이내공원수":8,
            "3km이내혐오시설수":0,
            "초등학교학업성취도":89.97,
            "중학교학업성취도":74.3,
            "용적률":199,
            "건폐율":15,
            "Y":37.177426,
            "X":127.051652,
            "rank":58.0,
            "area_info":"38평(126.8), 46평(154.68), 46평(154.45), 58평(193.97), 58평(193.8)",
            "last_sales":"2021-09-28,64000.0,46평(154.68)",
            "rank_history":[
                [
                    "202203",
                    58
                ],
                [
                    "202202",
                    59
                ],
                [
                    "202201",
                    57
                ]
            ],
            "rank_gap":1
        },
        {
            "index":358,
            "아파트명":"원동청구",
            "투자타입":"일반",
            "전용면적(m2)":"108.2",
            "전용면적(평)":"32평",
            "법정동주소":"경기도 오산시 원동 805-1",
            "도로명주소":"경기도 오산시 남부대로 330-14",
            "세대수":30,
            "입주년차":0,
            "용적률점수":"--",
            "건폐율점수":"--",
            "세대당주차수":0,
            "난방방식":30,
            "공급면적":"--",
            "전용률":"--",
            "욕실수":100,
            "현관타입":100,
            "주거총점":33.5,
            "지역구공급총점":0.0,
            "역세권":0,
            "30분내 이동가능 거점":0,
            "1시간내 이동가능 거점":10,
            "교통총점":2.0,
            "백화점":0,
            "아울렛몰":0,
            "대형마트":80,
            "은행":0,
            "병원":60,
            "종합병원":100,
            "공원":100,
            "혐오시설":0,
            "인프라총점":41.0,
            "초등학군":90.01,
            "중학군":41.78,
            "학군총점":51.426,
            "인구수":25.92,
            "인구증감":-0.33,
            "인구총점":18.045,
            "일자리":10.69,
            "소득수준":54.93,
            "일자리총점":23.962,
            "가치 총점":27.4139,
            "매매실거래년":20220221.0,
            "매매실거래가":35000.0,
            "전세실거래년":20220224.0,
            "전세실거래가":29000.0,
            "전세가율":82.86,
            "장기전세가율평균":75.17,
            "전세가율거품지수":-7.69,
            "검색코드":8024,
            "세대수":320.0,
            "준공년월":"1996-09-11",
            "준공년차":27.0,
            "가까운역이름":"오산",
            "가까운역거리":1207.22,
            "역세권여부":"비역세권",
            "30분이내주요거점역":0,
            "30분거점역이름":"[]",
            "1시간이내주요거점역":1,
            "1시간거점역이름":"['수원']",
            "3km이내백화점수":0,
            "5km이내아울렛몰수":0,
            "1km이내대형먀트수":1,
            "500m이내은행수":1,
            "500m이내병원수":19,
            "5km이내대형병원수":2,
            "500m이내공원수":5,
            "3km이내혐오시설수":0,
            "초등학교학업성취도":90.01,
            "중학교학업성취도":69.1,
            "용적률":190,
            "건폐율":17,
            "Y":37.135302,
            "X":127.07139,
            "rank":59.0,
            "area_info":"32평(108.2)",
            "last_sales":"2022-02-21,35000.0,32평(108.2)",
            "rank_history":[
                [
                    "202203",
                    59
                ],
                [
                    "202202",
                    60
                ],
                [
                    "202201",
                    59
                ]
            ],
            "rank_gap":1
        },
        {
            "index":155,
            "아파트명":"신동아2차",
            "투자타입":"일반",
            "전용면적(m2)":"80.95",
            "전용면적(평)":"24평",
            "법정동주소":"경기도 오산시 서동 125-8",
            "도로명주소":"경기도 오산시 초평로 84-4",
            "세대수":80,
            "입주년차":20,
            "용적률점수":"--",
            "건폐율점수":"--",
            "세대당주차수":30,
            "난방방식":30,
            "공급면적":"--",
            "전용률":"--",
            "욕실수":50,
            "현관타입":100,
            "주거총점":54.5,
            "지역구공급총점":0.0,
            "역세권":0,
            "30분내 이동가능 거점":0,
            "1시간내 이동가능 거점":10,
            "교통총점":2.0,
            "백화점":0,
            "아울렛몰":0,
            "대형마트":0,
            "은행":0,
            "병원":30,
            "종합병원":100,
            "공원":100,
            "혐오시설":0,
            "인프라총점":26.0,
            "초등학군":89.99,
            "중학군":41.22,
            "학군총점":50.974,
            "인구수":25.92,
            "인구증감":-0.33,
            "인구총점":18.045,
            "일자리":10.69,
            "소득수준":54.93,
            "일자리총점":23.962,
            "가치 총점":27.0461,
            "매매실거래년":20220209.0,
            "매매실거래가":29200.0,
            "전세실거래년":20220212.0,
            "전세실거래가":22500.0,
            "전세가율":88.24,
            "장기전세가율평균":75.17,
            "전세가율거품지수":-13.07,
            "검색코드":8010,
            "세대수":844.0,
            "준공년월":"1999-11-15",
            "준공년차":24.0,
            "가까운역이름":"오산",
            "가까운역거리":2004.9,
            "역세권여부":"비역세권",
            "30분이내주요거점역":0,
            "30분거점역이름":"[]",
            "1시간이내주요거점역":1,
            "1시간거점역이름":"['수원']",
            "3km이내백화점수":0,
            "5km이내아울렛몰수":0,
            "1km이내대형먀트수":0,
            "500m이내은행수":0,
            "500m이내병원수":5,
            "5km이내대형병원수":2,
            "500m이내공원수":4,
            "3km이내혐오시설수":0,
            "초등학교학업성취도":89.99,
            "중학교학업성취도":68.7,
            "용적률":336,
            "건폐율":25,
            "Y":37.143972,
            "X":127.04428,
            "rank":60.0,
            "area_info":"24평(80.95), 29평(96.16), 32평(108.57)",
            "last_sales":"2022-02-09,29200.0,29평(96.16)",
            "rank_history":[
                [
                    "202203",
                    60
                ],
                [
                    "202202",
                    61
                ],
                [
                    "202201",
                    62
                ]
            ],
            "rank_gap":1
        },
        {
            "index":369,
            "아파트명":"한주",
            "투자타입":"재건축",
            "전용면적(m2)":"104.57",
            "전용면적(평)":"31평",
            "법정동주소":"경기도 오산시 원동 552-4",
            "도로명주소":"경기도 오산시 동부대로 429-9",
            "세대수":0,
            "입주년차":"--",
            "용적률점수":0,
            "건폐율점수":100,
            "세대당주차수":"--",
            "난방방식":"--",
            "공급면적":90,
            "전용률":80,
            "욕실수":"--",
            "현관타입":"--",
            "주거총점":28.5,
            "지역구공급총점":0.0,
            "역세권":0,
            "30분내 이동가능 거점":0,
            "1시간내 이동가능 거점":20,
            "교통총점":4.0,
            "백화점":0,
            "아울렛몰":0,
            "대형마트":80,
            "은행":0,
            "병원":60,
            "종합병원":100,
            "공원":80,
            "혐오시설":0,
            "인프라총점":40.4,
            "초등학군":90.0,
            "중학군":41.72,
            "학군총점":51.376,
            "인구수":25.92,
            "인구증감":-0.33,
            "인구총점":18.045,
            "일자리":10.69,
            "소득수준":54.93,
            "일자리총점":23.962,
            "가치 총점":26.9264,
            "매매실거래년":20220127.0,
            "매매실거래가":31500.0,
            "전세실거래년":20220203.0,
            "전세실거래가":11550.0,
            "전세가율":46.57,
            "장기전세가율평균":75.17,
            "전세가율거품지수":28.6,
            "검색코드":8023,
            "세대수":299.0,
            "준공년월":"1992-04-16",
            "준공년차":31.0,
            "가까운역이름":"오산",
            "가까운역거리":1094.8,
            "역세권여부":"비역세권",
            "30분이내주요거점역":0,
            "30분거점역이름":"[]",
            "1시간이내주요거점역":2,
            "1시간거점역이름":"['수원시청', '수원']",
            "3km이내백화점수":0,
            "5km이내아울렛몰수":0,
            "1km이내대형먀트수":1,
            "500m이내은행수":0,
            "500m이내병원수":24,
            "5km이내대형병원수":2,
            "500m이내공원수":1,
            "3km이내혐오시설수":0,
            "초등학교학업성취도":90.0,
            "중학교학업성취도":69.2,
            "용적률":240,
            "건폐율":19,
            "Y":37.140096,
            "X":127.077117,
            "rank":61.0,
            "area_info":"31평(104.57), 39평(132.03), 46평(153.44)",
            "last_sales":"2022-01-27,31500.0,46평(153.44)",
            "rank_history":[
                [
                    "202203",
                    61
                ],
                [
                    "202202",
                    56
                ],
                [
                    "202201",
                    55
                ]
            ],
            "rank_gap":-5
        },
        {
            "index":18,
            "아파트명":"우방힐타운",
            "투자타입":"일반",
            "전용면적(m2)":"77.64",
            "전용면적(평)":"23평",
            "법정동주소":"경기도 오산시 갈곶동 110-5",
            "도로명주소":"경기도 오산시 오산로 77",
            "세대수":30,
            "입주년차":20,
            "용적률점수":"--",
            "건폐율점수":"--",
            "세대당주차수":30,
            "난방방식":30,
            "공급면적":"--",
            "전용률":"--",
            "욕실수":50,
            "현관타입":100,
            "주거총점":37.0,
            "지역구공급총점":0.0,
            "역세권":0,
            "30분내 이동가능 거점":0,
            "1시간내 이동가능 거점":10,
            "교통총점":2.0,
            "백화점":0,
            "아울렛몰":0,
            "대형마트":80,
            "은행":0,
            "병원":30,
            "종합병원":100,
            "공원":100,
            "혐오시설":-50,
            "인프라총점":37.0,
            "초등학군":90.01,
            "중학군":41.78,
            "학군총점":51.426,
            "인구수":25.92,
            "인구증감":-0.33,
            "인구총점":18.045,
            "일자리":10.69,
            "소득수준":54.93,
            "일자리총점":23.962,
            "가치 총점":26.9139,
            "매매실거래년":20211008.0,
            "매매실거래가":32500.0,
            "전세실거래년":20211012.0,
            "전세실거래가":24000.0,
            "전세가율":85.71,
            "장기전세가율평균":75.17,
            "전세가율거품지수":-10.54,
            "검색코드":8003,
            "세대수":386.0,
            "준공년월":"1999-08-14",
            "준공년차":24.0,
            "가까운역이름":"오산",
            "가까운역거리":1295.47,
            "역세권여부":"비역세권",
            "30분이내주요거점역":0,
            "30분거점역이름":"[]",
            "1시간이내주요거점역":1,
            "1시간거점역이름":"['수원']",
            "3km이내백화점수":0,
            "5km이내아울렛몰수":0,
            "1km이내대형먀트수":1,
            "500m이내은행수":1,
            "500m이내병원수":7,
            "5km이내대형병원수":2,
            "500m이내공원수":4,
            "3km이내혐오시설수":1,
            "초등학교학업성취도":90.01,
            "중학교학업성취도":69.1,
            "용적률":241,
            "건폐율":18,
            "Y":37.133915,
            "X":127.067986,
            "rank":62.0,
            "area_info":"23평(77.64), 27평(92.43), 33평(110.1), 33평(110.08)",
            "last_sales":"2021-10-08,32500.0,33평(110.1)",
            "rank_history":[
                [
                    "202203",
                    62
                ],
                [
                    "202202",
                    62
                ],
                [
                    "202201",
                    60
                ]
            ],
            "rank_gap":0
        },
        {
            "index":7,
            "아파트명":"동부",
            "투자타입":"일반",
            "전용면적(m2)":"77.85",
            "전용면적(평)":"23평",
            "법정동주소":"경기도 오산시 갈곶동 220",
            "도로명주소":"경기도 오산시 경기대로25번길 16",
            "세대수":80,
            "입주년차":20,
            "용적률점수":"--",
            "건폐율점수":"--",
            "세대당주차수":0,
            "난방방식":30,
            "공급면적":"--",
            "전용률":"--",
            "욕실수":50,
            "현관타입":100,
            "주거총점":50.0,
            "지역구공급총점":0.0,
            "역세권":0,
            "30분내 이동가능 거점":0,
            "1시간내 이동가능 거점":10,
            "교통총점":2.0,
            "백화점":0,
            "아울렛몰":0,
            "대형마트":0,
            "은행":0,
            "병원":30,
            "종합병원":100,
            "공원":100,
            "혐오시설":0,
            "인프라총점":26.0,
            "초등학군":89.97,
            "중학군":41.78,
            "학군총점":51.418,
            "인구수":25.92,
            "인구증감":-0.33,
            "인구총점":18.045,
            "일자리":10.69,
            "소득수준":54.93,
            "일자리총점":23.962,
            "가치 총점":26.2127,
            "매매실거래년":20220216.0,
            "매매실거래가":27500.0,
            "전세실거래년":20210908.0,
            "전세실거래가":20000.0,
            "전세가율":80.0,
            "장기전세가율평균":75.17,
            "전세가율거품지수":-4.83,
            "검색코드":8002,
            "세대수":753.0,
            "준공년월":"2000-07-18",
            "준공년차":23.0,
            "가까운역이름":"오산",
            "가까운역거리":1762.7,
            "역세권여부":"비역세권",
            "30분이내주요거점역":0,
            "30분거점역이름":"[]",
            "1시간이내주요거점역":1,
            "1시간거점역이름":"['수원']",
            "3km이내백화점수":0,
            "5km이내아울렛몰수":0,
            "1km이내대형먀트수":0,
            "500m이내은행수":0,
            "500m이내병원수":7,
            "5km이내대형병원수":2,
            "500m이내공원수":4,
            "3km이내혐오시설수":0,
            "초등학교학업성취도":89.97,
            "중학교학업성취도":69.1,
            "용적률":245,
            "건폐율":20,
            "Y":37.129837,
            "X":127.069645,
            "rank":63.0,
            "area_info":"23평(77.85), 23평(77.91), 32평(107.05), 37평(123.36)",
            "last_sales":"2022-02-16,27500.0,23평(77.91)",
            "rank_history":[
                [
                    "202203",
                    63
                ],
                [
                    "202202",
                    63
                ],
                [
                    "202201",
                    63
                ]
            ],
            "rank_gap":0
        },
        {
            "index":5,
            "아파트명":"갈곶피오레",
            "투자타입":"일반",
            "전용면적(m2)":"119.8",
            "전용면적(평)":"36평",
            "법정동주소":"경기도 오산시 갈곶동 715",
            "도로명주소":"경기도 오산시 경기대로 52-21",
            "세대수":0,
            "입주년차":60,
            "용적률점수":"--",
            "건폐율점수":"--",
            "세대당주차수":60,
            "난방방식":100,
            "공급면적":"--",
            "전용률":"--",
            "욕실수":100,
            "현관타입":100,
            "주거총점":51.0,
            "지역구공급총점":0.0,
            "역세권":0,
            "30분내 이동가능 거점":0,
            "1시간내 이동가능 거점":20,
            "교통총점":4.0,
            "백화점":0,
            "아울렛몰":0,
            "대형마트":0,
            "은행":0,
            "병원":0,
            "종합병원":100,
            "공원":100,
            "혐오시설":0,
            "인프라총점":23.0,
            "초등학군":89.97,
            "중학군":41.78,
            "학군총점":51.418,
            "인구수":25.92,
            "인구증감":-0.33,
            "인구총점":18.045,
            "일자리":10.69,
            "소득수준":54.93,
            "일자리총점":23.962,
            "가치 총점":26.2127,
            "매매실거래년":20220214.0,
            "매매실거래가":41500.0,
            "전세실거래년":20210726.0,
            "전세실거래가":18900.0,
            "전세가율":48.46,
            "장기전세가율평균":75.17,
            "전세가율거품지수":26.71,
            "검색코드":101559,
            "세대수":226.0,
            "준공년월":"2010-10-29",
            "준공년차":13.0,
            "가까운역이름":"오산",
            "가까운역거리":1871.19,
            "역세권여부":"비역세권",
            "30분이내주요거점역":0,
            "30분거점역이름":"[]",
            "1시간이내주요거점역":2,
            "1시간거점역이름":"['수원시청', '수원']",
            "3km이내백화점수":0,
            "5km이내아울렛몰수":0,
            "1km이내대형먀트수":0,
            "500m이내은행수":0,
            "500m이내병원수":1,
            "5km이내대형병원수":2,
            "500m이내공원수":4,
            "3km이내혐오시설수":0,
            "초등학교학업성취도":89.97,
            "중학교학업성취도":69.1,
            "용적률":197,
            "건폐율":19,
            "Y":37.129375,
            "X":127.072734,
            "rank":63.0,
            "area_info":"36평(119.8), 47평(156.99)",
            "last_sales":"2022-02-14,41500.0,47평(156.99)",
            "rank_history":[
                [
                    "202203",
                    63
                ],
                [
                    "202202",
                    64
                ],
                [
                    "202201",
                    65
                ]
            ],
            "rank_gap":1
        },
        {
            "index":61,
            "아파트명":"제일하이빌",
            "투자타입":"일반",
            "전용면적(m2)":"89.3",
            "전용면적(평)":"27평",
            "법정동주소":"경기도 오산시 궐동 616-2",
            "도로명주소":"경기도 오산시 궐리사로29번길 11",
            "세대수":30,
            "입주년차":40,
            "용적률점수":"--",
            "건폐율점수":"--",
            "세대당주차수":30,
            "난방방식":30,
            "공급면적":"--",
            "전용률":"--",
            "욕실수":100,
            "현관타입":100,
            "주거총점":46.0,
            "지역구공급총점":0.0,
            "역세권":0,
            "30분내 이동가능 거점":0,
            "1시간내 이동가능 거점":10,
            "교통총점":2.0,
            "백화점":0,
            "아울렛몰":0,
            "대형마트":0,
            "은행":0,
            "병원":30,
            "종합병원":100,
            "공원":100,
            "혐오시설":0,
            "인프라총점":26.0,
            "초등학군":90.01,
            "중학군":42.24,
            "학군총점":51.794,
            "인구수":25.92,
            "인구증감":-0.33,
            "인구총점":18.045,
            "일자리":10.69,
            "소득수준":54.93,
            "일자리총점":23.962,
            "가치 총점":25.4691,
            "매매실거래년":20220204.0,
            "매매실거래가":35500.0,
            "전세실거래년":20200710.0,
            "전세실거래가":13000.0,
            "전세가율":52.63,
            "장기전세가율평균":75.17,
            "전세가율거품지수":22.54,
            "검색코드":11053,
            "세대수":370.0,
            "준공년월":"2004-08-23",
            "준공년차":19.0,
            "가까운역이름":"오산대",
            "가까운역거리":1174.77,
            "역세권여부":"비역세권",
            "30분이내주요거점역":0,
            "30분거점역이름":"[]",
            "1시간이내주요거점역":1,
            "1시간거점역이름":"['수원']",
            "3km이내백화점수":0,
            "5km이내아울렛몰수":0,
            "1km이내대형먀트수":0,
            "500m이내은행수":0,
            "500m이내병원수":7,
            "5km이내대형병원수":2,
            "500m이내공원수":5,
            "3km이내혐오시설수":0,
            "초등학교학업성취도":90.01,
            "중학교학업성취도":70.4,
            "용적률":209,
            "건폐율":16,
            "Y":37.161043,
            "X":127.054885,
            "rank":64.0,
            "area_info":"27평(89.3), 35평(115.77)",
            "last_sales":"2022-02-04,35500.0,35평(115.77)",
            "rank_history":[
                [
                    "202203",
                    64
                ],
                [
                    "202202",
                    65
                ],
                [
                    "202201",
                    64
                ]
            ],
            "rank_gap":1
        },
        {
            "index":213,
            "아파트명":"늘푸른오스카빌",
            "투자타입":"일반",
            "전용면적(m2)":"52.99",
            "전용면적(평)":"16평",
            "법정동주소":"경기도 오산시 양산동 666",
            "도로명주소":"경기도 오산시 양산로398번길 58-5",
            "세대수":50,
            "입주년차":40,
            "용적률점수":"--",
            "건폐율점수":"--",
            "세대당주차수":30,
            "난방방식":30,
            "공급면적":"--",
            "전용률":"--",
            "욕실수":50,
            "현관타입":100,
            "주거총점":48.0,
            "지역구공급총점":0.0,
            "역세권":0,
            "30분내 이동가능 거점":0,
            "1시간내 이동가능 거점":20,
            "교통총점":4.0,
            "백화점":0,
            "아울렛몰":0,
            "대형마트":0,
            "은행":0,
            "병원":0,
            "종합병원":80,
            "공원":100,
            "혐오시설":0,
            "인프라총점":19.0,
            "초등학군":89.95,
            "중학군":50.1,
            "학군총점":58.07,
            "인구수":25.92,
            "인구증감":-0.33,
            "인구총점":18.045,
            "일자리":10.69,
            "소득수준":54.93,
            "일자리총점":23.962,
            "가치 총점":25.4105,
            "매매실거래년":20211202.0,
            "매매실거래가":33000.0,
            "전세실거래년":20220208.0,
            "전세실거래가":15000.0,
            "전세가율":105.63,
            "장기전세가율평균":75.17,
            "전세가율거품지수":-30.46,
            "검색코드":18496,
            "세대수":600.0,
            "준공년월":"2004-03-13",
            "준공년차":19.0,
            "가까운역이름":"세마",
            "가까운역거리":1033.6,
            "역세권여부":"비역세권",
            "30분이내주요거점역":0,
            "30분거점역이름":"[]",
            "1시간이내주요거점역":2,
            "1시간거점역이름":"['수원시청', '수원']",
            "3km이내백화점수":0,
            "5km이내아울렛몰수":0,
            "1km이내대형먀트수":0,
            "500m이내은행수":0,
            "500m이내병원수":0,
            "5km이내대형병원수":1,
            "500m이내공원수":2,
            "3km이내혐오시설수":0,
            "초등학교학업성취도":89.95,
            "중학교학업성취도":82.3,
            "용적률":194,
            "건폐율":14,
            "Y":37.1905,
            "X":127.03255,
            "rank":65.0,
            "area_info":"16평(52.99), 29평(97.61), 32평(107.64)",
            "last_sales":"2021-12-02,33000.0,32평(107.64)",
            "rank_history":[
                [
                    "202203",
                    65
                ],
                [
                    "202202",
                    28
                ],
                [
                    "202201",
                    31
                ]
            ],
            "rank_gap":-37
        },
        {
            "index":274,
            "아파트명":"대원",
            "투자타입":"일반",
            "전용면적(m2)":"77.7",
            "전용면적(평)":"23평",
            "법정동주소":"경기도 오산시 원동 30",
            "도로명주소":"경기도 오산시 부원로 67-6",
            "세대수":80,
            "입주년차":20,
            "용적률점수":"--",
            "건폐율점수":"--",
            "세대당주차수":0,
            "난방방식":30,
            "공급면적":"--",
            "전용률":"--",
            "욕실수":50,
            "현관타입":100,
            "주거총점":50.0,
            "지역구공급총점":0.0,
            "역세권":0,
            "30분내 이동가능 거점":0,
            "1시간내 이동가능 거점":10,
            "교통총점":2.0,
            "백화점":0,
            "아울렛몰":0,
            "대형마트":0,
            "은행":0,
            "병원":0,
            "종합병원":100,
            "공원":100,
            "혐오시설":0,
            "인프라총점":23.0,
            "초등학군":90.0,
            "중학군":41.72,
            "학군총점":51.376,
            "인구수":25.92,
            "인구증감":-0.33,
            "인구총점":18.045,
            "일자리":10.69,
            "소득수준":54.93,
            "일자리총점":23.962,
            "가치 총점":25.3064,
            "매매실거래년":20220216.0,
            "매매실거래가":25000.0,
            "전세실거래년":20220217.0,
            "전세실거래가":18000.0,
            "전세가율":63.16,
            "장기전세가율평균":75.17,
            "전세가율거품지수":12.01,
            "검색코드":13769,
            "세대수":894.0,
            "준공년월":"2000-09-16",
            "준공년차":23.0,
            "가까운역이름":"오산",
            "가까운역거리":1878.2,
            "역세권여부":"비역세권",
            "30분이내주요거점역":0,
            "30분거점역이름":"[]",
            "1시간이내주요거점역":1,
            "1시간거점역이름":"['수원']",
            "3km이내백화점수":0,
            "5km이내아울렛몰수":0,
            "1km이내대형먀트수":0,
            "500m이내은행수":0,
            "500m이내병원수":0,
            "5km이내대형병원수":2,
            "500m이내공원수":2,
            "3km이내혐오시설수":0,
            "초등학교학업성취도":90.0,
            "중학교학업성취도":69.2,
            "용적률":199,
            "건폐율":19,
            "Y":37.143215,
            "X":127.087806,
            "rank":66.0,
            "area_info":"23평(77.7), 23평(77.29)",
            "last_sales":"2022-02-16,25000.0,23평(77.29)",
            "rank_history":[
                [
                    "202203",
                    66
                ],
                [
                    "202202",
                    67
                ],
                [
                    "202201",
                    67
                ]
            ],
            "rank_gap":1
        },
        {
            "index":15,
            "아파트명":"우림",
            "투자타입":"일반",
            "전용면적(m2)":"58.78",
            "전용면적(평)":"17평",
            "법정동주소":"경기도 오산시 갈곶동 251",
            "도로명주소":"경기도 오산시 경기대로 74",
            "세대수":90,
            "입주년차":0,
            "용적률점수":"--",
            "건폐율점수":"--",
            "세대당주차수":0,
            "난방방식":30,
            "공급면적":"--",
            "전용률":"--",
            "욕실수":50,
            "현관타입":10,
            "주거총점":40.5,
            "지역구공급총점":0.0,
            "역세권":0,
            "30분내 이동가능 거점":0,
            "1시간내 이동가능 거점":20,
            "교통총점":4.0,
            "백화점":0,
            "아울렛몰":0,
            "대형마트":0,
            "은행":0,
            "병원":30,
            "종합병원":100,
            "공원":100,
            "혐오시설":0,
            "인프라총점":26.0,
            "초등학군":89.97,
            "중학군":41.78,
            "학군총점":51.418,
            "인구수":25.92,
            "인구증감":-0.33,
            "인구총점":18.045,
            "일자리":10.69,
            "소득수준":54.93,
            "일자리총점":23.962,
            "가치 총점":25.0127,
            "매매실거래년":20220218.0,
            "매매실거래가":22800.0,
            "전세실거래년":20220211.0,
            "전세실거래가":15000.0,
            "전세가율":88.24,
            "장기전세가율평균":75.17,
            "전세가율거품지수":-13.07,
            "검색코드":10403,
            "세대수":901.0,
            "준공년월":"1998-12-28",
            "준공년차":25.0,
            "가까운역이름":"오산",
            "가까운역거리":1703.08,
            "역세권여부":"비역세권",
            "30분이내주요거점역":0,
            "30분거점역이름":"[]",
            "1시간이내주요거점역":2,
            "1시간거점역이름":"['수원시청', '수원']",
            "3km이내백화점수":0,
            "5km이내아울렛몰수":0,
            "1km이내대형먀트수":0,
            "500m이내은행수":0,
            "500m이내병원수":6,
            "5km이내대형병원수":2,
            "500m이내공원수":5,
            "3km이내혐오시설수":0,
            "초등학교학업성취도":89.97,
            "중학교학업성취도":69.1,
            "용적률":249,
            "건폐율":18,
            "Y":37.131035,
            "X":127.073029,
            "rank":67.0,
            "area_info":"17평(58.78), 22평(73.04), 26평(88.46)",
            "last_sales":"2022-02-18,22800.0,26평(88.46)",
            "rank_history":[
                [
                    "202203",
                    67
                ],
                [
                    "202202",
                    68
                ],
                [
                    "202201",
                    68
                ]
            ],
            "rank_gap":1
        },
        {
            "index":58,
            "아파트명":"센트하임",
            "투자타입":"일반",
            "전용면적(m2)":"108.88",
            "전용면적(평)":"32평",
            "법정동주소":"경기도 오산시 궐동 681-1",
            "도로명주소":"경기도 오산시 궐리사로 8",
            "세대수":0,
            "입주년차":40,
            "용적률점수":"--",
            "건폐율점수":"--",
            "세대당주차수":80,
            "난방방식":30,
            "공급면적":"--",
            "전용률":"--",
            "욕실수":100,
            "현관타입":100,
            "주거총점":43.0,
            "지역구공급총점":0.0,
            "역세권":0,
            "30분내 이동가능 거점":0,
            "1시간내 이동가능 거점":10,
            "교통총점":2.0,
            "백화점":0,
            "아울렛몰":0,
            "대형마트":0,
            "은행":0,
            "병원":30,
            "종합병원":100,
            "공원":100,
            "혐오시설":0,
            "인프라총점":26.0,
            "초등학군":90.01,
            "중학군":42.24,
            "학군총점":51.794,
            "인구수":25.92,
            "인구증감":-0.33,
            "인구총점":18.045,
            "일자리":10.69,
            "소득수준":54.93,
            "일자리총점":23.962,
            "가치 총점":24.8691,
            "매매실거래년":20211116.0,
            "매매실거래가":29700.0,
            "전세실거래년":20220129.0,
            "전세실거래가":14700.0,
            "전세가율":49.49,
            "장기전세가율평균":75.17,
            "전세가율거품지수":25.68,
            "검색코드":19075,
            "세대수":168.0,
            "준공년월":"2005-11-10",
            "준공년차":18.0,
            "가까운역이름":"오산대",
            "가까운역거리":1357.34,
            "역세권여부":"비역세권",
            "30분이내주요거점역":0,
            "30분거점역이름":"[]",
            "1시간이내주요거점역":1,
            "1시간거점역이름":"['수원']",
            "3km이내백화점수":0,
            "5km이내아울렛몰수":0,
            "1km이내대형먀트수":0,
            "500m이내은행수":0,
            "500m이내병원수":7,
            "5km이내대형병원수":2,
            "500m이내공원수":4,
            "3km이내혐오시설수":0,
            "초등학교학업성취도":90.01,
            "중학교학업성취도":70.4,
            "용적률":548,
            "건폐율":72,
            "Y":37.159842,
            "X":127.05347,
            "rank":68.0,
            "area_info":"32평(108.88)",
            "last_sales":"2021-11-16,29700.0,32평(108.88)",
            "rank_history":[
                [
                    "202203",
                    68
                ],
                [
                    "202202",
                    66
                ],
                [
                    "202201",
                    66
                ]
            ],
            "rank_gap":-2
        },
        {
            "index":394,
            "아파트명":"오산청호엘리시아",
            "투자타입":"일반",
            "전용면적(m2)":"114.5",
            "전용면적(평)":"34평",
            "법정동주소":"경기도 오산시 청호동 333",
            "도로명주소":"경기도 오산시 청호로 23-22",
            "세대수":0,
            "입주년차":60,
            "용적률점수":"--",
            "건폐율점수":"--",
            "세대당주차수":60,
            "난방방식":30,
            "공급면적":"--",
            "전용률":"--",
            "욕실수":100,
            "현관타입":100,
            "주거총점":44.0,
            "지역구공급총점":0.0,
            "역세권":0,
            "30분내 이동가능 거점":0,
            "1시간내 이동가능 거점":10,
            "교통총점":2.0,
            "백화점":0,
            "아울렛몰":0,
            "대형마트":0,
            "은행":0,
            "병원":0,
            "종합병원":100,
            "공원":100,
            "혐오시설":0,
            "인프라총점":23.0,
            "초등학군":89.98,
            "중학군":41.72,
            "학군총점":51.372,
            "인구수":25.92,
            "인구증감":-0.33,
            "인구총점":18.045,
            "일자리":10.69,
            "소득수준":54.93,
            "일자리총점":23.962,
            "가치 총점":24.1058,
            "매매실거래년":20220211.0,
            "매매실거래가":45000.0,
            "전세실거래년":20211128.0,
            "전세실거래가":32000.0,
            "전세가율":64.0,
            "장기전세가율평균":75.17,
            "전세가율거품지수":11.17,
            "검색코드":27129,
            "세대수":275.0,
            "준공년월":"2010-03-11",
            "준공년차":13.0,
            "가까운역이름":"오산",
            "가까운역거리":2222.36,
            "역세권여부":"비역세권",
            "30분이내주요거점역":0,
            "30분거점역이름":"[]",
            "1시간이내주요거점역":1,
            "1시간거점역이름":"['수원']",
            "3km이내백화점수":0,
            "5km이내아울렛몰수":0,
            "1km이내대형먀트수":0,
            "500m이내은행수":0,
            "500m이내병원수":0,
            "5km이내대형병원수":2,
            "500m이내공원수":3,
            "3km이내혐오시설수":0,
            "초등학교학업성취도":89.98,
            "중학교학업성취도":69.2,
            "용적률":223,
            "건폐율":24,
            "Y":37.129682,
            "X":127.082094,
            "rank":69.0,
            "area_info":"34평(114.5), 34평(114.76), 42평(139.06), 48평(161.01)",
            "last_sales":"2022-02-11,45000.0,48평(161.01)",
            "rank_history":[
                [
                    "202203",
                    69
                ],
                [
                    "202202",
                    69
                ],
                [
                    "202201",
                    69
                ]
            ],
            "rank_gap":0
        },
        {
            "index":255,
            "아파트명":"희망",
            "투자타입":"재건축",
            "전용면적(m2)":"76.78",
            "전용면적(평)":"23평",
            "법정동주소":"경기도 오산시 오산동 55-4",
            "도로명주소":"경기도 오산시 경기동로8번길 27",
            "세대수":0,
            "입주년차":"--",
            "용적률점수":0,
            "건폐율점수":0,
            "세대당주차수":"--",
            "난방방식":"--",
            "공급면적":50,
            "전용률":80,
            "욕실수":"--",
            "현관타입":"--",
            "주거총점":6.5,
            "지역구공급총점":0.0,
            "역세권":0,
            "30분내 이동가능 거점":0,
            "1시간내 이동가능 거점":20,
            "교통총점":4.0,
            "백화점":0,
            "아울렛몰":0,
            "대형마트":80,
            "은행":0,
            "병원":30,
            "종합병원":100,
            "공원":100,
            "혐오시설":0,
            "인프라총점":38.0,
            "초등학군":89.99,
            "중학군":47.7,
            "학군총점":56.158,
            "인구수":25.92,
            "인구증감":-0.33,
            "인구총점":18.045,
            "일자리":10.69,
            "소득수준":54.93,
            "일자리총점":23.962,
            "가치 총점":22.5237,
            "매매실거래년":"18000101",
            "매매실거래가":null,
            "전세실거래년":null,
            "전세실거래가":null,
            "전세가율":null,
            "장기전세가율평균":75.17,
            "전세가율거품지수":null,
            "검색코드":104591,
            "세대수":74.0,
            "준공년월":"1986-06-28",
            "준공년차":37.0,
            "가까운역이름":"오산",
            "가까운역거리":1344.19,
            "역세권여부":"비역세권",
            "30분이내주요거점역":0,
            "30분거점역이름":"[]",
            "1시간이내주요거점역":2,
            "1시간거점역이름":"['양재', '수원']",
            "3km이내백화점수":0,
            "5km이내아울렛몰수":0,
            "1km이내대형먀트수":1,
            "500m이내은행수":0,
            "500m이내병원수":7,
            "5km이내대형병원수":2,
            "500m이내공원수":3,
            "3km이내혐오시설수":0,
            "초등학교학업성취도":89.99,
            "중학교학업성취도":79.3,
            "용적률":0,
            "건폐율":0,
            "Y":37.156157,
            "X":127.07404,
            "rank":70.0,
            "area_info":"23평(76.78), 25평(82.95), 25평(85.65), 27평(90.47), 28평(92.58), 29평(99.1), 31평(103.15)",
            "last_sales":"1800-01-01,nan,23평(76.78)",
            "rank_history":[
                [
                    "202203",
                    70
                ],
                [
                    "202202",
                    9999
                ]
            ],
            "rank_gap":9999
        },
        {
            "index":28,
            "아파트명":"화남",
            "투자타입":"일반",
            "전용면적(m2)":"80.62",
            "전용면적(평)":"24평",
            "법정동주소":"경기도 오산시 갈곶동 175",
            "도로명주소":"경기도 오산시 오산로 29",
            "세대수":30,
            "입주년차":0,
            "용적률점수":"--",
            "건폐율점수":"--",
            "세대당주차수":30,
            "난방방식":30,
            "공급면적":"--",
            "전용률":"--",
            "욕실수":50,
            "현관타입":100,
            "주거총점":33.0,
            "지역구공급총점":0.0,
            "역세권":0,
            "30분내 이동가능 거점":0,
            "1시간내 이동가능 거점":10,
            "교통총점":2.0,
            "백화점":0,
            "아울렛몰":0,
            "대형마트":0,
            "은행":0,
            "병원":30,
            "종합병원":100,
            "공원":100,
            "혐오시설":-50,
            "인프라총점":25.0,
            "초등학군":89.97,
            "중학군":41.78,
            "학군총점":51.418,
            "인구수":25.92,
            "인구증감":-0.33,
            "인구총점":18.045,
            "일자리":10.69,
            "소득수준":54.93,
            "일자리총점":23.962,
            "가치 총점":22.5127,
            "매매실거래년":20220125.0,
            "매매실거래가":24700.0,
            "전세실거래년":20211112.0,
            "전세실거래가":18000.0,
            "전세가율":72.87,
            "장기전세가율평균":75.17,
            "전세가율거품지수":2.3,
            "검색코드":8004,
            "세대수":328.0,
            "준공년월":"1998-12-16",
            "준공년차":25.0,
            "가까운역이름":"오산",
            "가까운역거리":1747.21,
            "역세권여부":"비역세권",
            "30분이내주요거점역":0,
            "30분거점역이름":"[]",
            "1시간이내주요거점역":1,
            "1시간거점역이름":"['수원']",
            "3km이내백화점수":0,
            "5km이내아울렛몰수":0,
            "1km이내대형먀트수":0,
            "500m이내은행수":0,
            "500m이내병원수":7,
            "5km이내대형병원수":2,
            "500m이내공원수":3,
            "3km이내혐오시설수":1,
            "초등학교학업성취도":89.97,
            "중학교학업성취도":69.1,
            "용적률":247,
            "건폐율":19,
            "Y":37.129815,
            "X":127.066787,
            "rank":71.0,
            "area_info":"24평(80.62), 24평(80.47), 31평(104.55)",
            "last_sales":"2022-01-25,24700.0,24평(80.62)",
            "rank_history":[
                [
                    "202203",
                    71
                ],
                [
                    "202202",
                    71
                ],
                [
                    "202201",
                    72
                ]
            ],
            "rank_gap":0
        },
        {
            "index":35,
            "아파트명":"골드뷰",
            "투자타입":"일반",
            "전용면적(m2)":"34.69",
            "전용면적(평)":"10평",
            "법정동주소":"경기도 오산시 궐동 682-3",
            "도로명주소":"경기도 오산시 대호로 97",
            "세대수":0,
            "입주년차":60,
            "용적률점수":"--",
            "건폐율점수":"--",
            "세대당주차수":0,
            "난방방식":30,
            "공급면적":"--",
            "전용률":"--",
            "욕실수":50,
            "현관타입":100,
            "주거총점":30.0,
            "지역구공급총점":0.0,
            "역세권":0,
            "30분내 이동가능 거점":0,
            "1시간내 이동가능 거점":10,
            "교통총점":2.0,
            "백화점":0,
            "아울렛몰":0,
            "대형마트":0,
            "은행":0,
            "병원":30,
            "종합병원":100,
            "공원":100,
            "혐오시설":0,
            "인프라총점":26.0,
            "초등학군":90.01,
            "중학군":42.24,
            "학군총점":51.794,
            "인구수":25.92,
            "인구증감":-0.33,
            "인구총점":18.045,
            "일자리":10.69,
            "소득수준":54.93,
            "일자리총점":23.962,
            "가치 총점":22.2691,
            "매매실거래년":"18000101",
            "매매실거래가":null,
            "전세실거래년":20210929.0,
            "전세실거래가":8000.0,
            "전세가율":null,
            "장기전세가율평균":75.17,
            "전세가율거품지수":null,
            "검색코드":126658,
            "세대수":60.0,
            "준공년월":"2013-09-05",
            "준공년차":10.0,
            "가까운역이름":"오산대",
            "가까운역거리":1405.1,
            "역세권여부":"비역세권",
            "30분이내주요거점역":0,
            "30분거점역이름":"[]",
            "1시간이내주요거점역":1,
            "1시간거점역이름":"['수원']",
            "3km이내백화점수":0,
            "5km이내아울렛몰수":0,
            "1km이내대형먀트수":0,
            "500m이내은행수":0,
            "500m이내병원수":7,
            "5km이내대형병원수":2,
            "500m이내공원수":4,
            "3km이내혐오시설수":0,
            "초등학교학업성취도":90.01,
            "중학교학업성취도":70.4,
            "용적률":454,
            "건폐율":60,
            "Y":37.159007,
            "X":127.053967,
            "rank":72.0,
            "area_info":"10평(34.69), 11평(39.53), 19평(65.08)",
            "last_sales":"1800-01-01,nan,10평(34.69)",
            "rank_history":[
                [
                    "202203",
                    72
                ],
                [
                    "202202",
                    9999
                ]
            ],
            "rank_gap":9999
        },
        {
            "index":116,
            "아파트명":"이림",
            "투자타입":"일반",
            "전용면적(m2)":"48.79",
            "전용면적(평)":"14평",
            "법정동주소":"경기도 오산시 누읍동 561-1",
            "도로명주소":"경기도 오산시 발안로 1353-8",
            "세대수":50,
            "입주년차":20,
            "용적률점수":"--",
            "건폐율점수":"--",
            "세대당주차수":0,
            "난방방식":30,
            "공급면적":"--",
            "전용률":"--",
            "욕실수":50,
            "현관타입":10,
            "주거총점":30.5,
            "지역구공급총점":0.0,
            "역세권":0,
            "30분내 이동가능 거점":0,
            "1시간내 이동가능 거점":10,
            "교통총점":2.0,
            "백화점":0,
            "아울렛몰":0,
            "대형마트":0,
            "은행":0,
            "병원":30,
            "종합병원":100,
            "공원":100,
            "혐오시설":0,
            "인프라총점":26.0,
            "초등학군":89.99,
            "중학군":41.22,
            "학군총점":50.974,
            "인구수":25.92,
            "인구증감":-0.33,
            "인구총점":18.045,
            "일자리":10.69,
            "소득수준":54.93,
            "일자리총점":23.962,
            "가치 총점":22.2461,
            "매매실거래년":20220128.0,
            "매매실거래가":12300.0,
            "전세실거래년":20220221.0,
            "전세실거래가":7200.0,
            "전세가율":58.54,
            "장기전세가율평균":75.17,
            "전세가율거품지수":16.63,
            "검색코드":11851,
            "세대수":650.0,
            "준공년월":"2000-11-17",
            "준공년차":23.0,
            "가까운역이름":"오산",
            "가까운역거리":1779.72,
            "역세권여부":"비역세권",
            "30분이내주요거점역":0,
            "30분거점역이름":"[]",
            "1시간이내주요거점역":1,
            "1시간거점역이름":"['수원']",
            "3km이내백화점수":0,
            "5km이내아울렛몰수":0,
            "1km이내대형먀트수":0,
            "500m이내은행수":0,
            "500m이내병원수":5,
            "5km이내대형병원수":2,
            "500m이내공원수":6,
            "3km이내혐오시설수":0,
            "초등학교학업성취도":89.99,
            "중학교학업성취도":68.7,
            "용적률":383,
            "건폐율":24,
            "Y":37.14222,
            "X":127.04717,
            "rank":73.0,
            "area_info":"14평(48.79)",
            "last_sales":"2022-01-28,12300.0,14평(48.79)",
            "rank_history":[
                [
                    "202203",
                    73
                ],
                [
                    "202202",
                    72
                ],
                [
                    "202201",
                    73
                ]
            ],
            "rank_gap":-1
        },
        {
            "index":372,
            "아파트명":"리버빌",
            "투자타입":"일반",
            "전용면적(m2)":"75.74",
            "전용면적(평)":"22평",
            "법정동주소":"경기도 오산시 은계동 117",
            "도로명주소":"경기도 오산시 은여울로 29",
            "세대수":0,
            "입주년차":40,
            "용적률점수":"--",
            "건폐율점수":"--",
            "세대당주차수":30,
            "난방방식":30,
            "공급면적":"--",
            "전용률":"--",
            "욕실수":50,
            "현관타입":100,
            "주거총점":30.5,
            "지역구공급총점":0.0,
            "역세권":0,
            "30분내 이동가능 거점":0,
            "1시간내 이동가능 거점":10,
            "교통총점":2.0,
            "백화점":0,
            "아울렛몰":0,
            "대형마트":0,
            "은행":0,
            "병원":10,
            "종합병원":100,
            "공원":80,
            "혐오시설":0,
            "인프라총점":23.4,
            "초등학군":90.02,
            "중학군":47.7,
            "학군총점":56.164,
            "인구수":25.92,
            "인구증감":-0.33,
            "인구총점":18.045,
            "일자리":10.69,
            "소득수준":54.93,
            "일자리총점":23.962,
            "가치 총점":22.2446,
            "매매실거래년":20220121.0,
            "매매실거래가":31300.0,
            "전세실거래년":20210520.0,
            "전세실거래가":11500.0,
            "전세가율":48.94,
            "장기전세가율평균":75.17,
            "전세가율거품지수":26.23,
            "검색코드":15281,
            "세대수":198.0,
            "준공년월":"2004-09-13",
            "준공년차":19.0,
            "가까운역이름":"오산대",
            "가까운역거리":1388.7,
            "역세권여부":"비역세권",
            "30분이내주요거점역":0,
            "30분거점역이름":"[]",
            "1시간이내주요거점역":1,
            "1시간거점역이름":"['수원']",
            "3km이내백화점수":0,
            "5km이내아울렛몰수":0,
            "1km이내대형먀트수":0,
            "500m이내은행수":0,
            "500m이내병원수":2,
            "5km이내대형병원수":2,
            "500m이내공원수":1,
            "3km이내혐오시설수":0,
            "초등학교학업성취도":90.02,
            "중학교학업성취도":79.3,
            "용적률":0,
            "건폐율":0,
            "Y":37.158281,
            "X":127.070332,
            "rank":74.0,
            "area_info":"22평(75.74), 30평(100.03)",
            "last_sales":"2022-01-21,31300.0,30평(100.03)",
            "rank_history":[
                [
                    "202203",
                    74
                ],
                [
                    "202202",
                    70
                ],
                [
                    "202201",
                    61
                ]
            ],
            "rank_gap":-4
        },
        {
            "index":270,
            "아파트명":"대남",
            "투자타입":"재건축",
            "전용면적(m2)":"67.68",
            "전용면적(평)":"20평",
            "법정동주소":"경기도 오산시 원동 378-2",
            "도로명주소":"경기도 오산시 밀머리로 32-1",
            "세대수":0,
            "입주년차":"--",
            "용적률점수":0,
            "건폐율점수":0,
            "세대당주차수":"--",
            "난방방식":"--",
            "공급면적":50,
            "전용률":100,
            "욕실수":"--",
            "현관타입":"--",
            "주거총점":7.5,
            "지역구공급총점":0.0,
            "역세권":0,
            "30분내 이동가능 거점":0,
            "1시간내 이동가능 거점":10,
            "교통총점":2.0,
            "백화점":0,
            "아울렛몰":0,
            "대형마트":80,
            "은행":0,
            "병원":60,
            "종합병원":100,
            "공원":100,
            "혐오시설":0,
            "인프라총점":41.0,
            "초등학군":89.99,
            "중학군":41.78,
            "학군총점":51.422,
            "인구수":25.92,
            "인구증감":-0.33,
            "인구총점":18.045,
            "일자리":10.69,
            "소득수준":54.93,
            "일자리총점":23.962,
            "가치 총점":22.2133,
            "매매실거래년":20211204.0,
            "매매실거래가":10700.0,
            "전세실거래년":20220211.0,
            "전세실거래가":8900.0,
            "전세가율":83.18,
            "장기전세가율평균":75.17,
            "전세가율거품지수":-8.01,
            "검색코드":27608,
            "세대수":69.0,
            "준공년월":"1985-12-12",
            "준공년차":38.0,
            "가까운역이름":"오산",
            "가까운역거리":1020.42,
            "역세권여부":"비역세권",
            "30분이내주요거점역":0,
            "30분거점역이름":"[]",
            "1시간이내주요거점역":1,
            "1시간거점역이름":"['수원']",
            "3km이내백화점수":0,
            "5km이내아울렛몰수":0,
            "1km이내대형먀트수":1,
            "500m이내은행수":1,
            "500m이내병원수":25,
            "5km이내대형병원수":2,
            "500m이내공원수":3,
            "3km이내혐오시설수":0,
            "초등학교학업성취도":89.99,
            "중학교학업성취도":69.1,
            "용적률":0,
            "건폐율":0,
            "Y":37.138578,
            "X":127.074333,
            "rank":75.0,
            "area_info":"20평(67.68), 20평(67.56), 21평(72.0), 22평(74.52)",
            "last_sales":"2021-12-04,10700.0,20평(67.68)",
            "rank_history":[
                [
                    "202203",
                    75
                ],
                [
                    "202202",
                    9999
                ]
            ],
            "rank_gap":9999
        },
        {
            "index":56,
            "아파트명":"무궁화",
            "투자타입":"재건축",
            "전용면적(m2)":"72.12",
            "전용면적(평)":"21평",
            "법정동주소":"경기도 오산시 궐동 69-3",
            "도로명주소":"경기도 오산시 오산로 340",
            "세대수":0,
            "입주년차":"--",
            "용적률점수":0,
            "건폐율점수":0,
            "세대당주차수":"--",
            "난방방식":"--",
            "공급면적":50,
            "전용률":100,
            "욕실수":"--",
            "현관타입":"--",
            "주거총점":7.5,
            "지역구공급총점":0.0,
            "역세권":0,
            "30분내 이동가능 거점":0,
            "1시간내 이동가능 거점":20,
            "교통총점":4.0,
            "백화점":0,
            "아울렛몰":0,
            "대형마트":80,
            "은행":0,
            "병원":30,
            "종합병원":100,
            "공원":80,
            "혐오시설":0,
            "인프라총점":37.4,
            "초등학군":90.02,
            "중학군":41.22,
            "학군총점":50.98,
            "인구수":25.92,
            "인구증감":-0.33,
            "인구총점":18.045,
            "일자리":10.69,
            "소득수준":54.93,
            "일자리총점":23.962,
            "가치 총점":21.767,
            "매매실거래년":20220206.0,
            "매매실거래가":15000.0,
            "전세실거래년":20210126.0,
            "전세실거래가":7500.0,
            "전세가율":50.0,
            "장기전세가율평균":75.17,
            "전세가율거품지수":25.17,
            "검색코드":107976,
            "세대수":50.0,
            "준공년월":"1981-03-04",
            "준공년차":42.0,
            "가까운역이름":"오산",
            "가까운역거리":1305.89,
            "역세권여부":"비역세권",
            "30분이내주요거점역":0,
            "30분거점역이름":"[]",
            "1시간이내주요거점역":2,
            "1시간거점역이름":"['수원시청', '수원']",
            "3km이내백화점수":0,
            "5km이내아울렛몰수":0,
            "1km이내대형먀트수":1,
            "500m이내은행수":0,
            "500m이내병원수":6,
            "5km이내대형병원수":2,
            "500m이내공원수":1,
            "3km이내혐오시설수":0,
            "초등학교학업성취도":90.02,
            "중학교학업성취도":68.7,
            "용적률":0,
            "건폐율":0,
            "Y":37.157251,
            "X":127.067699,
            "rank":76.0,
            "area_info":"21평(72.12), 22평(73.68)",
            "last_sales":"2022-02-06,15000.0,21평(72.12)",
            "rank_history":[
                [
                    "202203",
                    76
                ],
                [
                    "202202",
                    9999
                ]
            ],
            "rank_gap":9999
        },
        {
            "index":38,
            "아파트명":"골드원(도시형)",
            "투자타입":"일반",
            "전용면적(m2)":"31.35",
            "전용면적(평)":"9평",
            "법정동주소":"경기도 오산시 궐동 687-4",
            "도로명주소":"경기도 오산시 대호로 79",
            "세대수":0,
            "입주년차":60,
            "용적률점수":"--",
            "건폐율점수":"--",
            "세대당주차수":0,
            "난방방식":30,
            "공급면적":"--",
            "전용률":"--",
            "욕실수":50,
            "현관타입":50,
            "주거총점":25.0,
            "지역구공급총점":0.0,
            "역세권":0,
            "30분내 이동가능 거점":0,
            "1시간내 이동가능 거점":10,
            "교통총점":2.0,
            "백화점":0,
            "아울렛몰":0,
            "대형마트":0,
            "은행":0,
            "병원":30,
            "종합병원":100,
            "공원":100,
            "혐오시설":0,
            "인프라총점":26.0,
            "초등학군":90.01,
            "중학군":42.24,
            "학군총점":51.794,
            "인구수":25.92,
            "인구증감":-0.33,
            "인구총점":18.045,
            "일자리":10.69,
            "소득수준":54.93,
            "일자리총점":23.962,
            "가치 총점":21.2691,
            "매매실거래년":"18000101",
            "매매실거래가":null,
            "전세실거래년":20211117.0,
            "전세실거래가":6300.0,
            "전세가율":null,
            "장기전세가율평균":75.17,
            "전세가율거품지수":null,
            "검색코드":107855,
            "세대수":68.0,
            "준공년월":"2012-07-20",
            "준공년차":11.0,
            "가까운역이름":"오산대",
            "가까운역거리":1557.45,
            "역세권여부":"비역세권",
            "30분이내주요거점역":0,
            "30분거점역이름":"[]",
            "1시간이내주요거점역":1,
            "1시간거점역이름":"['수원']",
            "3km이내백화점수":0,
            "5km이내아울렛몰수":0,
            "1km이내대형먀트수":0,
            "500m이내은행수":0,
            "500m이내병원수":7,
            "5km이내대형병원수":2,
            "500m이내공원수":5,
            "3km이내혐오시설수":0,
            "초등학교학업성취도":90.01,
            "중학교학업성취도":70.4,
            "용적률":448,
            "건폐율":58,
            "Y":37.157341,
            "X":127.054031,
            "rank":77.0,
            "area_info":"9평(31.35), 10평(33.12), 12평(42.81), 15평(50.86), 18평(62.37)",
            "last_sales":"1800-01-01,nan,9평(31.35)",
            "rank_history":[
                [
                    "202203",
                    77
                ],
                [
                    "202202",
                    9999
                ]
            ],
            "rank_gap":9999
        },
        {
            "index":43,
            "아파트명":"골드파크(도시형)",
            "투자타입":"일반",
            "전용면적(m2)":"28.26",
            "전용면적(평)":"8평",
            "법정동주소":"경기도 오산시 궐동 682-5",
            "도로명주소":"경기도 오산시 대호로 93",
            "세대수":0,
            "입주년차":80,
            "용적률점수":"--",
            "건폐율점수":"--",
            "세대당주차수":0,
            "난방방식":30,
            "공급면적":"--",
            "전용률":"--",
            "욕실수":50,
            "현관타입":10,
            "주거총점":25.0,
            "지역구공급총점":0.0,
            "역세권":0,
            "30분내 이동가능 거점":0,
            "1시간내 이동가능 거점":10,
            "교통총점":2.0,
            "백화점":0,
            "아울렛몰":0,
            "대형마트":0,
            "은행":0,
            "병원":30,
            "종합병원":100,
            "공원":100,
            "혐오시설":0,
            "인프라총점":26.0,
            "초등학군":90.01,
            "중학군":42.24,
            "학군총점":51.794,
            "인구수":25.92,
            "인구증감":-0.33,
            "인구총점":18.045,
            "일자리":10.69,
            "소득수준":54.93,
            "일자리총점":23.962,
            "가치 총점":21.2691,
            "매매실거래년":"18000101",
            "매매실거래가":null,
            "전세실거래년":20200821.0,
            "전세실거래가":7800.0,
            "전세가율":null,
            "장기전세가율평균":75.17,
            "전세가율거품지수":null,
            "검색코드":126725,
            "세대수":77.0,
            "준공년월":"2014-08-09",
            "준공년차":9.0,
            "가까운역이름":"오산대",
            "가까운역거리":1448.07,
            "역세권여부":"비역세권",
            "30분이내주요거점역":0,
            "30분거점역이름":"[]",
            "1시간이내주요거점역":1,
            "1시간거점역이름":"['수원']",
            "3km이내백화점수":0,
            "5km이내아울렛몰수":0,
            "1km이내대형먀트수":0,
            "500m이내은행수":0,
            "500m이내병원수":7,
            "5km이내대형병원수":2,
            "500m이내공원수":4,
            "3km이내혐오시설수":0,
            "초등학교학업성취도":90.01,
            "중학교학업성취도":70.4,
            "용적률":529,
            "건폐율":62,
            "Y":37.158534,
            "X":127.053975,
            "rank":77.0,
            "area_info":"8평(28.26), 9평(32.33), 10평(36.2), 10평(36.21), 11평(39.61), 11평(39.62), 13평(43.54), 15평(51.55)",
            "last_sales":"1800-01-01,nan,8평(28.26)",
            "rank_history":[
                [
                    "202203",
                    77
                ],
                [
                    "202202",
                    9999
                ]
            ],
            "rank_gap":9999
        },
        {
            "index":152,
            "아파트명":"신동아1차",
            "투자타입":"일반",
            "전용면적(m2)":"60.32",
            "전용면적(평)":"18평",
            "법정동주소":"경기도 오산시 서동 125-2",
            "도로명주소":"경기도 오산시 초평로 35",
            "세대수":50,
            "입주년차":0,
            "용적률점수":"--",
            "건폐율점수":"--",
            "세대당주차수":0,
            "난방방식":30,
            "공급면적":"--",
            "전용률":"--",
            "욕실수":50,
            "현관타입":10,
            "주거총점":26.5,
            "지역구공급총점":0.0,
            "역세권":0,
            "30분내 이동가능 거점":0,
            "1시간내 이동가능 거점":10,
            "교통총점":2.0,
            "백화점":0,
            "아울렛몰":0,
            "대형마트":0,
            "은행":0,
            "병원":0,
            "종합병원":100,
            "공원":100,
            "혐오시설":0,
            "인프라총점":23.0,
            "초등학군":90.0,
            "중학군":41.22,
            "학군총점":50.976,
            "인구수":25.92,
            "인구증감":-0.33,
            "인구총점":18.045,
            "일자리":10.69,
            "소득수준":54.93,
            "일자리총점":23.962,
            "가치 총점":20.5464,
            "매매실거래년":20220207.0,
            "매매실거래가":19450.0,
            "전세실거래년":20210731.0,
            "전세실거래가":7000.0,
            "전세가율":50.72,
            "장기전세가율평균":75.17,
            "전세가율거품지수":24.45,
            "검색코드":8009,
            "세대수":498.0,
            "준공년월":"1995-08-26",
            "준공년차":28.0,
            "가까운역이름":"오산",
            "가까운역거리":2124.65,
            "역세권여부":"비역세권",
            "30분이내주요거점역":0,
            "30분거점역이름":"[]",
            "1시간이내주요거점역":1,
            "1시간거점역이름":"['수원']",
            "3km이내백화점수":0,
            "5km이내아울렛몰수":0,
            "1km이내대형먀트수":0,
            "500m이내은행수":0,
            "500m이내병원수":0,
            "5km이내대형병원수":2,
            "500m이내공원수":2,
            "3km이내혐오시설수":0,
            "초등학교학업성취도":90.0,
            "중학교학업성취도":68.7,
            "용적률":224,
            "건폐율":17,
            "Y":37.144519,
            "X":127.042878,
            "rank":78.0,
            "area_info":"18평(60.32), 23평(78.65), 33평(111.5)",
            "last_sales":"2022-02-07,19450.0,23평(78.65)",
            "rank_history":[
                [
                    "202203",
                    78
                ],
                [
                    "202202",
                    73
                ],
                [
                    "202201",
                    74
                ]
            ],
            "rank_gap":-5
        },
        {
            "index":52,
            "아파트명":"랜드마크1(도시형)",
            "투자타입":"일반",
            "전용면적(m2)":"19.83",
            "전용면적(평)":"5평",
            "법정동주소":"경기도 오산시 궐동 609-2",
            "도로명주소":"경기도 오산시 수목원로 326",
            "세대수":0,
            "입주년차":60,
            "용적률점수":"--",
            "건폐율점수":"--",
            "세대당주차수":0,
            "난방방식":30,
            "공급면적":"--",
            "전용률":"--",
            "욕실수":50,
            "현관타입":10,
            "주거총점":21.0,
            "지역구공급총점":0.0,
            "역세권":0,
            "30분내 이동가능 거점":0,
            "1시간내 이동가능 거점":10,
            "교통총점":2.0,
            "백화점":0,
            "아울렛몰":0,
            "대형마트":0,
            "은행":0,
            "병원":30,
            "종합병원":100,
            "공원":100,
            "혐오시설":0,
            "인프라총점":26.0,
            "초등학군":90.01,
            "중학군":42.24,
            "학군총점":51.794,
            "인구수":25.92,
            "인구증감":-0.33,
            "인구총점":18.045,
            "일자리":10.69,
            "소득수준":54.93,
            "일자리총점":23.962,
            "가치 총점":20.4691,
            "매매실거래년":20220113.0,
            "매매실거래가":4400.0,
            "전세실거래년":20210830.0,
            "전세실거래가":3500.0,
            "전세가율":79.55,
            "장기전세가율평균":75.17,
            "전세가율거품지수":-4.38,
            "검색코드":109705,
            "세대수":168.0,
            "준공년월":"2012-09-21",
            "준공년차":11.0,
            "가까운역이름":"오산대",
            "가까운역거리":1140.51,
            "역세권여부":"비역세권",
            "30분이내주요거점역":0,
            "30분거점역이름":"[]",
            "1시간이내주요거점역":1,
            "1시간거점역이름":"['수원']",
            "3km이내백화점수":0,
            "5km이내아울렛몰수":0,
            "1km이내대형먀트수":0,
            "500m이내은행수":0,
            "500m이내병원수":6,
            "5km이내대형병원수":2,
            "500m이내공원수":3,
            "3km이내혐오시설수":0,
            "초등학교학업성취도":90.01,
            "중학교학업성취도":70.4,
            "용적률":399,
            "건폐율":58,
            "Y":37.163045,
            "X":127.052924,
            "rank":79.0,
            "area_info":"5평(19.83), 5평(19.26), 7평(23.2), 9평(32.13)",
            "last_sales":"2022-01-13,4400.0,5평(19.83)",
            "rank_history":[
                [
                    "202203",
                    79
                ],
                [
                    "202202",
                    74
                ],
                [
                    "202201",
                    75
                ]
            ],
            "rank_gap":-5
        },
        {
            "index":22,
            "아파트명":"원영",
            "투자타입":"일반",
            "전용면적(m2)":"75.65",
            "전용면적(평)":"22평",
            "법정동주소":"경기도 오산시 갈곶동 211",
            "도로명주소":"경기도 오산시 오산로 38",
            "세대수":0,
            "입주년차":20,
            "용적률점수":"--",
            "건폐율점수":"--",
            "세대당주차수":0,
            "난방방식":30,
            "공급면적":"--",
            "전용률":"--",
            "욕실수":50,
            "현관타입":100,
            "주거총점":22.0,
            "지역구공급총점":0.0,
            "역세권":0,
            "30분내 이동가능 거점":0,
            "1시간내 이동가능 거점":10,
            "교통총점":2.0,
            "백화점":0,
            "아울렛몰":0,
            "대형마트":0,
            "은행":0,
            "병원":30,
            "종합병원":100,
            "공원":100,
            "혐오시설":-50,
            "인프라총점":25.0,
            "초등학군":89.97,
            "중학군":41.78,
            "학군총점":51.418,
            "인구수":25.92,
            "인구증감":-0.33,
            "인구총점":18.045,
            "일자리":10.69,
            "소득수준":54.93,
            "일자리총점":23.962,
            "가치 총점":20.3127,
            "매매실거래년":20210511.0,
            "매매실거래가":12000.0,
            "전세실거래년":20141009.0,
            "전세실거래가":8300.0,
            "전세가율":88.3,
            "장기전세가율평균":75.17,
            "전세가율거품지수":-13.13,
            "검색코드":14936,
            "세대수":99.0,
            "준공년월":"1999-04-09",
            "준공년차":24.0,
            "가까운역이름":"오산",
            "가까운역거리":1688.54,
            "역세권여부":"비역세권",
            "30분이내주요거점역":0,
            "30분거점역이름":"[]",
            "1시간이내주요거점역":1,
            "1시간거점역이름":"['수원']",
            "3km이내백화점수":0,
            "5km이내아울렛몰수":0,
            "1km이내대형먀트수":0,
            "500m이내은행수":0,
            "500m이내병원수":7,
            "5km이내대형병원수":2,
            "500m이내공원수":4,
            "3km이내혐오시설수":1,
            "초등학교학업성취도":89.97,
            "중학교학업성취도":69.1,
            "용적률":226,
            "건폐율":28,
            "Y":37.130384,
            "X":127.06822,
            "rank":80.0,
            "area_info":"22평(75.65), 23평(76.37), 24평(81.91), 30평(101.07)",
            "last_sales":"2021-05-11,12000.0,30평(101.07)",
            "rank_history":[
                [
                    "202203",
                    80
                ],
                [
                    "202202",
                    9999
                ]
            ],
            "rank_gap":9999
        },
        {
            "index":51,
            "아파트명":"궐동대우3차",
            "투자타입":"일반",
            "전용면적(m2)":"81.73",
            "전용면적(평)":"24평",
            "법정동주소":"경기도 오산시 궐동 28-3",
            "도로명주소":"경기도 오산시 오산로360번길 9",
            "세대수":0,
            "입주년차":0,
            "용적률점수":"--",
            "건폐율점수":"--",
            "세대당주차수":0,
            "난방방식":30,
            "공급면적":"--",
            "전용률":"--",
            "욕실수":50,
            "현관타입":100,
            "주거총점":18.0,
            "지역구공급총점":0.0,
            "역세권":0,
            "30분내 이동가능 거점":0,
            "1시간내 이동가능 거점":20,
            "교통총점":4.0,
            "백화점":0,
            "아울렛몰":0,
            "대형마트":0,
            "은행":0,
            "병원":10,
            "종합병원":100,
            "공원":100,
            "혐오시설":0,
            "인프라총점":24.0,
            "초등학군":90.02,
            "중학군":41.22,
            "학군총점":50.98,
            "인구수":25.92,
            "인구증감":-0.33,
            "인구총점":18.045,
            "일자리":10.69,
            "소득수준":54.93,
            "일자리총점":23.962,
            "가치 총점":19.847,
            "매매실거래년":20220119.0,
            "매매실거래가":25200.0,
            "전세실거래년":20211130.0,
            "전세실거래가":15000.0,
            "전세가율":59.52,
            "장기전세가율평균":75.17,
            "전세가율거품지수":15.65,
            "검색코드":8005,
            "세대수":296.0,
            "준공년월":"1997-10-14",
            "준공년차":26.0,
            "가까운역이름":"오산대",
            "가까운역거리":1140.99,
            "역세권여부":"비역세권",
            "30분이내주요거점역":0,
            "30분거점역이름":"[]",
            "1시간이내주요거점역":2,
            "1시간거점역이름":"['수원시청', '수원']",
            "3km이내백화점수":0,
            "5km이내아울렛몰수":0,
            "1km이내대형먀트수":0,
            "500m이내은행수":0,
            "500m이내병원수":2,
            "5km이내대형병원수":2,
            "500m이내공원수":2,
            "3km이내혐오시설수":0,
            "초등학교학업성취도":90.02,
            "중학교학업성취도":68.7,
            "용적률":263,
            "건폐율":24,
            "Y":37.159617,
            "X":127.067152,
            "rank":81.0,
            "area_info":"24평(81.73)",
            "last_sales":"2022-01-19,25200.0,24평(81.73)",
            "rank_history":[
                [
                    "202203",
                    81
                ],
                [
                    "202202",
                    75
                ],
                [
                    "202201",
                    70
                ]
            ],
            "rank_gap":-6
        },
        {
            "index":382,
            "아파트명":"현대2차",
            "투자타입":"일반",
            "전용면적(m2)":"77.22",
            "전용면적(평)":"23평",
            "법정동주소":"경기도 오산시 은계동 91-1",
            "도로명주소":"경기도 오산시 현충로72번길 41",
            "세대수":0,
            "입주년차":0,
            "용적률점수":"--",
            "건폐율점수":"--",
            "세대당주차수":0,
            "난방방식":30,
            "공급면적":"--",
            "전용률":"--",
            "욕실수":50,
            "현관타입":100,
            "주거총점":18.0,
            "지역구공급총점":0.0,
            "역세권":0,
            "30분내 이동가능 거점":0,
            "1시간내 이동가능 거점":10,
            "교통총점":2.0,
            "백화점":0,
            "아울렛몰":0,
            "대형마트":0,
            "은행":0,
            "병원":0,
            "종합병원":100,
            "공원":80,
            "혐오시설":0,
            "인프라총점":22.4,
            "초등학군":90.02,
            "중학군":47.7,
            "학군총점":56.164,
            "인구수":25.92,
            "인구증감":-0.33,
            "인구총점":18.045,
            "일자리":10.69,
            "소득수준":54.93,
            "일자리총점":23.962,
            "가치 총점":19.4446,
            "매매실거래년":20211207.0,
            "매매실거래가":26500.0,
            "전세실거래년":20211011.0,
            "전세실거래가":12000.0,
            "전세가율":67.8,
            "장기전세가율평균":75.17,
            "전세가율거품지수":7.37,
            "검색코드":8026,
            "세대수":164.0,
            "준공년월":"1996-08-01",
            "준공년차":27.0,
            "가까운역이름":"오산대",
            "가까운역거리":1373.2,
            "역세권여부":"비역세권",
            "30분이내주요거점역":0,
            "30분거점역이름":"[]",
            "1시간이내주요거점역":1,
            "1시간거점역이름":"['수원']",
            "3km이내백화점수":0,
            "5km이내아울렛몰수":0,
            "1km이내대형먀트수":0,
            "500m이내은행수":0,
            "500m이내병원수":1,
            "5km이내대형병원수":2,
            "500m이내공원수":1,
            "3km이내혐오시설수":0,
            "초등학교학업성취도":90.02,
            "중학교학업성취도":79.3,
            "용적률":394,
            "건폐율":26,
            "Y":37.15926,
            "X":127.07201,
            "rank":82.0,
            "area_info":"23평(77.22), 23평(77.2), 29평(97.08), 31평(104.7)",
            "last_sales":"2021-12-07,26500.0,29평(97.08)",
            "rank_history":[
                [
                    "202203",
                    82
                ],
                [
                    "202202",
                    76
                ],
                [
                    "202201",
                    71
                ]
            ],
            "rank_gap":-6
        },
        {
            "index":379,
            "아파트명":"현대1차",
            "투자타입":"재건축",
            "전용면적(m2)":"70.92",
            "전용면적(평)":"21평",
            "법정동주소":"경기도 오산시 은계동 29",
            "도로명주소":"경기도 오산시 은여울로 83",
            "세대수":0,
            "입주년차":"--",
            "용적률점수":0,
            "건폐율점수":0,
            "세대당주차수":"--",
            "난방방식":"--",
            "공급면적":50,
            "전용률":60,
            "욕실수":"--",
            "현관타입":"--",
            "주거총점":5.5,
            "지역구공급총점":0.0,
            "역세권":0,
            "30분내 이동가능 거점":0,
            "1시간내 이동가능 거점":10,
            "교통총점":2.0,
            "백화점":0,
            "아울렛몰":0,
            "대형마트":0,
            "은행":0,
            "병원":0,
            "종합병원":100,
            "공원":100,
            "혐오시설":0,
            "인프라총점":23.0,
            "초등학군":90.02,
            "중학군":47.7,
            "학군총점":56.164,
            "인구수":25.92,
            "인구증감":-0.33,
            "인구총점":18.045,
            "일자리":10.69,
            "소득수준":54.93,
            "일자리총점":23.962,
            "가치 총점":17.1246,
            "매매실거래년":20210929.0,
            "매매실거래가":14900.0,
            "전세실거래년":20211115.0,
            "전세실거래가":15000.0,
            "전세가율":100.67,
            "장기전세가율평균":75.17,
            "전세가율거품지수":-25.5,
            "검색코드":105089,
            "세대수":60.0,
            "준공년월":"1990-07-23",
            "준공년차":33.0,
            "가까운역이름":"오산대",
            "가까운역거리":1374.64,
            "역세권여부":"비역세권",
            "30분이내주요거점역":0,
            "30분거점역이름":"[]",
            "1시간이내주요거점역":1,
            "1시간거점역이름":"['수원']",
            "3km이내백화점수":0,
            "5km이내아울렛몰수":0,
            "1km이내대형먀트수":0,
            "500m이내은행수":0,
            "500m이내병원수":0,
            "5km이내대형병원수":2,
            "500m이내공원수":3,
            "3km이내혐오시설수":0,
            "초등학교학업성취도":90.02,
            "중학교학업성취도":79.3,
            "용적률":0,
            "건폐율":0,
            "Y":37.161163,
            "X":127.074699,
            "rank":83.0,
            "area_info":"21평(70.92), 21평(70.2), 29평(98.02)",
            "last_sales":"2021-09-29,14900.0,21평(70.92)",
            "rank_history":[
                [
                    "202203",
                    83
                ],
                [
                    "202202",
                    9999
                ]
            ],
            "rank_gap":9999
        },
        {
            "index":390,
            "아파트명":"LG",
            "투자타입":"재건축",
            "전용면적(m2)":"62.9",
            "전용면적(평)":"19평",
            "법정동주소":"경기도 오산시 청호동 37-3",
            "도로명주소":"경기도 오산시 남부대로 464-51",
            "세대수":0,
            "입주년차":"--",
            "용적률점수":0,
            "건폐율점수":0,
            "세대당주차수":"--",
            "난방방식":"--",
            "공급면적":50,
            "전용률":60,
            "욕실수":"--",
            "현관타입":"--",
            "주거총점":5.5,
            "지역구공급총점":0.0,
            "역세권":0,
            "30분내 이동가능 거점":0,
            "1시간내 이동가능 거점":10,
            "교통총점":2.0,
            "백화점":0,
            "아울렛몰":0,
            "대형마트":0,
            "은행":0,
            "병원":10,
            "종합병원":100,
            "공원":100,
            "혐오시설":0,
            "인프라총점":24.0,
            "초등학군":89.98,
            "중학군":41.72,
            "학군총점":51.372,
            "인구수":25.92,
            "인구증감":-0.33,
            "인구총점":18.045,
            "일자리":10.69,
            "소득수준":54.93,
            "일자리총점":23.962,
            "가치 총점":16.7058,
            "매매실거래년":20210926.0,
            "매매실거래가":21700.0,
            "전세실거래년":20211023.0,
            "전세실거래가":8000.0,
            "전세가율":36.87,
            "장기전세가율평균":75.17,
            "전세가율거품지수":38.3,
            "검색코드":10404,
            "세대수":160.0,
            "준공년월":"1992-04-16",
            "준공년차":31.0,
            "가까운역이름":"오산",
            "가까운역거리":2067.26,
            "역세권여부":"비역세권",
            "30분이내주요거점역":0,
            "30분거점역이름":"[]",
            "1시간이내주요거점역":1,
            "1시간거점역이름":"['수원']",
            "3km이내백화점수":0,
            "5km이내아울렛몰수":0,
            "1km이내대형먀트수":0,
            "500m이내은행수":0,
            "500m이내병원수":3,
            "5km이내대형병원수":2,
            "500m이내공원수":4,
            "3km이내혐오시설수":0,
            "초등학교학업성취도":89.98,
            "중학교학업성취도":69.2,
            "용적률":0,
            "건폐율":0,
            "Y":37.132167,
            "X":127.083032,
            "rank":84.0,
            "area_info":"19평(62.9)",
            "last_sales":"2021-09-26,21700.0,19평(62.9)",
            "rank_history":[
                [
                    "202203",
                    84
                ],
                [
                    "202202",
                    77
                ],
                [
                    "202201",
                    76
                ]
            ],
            "rank_gap":-7
        },
        {
            "index":398,
            "아파트명":"탑리",
            "투자타입":"재건축",
            "전용면적(m2)":"44.46",
            "전용면적(평)":"13평",
            "법정동주소":"경기도 오산시 탑동 201-1",
            "도로명주소":"경기도 오산시 황새로 29-38",
            "세대수":0,
            "입주년차":"--",
            "용적률점수":0,
            "건폐율점수":0,
            "세대당주차수":"--",
            "난방방식":"--",
            "공급면적":50,
            "전용률":80,
            "욕실수":"--",
            "현관타입":"--",
            "주거총점":6.5,
            "지역구공급총점":0.0,
            "역세권":0,
            "30분내 이동가능 거점":0,
            "1시간내 이동가능 거점":10,
            "교통총점":2.0,
            "백화점":0,
            "아울렛몰":0,
            "대형마트":0,
            "은행":0,
            "병원":0,
            "종합병원":100,
            "공원":80,
            "혐오시설":-50,
            "인프라총점":21.4,
            "초등학군":89.99,
            "중학군":41.78,
            "학군총점":51.422,
            "인구수":25.92,
            "인구증감":-0.33,
            "인구총점":18.045,
            "일자리":10.69,
            "소득수준":54.93,
            "일자리총점":23.962,
            "가치 총점":16.1333,
            "매매실거래년":"18000101",
            "매매실거래가":null,
            "전세실거래년":null,
            "전세실거래가":null,
            "전세가율":null,
            "장기전세가율평균":75.17,
            "전세가율거품지수":null,
            "검색코드":103800,
            "세대수":176.0,
            "준공년월":"1987-03-17",
            "준공년차":36.0,
            "가까운역이름":"오산",
            "가까운역거리":2066.29,
            "역세권여부":"비역세권",
            "30분이내주요거점역":0,
            "30분거점역이름":"[]",
            "1시간이내주요거점역":1,
            "1시간거점역이름":"['수원']",
            "3km이내백화점수":0,
            "5km이내아울렛몰수":0,
            "1km이내대형먀트수":0,
            "500m이내은행수":0,
            "500m이내병원수":0,
            "5km이내대형병원수":2,
            "500m이내공원수":1,
            "3km이내혐오시설수":1,
            "초등학교학업성취도":89.99,
            "중학교학업성취도":69.1,
            "용적률":0,
            "건폐율":0,
            "Y":37.133298,
            "X":127.049265,
            "rank":85.0,
            "area_info":"13평(44.46), 15평(50.04), 18평(59.94)",
            "last_sales":"1800-01-01,nan,13평(44.46)",
            "rank_history":[
                [
                    "202203",
                    85
                ],
                [
                    "202202",
                    78
                ],
                [
                    "202201",
                    77
                ]
            ],
            "rank_gap":-7
        }
    ]
}