{
    "schema":{
        "fields":[
            {
                "name":"index",
                "type":"integer"
            },
            {
                "name":"아파트명",
                "type":"string"
            },
            {
                "name":"투자타입",
                "type":"string"
            },
            {
                "name":"전용면적(m2)",
                "type":"string"
            },
            {
                "name":"전용면적(평)",
                "type":"string"
            },
            {
                "name":"법정동주소",
                "type":"string"
            },
            {
                "name":"도로명주소",
                "type":"string"
            },
            {
                "name":"세대수",
                "type":"integer"
            },
            {
                "name":"입주년차",
                "type":"string"
            },
            {
                "name":"용적률점수",
                "type":"string"
            },
            {
                "name":"건폐율점수",
                "type":"string"
            },
            {
                "name":"세대당주차수",
                "type":"string"
            },
            {
                "name":"난방방식",
                "type":"string"
            },
            {
                "name":"공급면적",
                "type":"string"
            },
            {
                "name":"전용률",
                "type":"string"
            },
            {
                "name":"욕실수",
                "type":"string"
            },
            {
                "name":"현관타입",
                "type":"string"
            },
            {
                "name":"주거총점",
                "type":"number"
            },
            {
                "name":"지역구공급총점",
                "type":"number"
            },
            {
                "name":"역세권",
                "type":"integer"
            },
            {
                "name":"30분내 이동가능 거점",
                "type":"integer"
            },
            {
                "name":"1시간내 이동가능 거점",
                "type":"integer"
            },
            {
                "name":"교통총점",
                "type":"number"
            },
            {
                "name":"백화점",
                "type":"integer"
            },
            {
                "name":"아울렛몰",
                "type":"integer"
            },
            {
                "name":"대형마트",
                "type":"integer"
            },
            {
                "name":"은행",
                "type":"integer"
            },
            {
                "name":"병원",
                "type":"integer"
            },
            {
                "name":"종합병원",
                "type":"integer"
            },
            {
                "name":"공원",
                "type":"integer"
            },
            {
                "name":"혐오시설",
                "type":"integer"
            },
            {
                "name":"인프라총점",
                "type":"number"
            },
            {
                "name":"초등학군",
                "type":"number"
            },
            {
                "name":"중학군",
                "type":"number"
            },
            {
                "name":"학군총점",
                "type":"number"
            },
            {
                "name":"인구수",
                "type":"number"
            },
            {
                "name":"인구증감",
                "type":"number"
            },
            {
                "name":"인구총점",
                "type":"number"
            },
            {
                "name":"일자리",
                "type":"number"
            },
            {
                "name":"소득수준",
                "type":"number"
            },
            {
                "name":"일자리총점",
                "type":"number"
            },
            {
                "name":"가치 총점",
                "type":"number"
            },
            {
                "name":"매매실거래년",
                "type":"string"
            },
            {
                "name":"매매실거래가",
                "type":"number"
            },
            {
                "name":"전세실거래년",
                "type":"number"
            },
            {
                "name":"전세실거래가",
                "type":"number"
            },
            {
                "name":"전세가율",
                "type":"number"
            },
            {
                "name":"장기전세가율평균",
                "type":"number"
            },
            {
                "name":"전세가율거품지수",
                "type":"number"
            },
            {
                "name":"검색코드",
                "type":"integer"
            },
            {
                "name":"세대수",
                "type":"number"
            },
            {
                "name":"준공년월",
                "type":"string"
            },
            {
                "name":"준공년차",
                "type":"number"
            },
            {
                "name":"가까운역이름",
                "type":"string"
            },
            {
                "name":"가까운역거리",
                "type":"number"
            },
            {
                "name":"역세권여부",
                "type":"string"
            },
            {
                "name":"30분이내주요거점역",
                "type":"integer"
            },
            {
                "name":"30분거점역이름",
                "type":"string"
            },
            {
                "name":"1시간이내주요거점역",
                "type":"integer"
            },
            {
                "name":"1시간거점역이름",
                "type":"string"
            },
            {
                "name":"3km이내백화점수",
                "type":"integer"
            },
            {
                "name":"5km이내아울렛몰수",
                "type":"integer"
            },
            {
                "name":"1km이내대형먀트수",
                "type":"integer"
            },
            {
                "name":"500m이내은행수",
                "type":"integer"
            },
            {
                "name":"500m이내병원수",
                "type":"integer"
            },
            {
                "name":"5km이내대형병원수",
                "type":"integer"
            },
            {
                "name":"500m이내공원수",
                "type":"integer"
            },
            {
                "name":"3km이내혐오시설수",
                "type":"integer"
            },
            {
                "name":"초등학교학업성취도",
                "type":"number"
            },
            {
                "name":"중학교학업성취도",
                "type":"number"
            },
            {
                "name":"용적률",
                "type":"integer"
            },
            {
                "name":"건폐율",
                "type":"integer"
            },
            {
                "name":"Y",
                "type":"number"
            },
            {
                "name":"X",
                "type":"number"
            },
            {
                "name":"rank",
                "type":"number"
            },
            {
                "name":"area_info",
                "type":"string"
            },
            {
                "name":"last_sales",
                "type":"string"
            },
            {
                "name":"rank_history",
                "type":"string"
            },
            {
                "name":"rank_gap",
                "type":"integer"
            }
        ],
        "primaryKey":[
            "index"
        ],
        "pandas_version":"1.4.0"
    },
    "data":[
        {
            "index":417,
            "아파트명":"삼성",
            "투자타입":"재건축",
            "전용면적(m2)":"67.79",
            "전용면적(평)":"20평",
            "법정동주소":"경기도 군포시 산본동 1028",
            "도로명주소":"경기도 군포시 산본천로214번길 32",
            "세대수":30,
            "입주년차":"--",
            "용적률점수":100,
            "건폐율점수":80,
            "세대당주차수":"--",
            "난방방식":"--",
            "공급면적":50,
            "전용률":80,
            "욕실수":"--",
            "현관타입":"--",
            "주거총점":71.5,
            "지역구공급총점":100.0,
            "역세권":80,
            "30분내 이동가능 거점":40,
            "1시간내 이동가능 거점":50,
            "교통총점":62.0,
            "백화점":100,
            "아울렛몰":80,
            "대형마트":80,
            "은행":0,
            "병원":80,
            "종합병원":100,
            "공원":100,
            "혐오시설":0,
            "인프라총점":81.0,
            "초등학군":89.99,
            "중학군":48.8,
            "학군총점":57.038,
            "인구수":30.45,
            "인구증감":-12.79,
            "인구총점":17.478,
            "일자리":12.28,
            "소득수준":58.69,
            "일자리총점":26.203,
            "가치 총점":68.8557,
            "매매실거래년":20210725.0,
            "매매실거래가":70000.0,
            "전세실거래년":20220212.0,
            "전세실거래가":17850.0,
            "전세가율":25.5,
            "장기전세가율평균":75.23,
            "전세가율거품지수":49.73,
            "검색코드":2629,
            "세대수":370.0,
            "준공년월":"1987-11-09",
            "준공년차":36.0,
            "가까운역이름":"금정",
            "가까운역거리":319.81,
            "역세권여부":"역세권",
            "30분이내주요거점역":2,
            "30분거점역이름":"['가산디지털단지', '수원']",
            "1시간이내주요거점역":5,
            "1시간거점역이름":"['양재', '평촌', '가산디지털단지', '수원', '구로디지털단지']",
            "3km이내백화점수":1,
            "5km이내아울렛몰수":1,
            "1km이내대형먀트수":1,
            "500m이내은행수":1,
            "500m이내병원수":31,
            "5km이내대형병원수":5,
            "500m이내공원수":8,
            "3km이내혐오시설수":0,
            "초등학교학업성취도":89.99,
            "중학교학업성취도":79.6,
            "용적률":116,
            "건폐율":24,
            "Y":37.369574,
            "X":126.942267,
            "rank":1.0,
            "area_info":"20평(67.79), 20평(68.07), 25평(84.65)",
            "last_sales":"2021-07-25,70000.0,20평(67.79)",
            "rank_history":[
                [
                    "202203",
                    1
                ],
                [
                    "202202",
                    1
                ],
                [
                    "202201",
                    1
                ]
            ],
            "rank_gap":0
        },
        {
            "index":375,
            "아파트명":"래미안하이어스",
            "투자타입":"일반",
            "전용면적(m2)":"84.9",
            "전용면적(평)":"25평",
            "법정동주소":"경기도 군포시 산본동 1240",
            "도로명주소":"경기도 군포시 금산로 91",
            "세대수":100,
            "입주년차":60,
            "용적률점수":"--",
            "건폐율점수":"--",
            "세대당주차수":60,
            "난방방식":100,
            "공급면적":"--",
            "전용률":"--",
            "욕실수":100,
            "현관타입":100,
            "주거총점":86.0,
            "지역구공급총점":100.0,
            "역세권":50,
            "30분내 이동가능 거점":0,
            "1시간내 이동가능 거점":50,
            "교통총점":35.0,
            "백화점":100,
            "아울렛몰":80,
            "대형마트":100,
            "은행":20,
            "병원":80,
            "종합병원":100,
            "공원":100,
            "혐오시설":0,
            "인프라총점":86.0,
            "초등학군":89.99,
            "중학군":48.8,
            "학군총점":57.038,
            "인구수":30.45,
            "인구증감":-12.79,
            "인구총점":17.478,
            "일자리":12.28,
            "소득수준":58.69,
            "일자리총점":26.203,
            "가치 총점":63.8057,
            "매매실거래년":20210831.0,
            "매매실거래가":157000.0,
            "전세실거래년":null,
            "전세실거래가":null,
            "전세가율":null,
            "장기전세가율평균":75.23,
            "전세가율거품지수":null,
            "검색코드":101283,
            "세대수":2644.0,
            "준공년월":"2010-09-20",
            "준공년차":13.0,
            "가까운역이름":"금정",
            "가까운역거리":778.51,
            "역세권여부":"준역세권",
            "30분이내주요거점역":0,
            "30분거점역이름":"[]",
            "1시간이내주요거점역":5,
            "1시간거점역이름":"['양재', '평촌', '가산디지털단지', '수원', '안산']",
            "3km이내백화점수":1,
            "5km이내아울렛몰수":1,
            "1km이내대형먀트수":2,
            "500m이내은행수":2,
            "500m이내병원수":49,
            "5km이내대형병원수":5,
            "500m이내공원수":11,
            "3km이내혐오시설수":0,
            "초등학교학업성취도":89.99,
            "중학교학업성취도":79.6,
            "용적률":269,
            "건폐율":15,
            "Y":37.368284,
            "X":126.936087,
            "rank":2.0,
            "area_info":"25평(84.9), 26평(87.65), 34평(112.87), 34평(113.34), 34평(114.74), 43평(142.5), 43평(143.01), 48평(159.2), 54평(180.83), 54평(180.69), 64평(212.54)",
            "last_sales":"2021-08-31,157000.0,64평(212.54)",
            "rank_history":[
                [
                    "202203",
                    2
                ],
                [
                    "202202",
                    2
                ],
                [
                    "202201",
                    2
                ]
            ],
            "rank_gap":0
        },
        {
            "index":399,
            "아파트명":"산본개성하이뷰",
            "투자타입":"일반",
            "전용면적(m2)":"103.14",
            "전용면적(평)":"31평",
            "법정동주소":"경기도 군포시 산본동 82",
            "도로명주소":"경기도 군포시 산본천로199번길 46",
            "세대수":0,
            "입주년차":80,
            "용적률점수":"--",
            "건폐율점수":"--",
            "세대당주차수":30,
            "난방방식":30,
            "공급면적":"--",
            "전용률":"--",
            "욕실수":100,
            "현관타입":100,
            "주거총점":43.5,
            "지역구공급총점":100.0,
            "역세권":80,
            "30분내 이동가능 거점":40,
            "1시간내 이동가능 거점":50,
            "교통총점":62.0,
            "백화점":100,
            "아울렛몰":80,
            "대형마트":0,
            "은행":70,
            "병원":80,
            "종합병원":100,
            "공원":100,
            "혐오시설":0,
            "인프라총점":76.0,
            "초등학군":89.94,
            "중학군":48.8,
            "학군총점":57.028,
            "인구수":30.45,
            "인구증감":-12.79,
            "인구총점":17.478,
            "일자리":12.28,
            "소득수준":58.69,
            "일자리총점":26.203,
            "가치 총점":61.7542,
            "매매실거래년":20191225.0,
            "매매실거래가":38000.0,
            "전세실거래년":20200415.0,
            "전세실거래가":26000.0,
            "전세가율":79.51,
            "장기전세가율평균":75.23,
            "전세가율거품지수":-4.28,
            "검색코드":115874,
            "세대수":53.0,
            "준공년월":"2015-02-04",
            "준공년차":8.0,
            "가까운역이름":"금정",
            "가까운역거리":439.62,
            "역세권여부":"역세권",
            "30분이내주요거점역":2,
            "30분거점역이름":"['가산디지털단지', '수원']",
            "1시간이내주요거점역":5,
            "1시간거점역이름":"['여의도', '양재', '평촌', '가산디지털단지', '수원']",
            "3km이내백화점수":1,
            "5km이내아울렛몰수":1,
            "1km이내대형먀트수":0,
            "500m이내은행수":3,
            "500m이내병원수":59,
            "5km이내대형병원수":5,
            "500m이내공원수":7,
            "3km이내혐오시설수":0,
            "초등학교학업성취도":89.94,
            "중학교학업성취도":79.6,
            "용적률":229,
            "건폐율":30,
            "Y":37.372182,
            "X":126.938299,
            "rank":3.0,
            "area_info":"31평(103.14), 32평(107.82), 33평(112.12), 38평(126.51), 38평(128.28), 39평(131.11)",
            "last_sales":"2019-12-25,38000.0,39평(131.11)",
            "rank_history":[
                [
                    "202203",
                    3
                ],
                [
                    "202202",
                    9999
                ]
            ],
            "rank_gap":9999
        },
        {
            "index":60,
            "아파트명":"주공2-1단지",
            "투자타입":"일반",
            "전용면적(m2)":"50.86",
            "전용면적(평)":"15평",
            "법정동주소":"경기도 군포시 금정동 872",
            "도로명주소":"경기도 군포시 산본로 299",
            "세대수":100,
            "입주년차":0,
            "용적률점수":"--",
            "건폐율점수":"--",
            "세대당주차수":0,
            "난방방식":100,
            "공급면적":"--",
            "전용률":"--",
            "욕실수":50,
            "현관타입":10,
            "주거총점":51.0,
            "지역구공급총점":100.0,
            "역세권":80,
            "30분내 이동가능 거점":20,
            "1시간내 이동가능 거점":30,
            "교통총점":52.0,
            "백화점":0,
            "아울렛몰":80,
            "대형마트":100,
            "은행":100,
            "병원":100,
            "종합병원":100,
            "공원":100,
            "혐오시설":0,
            "인프라총점":66.0,
            "초등학군":90.01,
            "중학군":42.9,
            "학군총점":52.322,
            "인구수":30.45,
            "인구증감":-12.79,
            "인구총점":17.478,
            "일자리":12.28,
            "소득수준":58.69,
            "일자리총점":26.203,
            "가치 총점":56.0483,
            "매매실거래년":20220112.0,
            "매매실거래가":42700.0,
            "전세실거래년":20220215.0,
            "전세실거래가":15400.0,
            "전세가율":44.64,
            "장기전세가율평균":75.23,
            "전세가율거품지수":30.59,
            "검색코드":3865,
            "세대수":2489.0,
            "준공년월":"1993-06-02",
            "준공년차":30.0,
            "가까운역이름":"산본",
            "가까운역거리":226.79,
            "역세권여부":"역세권",
            "30분이내주요거점역":1,
            "30분거점역이름":"['안산']",
            "1시간이내주요거점역":3,
            "1시간거점역이름":"['평촌', '가산디지털단지', '안산']",
            "3km이내백화점수":0,
            "5km이내아울렛몰수":1,
            "1km이내대형먀트수":2,
            "500m이내은행수":5,
            "500m이내병원수":71,
            "5km이내대형병원수":5,
            "500m이내공원수":4,
            "3km이내혐오시설수":0,
            "초등학교학업성취도":90.01,
            "중학교학업성취도":71.5,
            "용적률":228,
            "건폐율":16,
            "Y":37.356419,
            "X":126.934637,
            "rank":4.0,
            "area_info":"15평(50.86), 15평(51.9), 17평(58.87), 17평(59.11), 17평(59.2), 18평(59.99), 18평(60.15), 18평(60.27), 18평(62.36), 21평(72.66), 22평(74.39)",
            "last_sales":"2022-01-12,42700.0,18평(62.36)",
            "rank_history":[
                [
                    "202203",
                    4
                ],
                [
                    "202202",
                    3
                ],
                [
                    "202201",
                    6
                ]
            ],
            "rank_gap":-1
        },
        {
            "index":49,
            "아파트명":"주공1단지",
            "투자타입":"재건축",
            "전용면적(m2)":"58.0",
            "전용면적(평)":"17평",
            "법정동주소":"경기도 군포시 금정동 849",
            "도로명주소":"경기도 군포시 산본로 296",
            "세대수":90,
            "입주년차":"--",
            "용적률점수":20,
            "건폐율점수":100,
            "세대당주차수":"--",
            "난방방식":"--",
            "공급면적":50,
            "전용률":60,
            "욕실수":"--",
            "현관타입":"--",
            "주거총점":60.5,
            "지역구공급총점":100.0,
            "역세권":80,
            "30분내 이동가능 거점":0,
            "1시간내 이동가능 거점":40,
            "교통총점":48.0,
            "백화점":0,
            "아울렛몰":80,
            "대형마트":100,
            "은행":100,
            "병원":80,
            "종합병원":100,
            "공원":100,
            "혐오시설":0,
            "인프라총점":64.0,
            "초등학군":90.0,
            "중학군":42.9,
            "학군총점":52.32,
            "인구수":30.45,
            "인구증감":-12.79,
            "인구총점":17.478,
            "일자리":12.28,
            "소득수준":58.69,
            "일자리총점":26.203,
            "가치 총점":55.948,
            "매매실거래년":20220107.0,
            "매매실거래가":66000.0,
            "전세실거래년":20220217.0,
            "전세실거래가":21000.0,
            "전세가율":50.0,
            "장기전세가율평균":75.23,
            "전세가율거품지수":25.23,
            "검색코드":2890,
            "세대수":1329.0,
            "준공년월":"1992-04-15",
            "준공년차":31.0,
            "가까운역이름":"산본",
            "가까운역거리":366.94,
            "역세권여부":"역세권",
            "30분이내주요거점역":0,
            "30분거점역이름":"[]",
            "1시간이내주요거점역":4,
            "1시간거점역이름":"['평촌', '가산디지털단지', '수원', '안산']",
            "3km이내백화점수":0,
            "5km이내아울렛몰수":1,
            "1km이내대형먀트수":2,
            "500m이내은행수":5,
            "500m이내병원수":41,
            "5km이내대형병원수":5,
            "500m이내공원수":5,
            "3km이내혐오시설수":0,
            "초등학교학업성취도":90.0,
            "중학교학업성취도":71.5,
            "용적률":212,
            "건폐율":16,
            "Y":37.358247,
            "X":126.937188,
            "rank":5.0,
            "area_info":"17평(58.0), 17평(59.13), 22평(72.87), 24평(81.28), 25평(83.11), 27평(92.27), 29평(98.71), 30평(100.1), 30평(101.11), 30평(102.1), 31평(103.13)",
            "last_sales":"2022-01-07,66000.0,30평(100.1)",
            "rank_history":[
                [
                    "202203",
                    5
                ],
                [
                    "202202",
                    5
                ],
                [
                    "202201",
                    5
                ]
            ],
            "rank_gap":0
        },
        {
            "index":334,
            "아파트명":"e편한세상금정역에코센트럴",
            "투자타입":"일반",
            "전용면적(m2)":"80.21",
            "전용면적(평)":"24평",
            "법정동주소":"경기도 군포시 산본동 310-2",
            "도로명주소":"경기도 군포시 금산로 47",
            "세대수":50,
            "입주년차":40,
            "용적률점수":"--",
            "건폐율점수":"--",
            "세대당주차수":30,
            "난방방식":30,
            "공급면적":"--",
            "전용률":"--",
            "욕실수":100,
            "현관타입":100,
            "주거총점":53.0,
            "지역구공급총점":100.0,
            "역세권":50,
            "30분내 이동가능 거점":0,
            "1시간내 이동가능 거점":40,
            "교통총점":33.0,
            "백화점":100,
            "아울렛몰":80,
            "대형마트":100,
            "은행":0,
            "병원":60,
            "종합병원":100,
            "공원":100,
            "혐오시설":0,
            "인프라총점":82.0,
            "초등학군":89.98,
            "중학군":53.8,
            "학군총점":61.036,
            "인구수":30.45,
            "인구증감":-12.79,
            "인구총점":17.478,
            "일자리":12.28,
            "소득수준":58.69,
            "일자리총점":26.203,
            "가치 총점":55.9054,
            "매매실거래년":20220127.0,
            "매매실거래가":72000.0,
            "전세실거래년":20220127.0,
            "전세실거래가":45000.0,
            "전세가율":62.5,
            "장기전세가율평균":75.23,
            "전세가율거품지수":12.73,
            "검색코드":18607,
            "세대수":677.0,
            "준공년월":"2007-06-11",
            "준공년차":16.0,
            "가까운역이름":"금정",
            "가까운역거리":846.78,
            "역세권여부":"준역세권",
            "30분이내주요거점역":0,
            "30분거점역이름":"[]",
            "1시간이내주요거점역":4,
            "1시간거점역이름":"['평촌', '가산디지털단지', '수원', '안산']",
            "3km이내백화점수":1,
            "5km이내아울렛몰수":1,
            "1km이내대형먀트수":2,
            "500m이내은행수":0,
            "500m이내병원수":21,
            "5km이내대형병원수":5,
            "500m이내공원수":11,
            "3km이내혐오시설수":0,
            "초등학교학업성취도":89.98,
            "중학교학업성취도":88.6,
            "용적률":279,
            "건폐율":16,
            "Y":37.366091,
            "X":126.937789,
            "rank":6.0,
            "area_info":"24평(80.21), 24평(80.52), 33평(109.72), 33평(109.9), 38평(127.13), 38평(127.13), 44평(147.64), 44평(148.17)",
            "last_sales":"2022-01-27,72000.0,24평(80.21)",
            "rank_history":[
                [
                    "202203",
                    6
                ],
                [
                    "202202",
                    6
                ],
                [
                    "202201",
                    9
                ]
            ],
            "rank_gap":0
        },
        {
            "index":397,
            "아파트명":"백합",
            "투자타입":"일반",
            "전용면적(m2)":"121.77",
            "전용면적(평)":"36평",
            "법정동주소":"경기도 군포시 산본동 1063",
            "도로명주소":"경기도 군포시 산본로386번길 61",
            "세대수":50,
            "입주년차":0,
            "용적률점수":"--",
            "건폐율점수":"--",
            "세대당주차수":0,
            "난방방식":100,
            "공급면적":"--",
            "전용률":"--",
            "욕실수":100,
            "현관타입":100,
            "주거총점":47.5,
            "지역구공급총점":100.0,
            "역세권":50,
            "30분내 이동가능 거점":0,
            "1시간내 이동가능 거점":40,
            "교통총점":33.0,
            "백화점":100,
            "아울렛몰":80,
            "대형마트":100,
            "은행":20,
            "병원":80,
            "종합병원":100,
            "공원":100,
            "혐오시설":0,
            "인프라총점":86.0,
            "초등학군":89.99,
            "중학군":48.8,
            "학군총점":57.038,
            "인구수":30.45,
            "인구증감":-12.79,
            "인구총점":17.478,
            "일자리":12.28,
            "소득수준":58.69,
            "일자리총점":26.203,
            "가치 총점":55.4057,
            "매매실거래년":20210906.0,
            "매매실거래가":88000.0,
            "전세실거래년":20220224.0,
            "전세실거래가":47000.0,
            "전세가율":53.41,
            "장기전세가율평균":75.23,
            "전세가율거품지수":21.82,
            "검색코드":2894,
            "세대수":536.0,
            "준공년월":"1993-06-26",
            "준공년차":30.0,
            "가까운역이름":"금정",
            "가까운역거리":926.46,
            "역세권여부":"준역세권",
            "30분이내주요거점역":0,
            "30분거점역이름":"[]",
            "1시간이내주요거점역":4,
            "1시간거점역이름":"['양재', '평촌', '가산디지털단지', '안산']",
            "3km이내백화점수":1,
            "5km이내아울렛몰수":1,
            "1km이내대형먀트수":2,
            "500m이내은행수":2,
            "500m이내병원수":51,
            "5km이내대형병원수":5,
            "500m이내공원수":9,
            "3km이내혐오시설수":0,
            "초등학교학업성취도":89.99,
            "중학교학업성취도":79.6,
            "용적률":219,
            "건폐율":15,
            "Y":37.369342,
            "X":126.933487,
            "rank":7.0,
            "area_info":"36평(121.77), 46평(154.14)",
            "last_sales":"2021-09-06,88000.0,36평(121.77)",
            "rank_history":[
                [
                    "202203",
                    7
                ],
                [
                    "202202",
                    4
                ],
                [
                    "202201",
                    4
                ]
            ],
            "rank_gap":-3
        },
        {
            "index":467,
            "아파트명":"한라주공4단지1차",
            "투자타입":"재건축",
            "전용면적(m2)":"57.27",
            "전용면적(평)":"17평",
            "법정동주소":"경기도 군포시 산본동 1156-1",
            "도로명주소":"경기도 군포시 번영로 380",
            "세대수":90,
            "입주년차":"--",
            "용적률점수":100,
            "건폐율점수":100,
            "세대당주차수":"--",
            "난방방식":"--",
            "공급면적":50,
            "전용률":60,
            "욕실수":"--",
            "현관타입":"--",
            "주거총점":92.5,
            "지역구공급총점":100.0,
            "역세권":80,
            "30분내 이동가능 거점":20,
            "1시간내 이동가능 거점":30,
            "교통총점":52.0,
            "백화점":0,
            "아울렛몰":80,
            "대형마트":0,
            "은행":0,
            "병원":10,
            "종합병원":100,
            "공원":100,
            "혐오시설":0,
            "인프라총점":32.0,
            "초등학군":89.95,
            "중학군":52.16,
            "학군총점":59.718,
            "인구수":30.45,
            "인구증감":-12.79,
            "인구총점":17.478,
            "일자리":12.28,
            "소득수준":58.69,
            "일자리총점":26.203,
            "가치 총점":55.2577,
            "매매실거래년":20220202.0,
            "매매실거래가":76300.0,
            "전세실거래년":null,
            "전세실거래가":null,
            "전세가율":null,
            "장기전세가율평균":75.23,
            "전세가율거품지수":null,
            "검색코드":13865,
            "세대수":1248.0,
            "준공년월":"1992-04-15",
            "준공년차":31.0,
            "가까운역이름":"수리산",
            "가까운역거리":217.02,
            "역세권여부":"역세권",
            "30분이내주요거점역":1,
            "30분거점역이름":"['안산']",
            "1시간이내주요거점역":3,
            "1시간거점역이름":"['평촌', '가산디지털단지', '안산']",
            "3km이내백화점수":0,
            "5km이내아울렛몰수":1,
            "1km이내대형먀트수":0,
            "500m이내은행수":0,
            "500m이내병원수":2,
            "5km이내대형병원수":4,
            "500m이내공원수":7,
            "3km이내혐오시설수":0,
            "초등학교학업성취도":89.95,
            "중학교학업성취도":85.4,
            "용적률":115,
            "건폐율":8,
            "Y":37.34932,
            "X":126.927529,
            "rank":8.0,
            "area_info":"17평(57.27), 18평(61.64), 21평(70.7), 23평(76.09), 26평(86.45), 26평(88.39)",
            "last_sales":"2022-02-02,76300.0,26평(88.39)",
            "rank_history":[
                [
                    "202203",
                    8
                ],
                [
                    "202202",
                    7
                ],
                [
                    "202201",
                    8
                ]
            ],
            "rank_gap":-1
        },
        {
            "index":422,
            "아파트명":"상남",
            "투자타입":"재건축",
            "전용면적(m2)":"50.16",
            "전용면적(평)":"15평",
            "법정동주소":"경기도 군포시 산본동 71-8",
            "도로명주소":"경기도 군포시 금산로110번길 35",
            "세대수":0,
            "입주년차":"--",
            "용적률점수":100,
            "건폐율점수":80,
            "세대당주차수":"--",
            "난방방식":"--",
            "공급면적":50,
            "전용률":60,
            "욕실수":"--",
            "현관타입":"--",
            "주거총점":61.5,
            "지역구공급총점":100.0,
            "역세권":50,
            "30분내 이동가능 거점":20,
            "1시간내 이동가능 거점":30,
            "교통총점":37.0,
            "백화점":100,
            "아울렛몰":80,
            "대형마트":0,
            "은행":20,
            "병원":80,
            "종합병원":100,
            "공원":100,
            "혐오시설":0,
            "인프라총점":71.0,
            "초등학군":89.93,
            "중학군":48.8,
            "학군총점":57.026,
            "인구수":30.45,
            "인구증감":-12.79,
            "인구총점":17.478,
            "일자리":12.28,
            "소득수준":58.69,
            "일자리총점":26.203,
            "가치 총점":55.1039,
            "매매실거래년":20210806.0,
            "매매실거래가":54900.0,
            "전세실거래년":20220214.0,
            "전세실거래가":14000.0,
            "전세가율":28.63,
            "장기전세가율평균":75.23,
            "전세가율거품지수":46.6,
            "검색코드":2899,
            "세대수":60.0,
            "준공년월":"1987-05-14",
            "준공년차":36.0,
            "가까운역이름":"금정",
            "가까운역거리":515.18,
            "역세권여부":"준역세권",
            "30분이내주요거점역":1,
            "30분거점역이름":"['수원']",
            "1시간이내주요거점역":3,
            "1시간거점역이름":"['평촌', '가산디지털단지', '수원']",
            "3km이내백화점수":1,
            "5km이내아울렛몰수":1,
            "1km이내대형먀트수":0,
            "500m이내은행수":2,
            "500m이내병원수":55,
            "5km이내대형병원수":5,
            "500m이내공원수":6,
            "3km이내혐오시설수":0,
            "초등학교학업성취도":89.93,
            "중학교학업성취도":79.6,
            "용적률":148,
            "건폐율":29,
            "Y":37.372937,
            "X":126.937489,
            "rank":9.0,
            "area_info":"15평(50.16), 15평(52.57), 18평(61.19), 19평(65.08)",
            "last_sales":"2021-08-06,54900.0,18평(61.19)",
            "rank_history":[
                [
                    "202203",
                    9
                ],
                [
                    "202202",
                    9999
                ]
            ],
            "rank_gap":9999
        },
        {
            "index":71,
            "아파트명":"주공2-2단지",
            "투자타입":"일반",
            "전용면적(m2)":"63.57",
            "전용면적(평)":"19평",
            "법정동주소":"경기도 군포시 금정동 873-2",
            "도로명주소":"경기도 군포시 산본로 299",
            "세대수":50,
            "입주년차":0,
            "용적률점수":"--",
            "건폐율점수":"--",
            "세대당주차수":0,
            "난방방식":100,
            "공급면적":"--",
            "전용률":"--",
            "욕실수":50,
            "현관타입":100,
            "주거총점":42.5,
            "지역구공급총점":100.0,
            "역세권":80,
            "30분내 이동가능 거점":20,
            "1시간내 이동가능 거점":40,
            "교통총점":54.0,
            "백화점":0,
            "아울렛몰":80,
            "대형마트":100,
            "은행":100,
            "병원":100,
            "종합병원":100,
            "공원":100,
            "혐오시설":0,
            "인프라총점":66.0,
            "초등학군":90.01,
            "중학군":42.9,
            "학군총점":52.322,
            "인구수":30.45,
            "인구증감":-12.79,
            "인구총점":17.478,
            "일자리":12.28,
            "소득수준":58.69,
            "일자리총점":26.203,
            "가치 총점":55.0483,
            "매매실거래년":20211031.0,
            "매매실거래가":44000.0,
            "전세실거래년":20220215.0,
            "전세실거래가":16000.0,
            "전세가율":36.36,
            "장기전세가율평균":75.23,
            "전세가율거품지수":38.87,
            "검색코드":129842,
            "세대수":476.0,
            "준공년월":"1993-06-02",
            "준공년차":30.0,
            "가까운역이름":"산본",
            "가까운역거리":101.74,
            "역세권여부":"역세권",
            "30분이내주요거점역":1,
            "30분거점역이름":"['안산']",
            "1시간이내주요거점역":4,
            "1시간거점역이름":"['평촌', '가산디지털단지', '수원', '안산']",
            "3km이내백화점수":0,
            "5km이내아울렛몰수":1,
            "1km이내대형먀트수":2,
            "500m이내은행수":6,
            "500m이내병원수":119,
            "5km이내대형병원수":5,
            "500m이내공원수":4,
            "3km이내혐오시설수":0,
            "초등학교학업성취도":90.01,
            "중학교학업성취도":71.5,
            "용적률":219,
            "건폐율":12,
            "Y":37.357282,
            "X":126.933728,
            "rank":10.0,
            "area_info":"19평(63.57), 23평(79.2)",
            "last_sales":"2021-10-31,44000.0,19평(63.57)",
            "rank_history":[
                [
                    "202203",
                    10
                ],
                [
                    "202202",
                    28
                ],
                [
                    "202201",
                    3
                ]
            ],
            "rank_gap":18
        },
        {
            "index":370,
            "아파트명":"동백우성",
            "투자타입":"일반",
            "전용면적(m2)":"127.14",
            "전용면적(평)":"38평",
            "법정동주소":"경기도 군포시 산본동 1059",
            "도로명주소":"경기도 군포시 고산로677번길 12",
            "세대수":50,
            "입주년차":0,
            "용적률점수":"--",
            "건폐율점수":"--",
            "세대당주차수":0,
            "난방방식":100,
            "공급면적":"--",
            "전용률":"--",
            "욕실수":100,
            "현관타입":100,
            "주거총점":47.5,
            "지역구공급총점":100.0,
            "역세권":50,
            "30분내 이동가능 거점":0,
            "1시간내 이동가능 거점":40,
            "교통총점":33.0,
            "백화점":100,
            "아울렛몰":80,
            "대형마트":80,
            "은행":20,
            "병원":80,
            "종합병원":100,
            "공원":100,
            "혐오시설":0,
            "인프라총점":83.0,
            "초등학군":89.93,
            "중학군":48.8,
            "학군총점":57.026,
            "인구수":30.45,
            "인구증감":-12.79,
            "인구총점":17.478,
            "일자리":12.28,
            "소득수준":58.69,
            "일자리총점":26.203,
            "가치 총점":54.5039,
            "매매실거래년":20211030.0,
            "매매실거래가":79000.0,
            "전세실거래년":20220119.0,
            "전세실거래가":38850.0,
            "전세가율":49.18,
            "장기전세가율평균":75.23,
            "전세가율거품지수":26.05,
            "검색코드":2483,
            "세대수":624.0,
            "준공년월":"1993-08-12",
            "준공년차":30.0,
            "가까운역이름":"금정",
            "가까운역거리":842.13,
            "역세권여부":"준역세권",
            "30분이내주요거점역":0,
            "30분거점역이름":"[]",
            "1시간이내주요거점역":4,
            "1시간거점역이름":"['평촌', '가산디지털단지', '수원', '안산']",
            "3km이내백화점수":1,
            "5km이내아울렛몰수":1,
            "1km이내대형먀트수":1,
            "500m이내은행수":2,
            "500m이내병원수":44,
            "5km이내대형병원수":5,
            "500m이내공원수":8,
            "3km이내혐오시설수":0,
            "초등학교학업성취도":89.93,
            "중학교학업성취도":79.6,
            "용적률":216,
            "건폐율":16,
            "Y":37.372976,
            "X":126.933774,
            "rank":11.0,
            "area_info":"38평(127.14), 49평(163.45)",
            "last_sales":"2021-10-30,79000.0,38평(127.14)",
            "rank_history":[
                [
                    "202203",
                    11
                ],
                [
                    "202202",
                    9
                ],
                [
                    "202201",
                    10
                ]
            ],
            "rank_gap":-2
        },
        {
            "index":433,
            "아파트명":"세종주공6단지",
            "투자타입":"일반",
            "전용면적(m2)":"80.49",
            "전용면적(평)":"24평",
            "법정동주소":"경기도 군포시 산본동 1145",
            "도로명주소":"경기도 군포시 산본천로 34",
            "세대수":100,
            "입주년차":0,
            "용적률점수":"--",
            "건폐율점수":"--",
            "세대당주차수":0,
            "난방방식":100,
            "공급면적":"--",
            "전용률":"--",
            "욕실수":50,
            "현관타입":10,
            "주거총점":51.0,
            "지역구공급총점":100.0,
            "역세권":80,
            "30분내 이동가능 거점":0,
            "1시간내 이동가능 거점":20,
            "교통총점":44.0,
            "백화점":0,
            "아울렛몰":80,
            "대형마트":100,
            "은행":100,
            "병원":100,
            "종합병원":100,
            "공원":100,
            "혐오시설":0,
            "인프라총점":66.0,
            "초등학군":89.97,
            "중학군":52.46,
            "학군총점":59.962,
            "인구수":30.45,
            "인구증감":-12.79,
            "인구총점":17.478,
            "일자리":12.28,
            "소득수준":58.69,
            "일자리총점":26.203,
            "가치 총점":54.3943,
            "매매실거래년":20220206.0,
            "매매실거래가":53500.0,
            "전세실거래년":20220223.0,
            "전세실거래가":24000.0,
            "전세가율":44.86,
            "장기전세가율평균":75.23,
            "전세가율거품지수":30.37,
            "검색코드":3864,
            "세대수":1827.0,
            "준공년월":"1994-07-07",
            "준공년차":29.0,
            "가까운역이름":"산본",
            "가까운역거리":350.66,
            "역세권여부":"역세권",
            "30분이내주요거점역":0,
            "30분거점역이름":"[]",
            "1시간이내주요거점역":2,
            "1시간거점역이름":"['평촌', '가산디지털단지']",
            "3km이내백화점수":0,
            "5km이내아울렛몰수":1,
            "1km이내대형먀트수":3,
            "500m이내은행수":7,
            "500m이내병원수":124,
            "5km이내대형병원수":5,
            "500m이내공원수":7,
            "3km이내혐오시설수":0,
            "초등학교학업성취도":89.97,
            "중학교학업성취도":85.3,
            "용적률":226,
            "건폐율":15,
            "Y":37.358887,
            "X":126.929232,
            "rank":12.0,
            "area_info":"24평(80.49), 25평(85.35), 32평(106.03)",
            "last_sales":"2022-02-06,53500.0,25평(85.35)",
            "rank_history":[
                [
                    "202203",
                    12
                ],
                [
                    "202202",
                    8
                ],
                [
                    "202201",
                    7
                ]
            ],
            "rank_gap":-4
        },
        {
            "index":37,
            "아파트명":"율곡주공3단지",
            "투자타입":"일반",
            "전용면적(m2)":"75.16",
            "전용면적(평)":"22평",
            "법정동주소":"경기도 군포시 금정동 876",
            "도로명주소":"경기도 군포시 오금로 43",
            "세대수":100,
            "입주년차":0,
            "용적률점수":"--",
            "건폐율점수":"--",
            "세대당주차수":0,
            "난방방식":100,
            "공급면적":"--",
            "전용률":"--",
            "욕실수":50,
            "현관타입":10,
            "주거총점":51.0,
            "지역구공급총점":100.0,
            "역세권":80,
            "30분내 이동가능 거점":0,
            "1시간내 이동가능 거점":30,
            "교통총점":46.0,
            "백화점":0,
            "아울렛몰":80,
            "대형마트":100,
            "은행":70,
            "병원":80,
            "종합병원":100,
            "공원":100,
            "혐오시설":0,
            "인프라총점":61.0,
            "초등학군":90.01,
            "중학군":52.16,
            "학군총점":59.73,
            "인구수":30.45,
            "인구증감":-12.79,
            "인구총점":17.478,
            "일자리":12.28,
            "소득수준":58.69,
            "일자리총점":26.203,
            "가치 총점":53.5595,
            "매매실거래년":20220211.0,
            "매매실거래가":51500.0,
            "전세실거래년":20220219.0,
            "전세실거래가":25000.0,
            "전세가율":48.54,
            "장기전세가율평균":75.23,
            "전세가율거품지수":26.69,
            "검색코드":8386,
            "세대수":2042.0,
            "준공년월":"1994-05-02",
            "준공년차":29.0,
            "가까운역이름":"산본",
            "가까운역거리":400.94,
            "역세권여부":"역세권",
            "30분이내주요거점역":0,
            "30분거점역이름":"[]",
            "1시간이내주요거점역":3,
            "1시간거점역이름":"['평촌', '가산디지털단지', '안산']",
            "3km이내백화점수":0,
            "5km이내아울렛몰수":1,
            "1km이내대형먀트수":2,
            "500m이내은행수":3,
            "500m이내병원수":32,
            "5km이내대형병원수":5,
            "500m이내공원수":7,
            "3km이내혐오시설수":0,
            "초등학교학업성취도":90.01,
            "중학교학업성취도":85.4,
            "용적률":219,
            "건폐율":15,
            "Y":37.354463,
            "X":126.932298,
            "rank":13.0,
            "area_info":"22평(75.16), 24평(80.25), 24평(81.28), 25평(83.1), 26평(87.57), 27평(89.54)",
            "last_sales":"2022-02-11,51500.0,22평(75.16)",
            "rank_history":[
                [
                    "202203",
                    13
                ],
                [
                    "202202",
                    10
                ],
                [
                    "202201",
                    12
                ]
            ],
            "rank_gap":-3
        },
        {
            "index":429,
            "아파트명":"세경",
            "투자타입":"일반",
            "전용면적(m2)":"103.41",
            "전용면적(평)":"31평",
            "법정동주소":"경기도 군포시 산본동 1030",
            "도로명주소":"경기도 군포시 군포로719번길 66",
            "세대수":0,
            "입주년차":20,
            "용적률점수":"--",
            "건폐율점수":"--",
            "세대당주차수":0,
            "난방방식":30,
            "공급면적":"--",
            "전용률":"--",
            "욕실수":100,
            "현관타입":100,
            "주거총점":27.0,
            "지역구공급총점":100.0,
            "역세권":50,
            "30분내 이동가능 거점":40,
            "1시간내 이동가능 거점":30,
            "교통총점":43.0,
            "백화점":100,
            "아울렛몰":80,
            "대형마트":80,
            "은행":0,
            "병원":80,
            "종합병원":100,
            "공원":100,
            "혐오시설":0,
            "인프라총점":81.0,
            "초등학군":89.99,
            "중학군":48.8,
            "학군총점":57.038,
            "인구수":30.45,
            "인구증감":-12.79,
            "인구총점":17.478,
            "일자리":12.28,
            "소득수준":58.69,
            "일자리총점":26.203,
            "가치 총점":53.3057,
            "매매실거래년":20211011.0,
            "매매실거래가":85000.0,
            "전세실거래년":20210529.0,
            "전세실거래가":35000.0,
            "전세가율":41.18,
            "장기전세가율평균":75.23,
            "전세가율거품지수":34.05,
            "검색코드":9383,
            "세대수":57.0,
            "준공년월":"2001-09-08",
            "준공년차":22.0,
            "가까운역이름":"금정",
            "가까운역거리":504.85,
            "역세권여부":"준역세권",
            "30분이내주요거점역":2,
            "30분거점역이름":"['가산디지털단지', '수원']",
            "1시간이내주요거점역":3,
            "1시간거점역이름":"['평촌', '가산디지털단지', '수원']",
            "3km이내백화점수":1,
            "5km이내아울렛몰수":1,
            "1km이내대형먀트수":1,
            "500m이내은행수":1,
            "500m이내병원수":37,
            "5km이내대형병원수":5,
            "500m이내공원수":11,
            "3km이내혐오시설수":0,
            "초등학교학업성취도":89.99,
            "중학교학업성취도":79.6,
            "용적률":0,
            "건폐율":0,
            "Y":37.36821,
            "X":126.94089,
            "rank":14.0,
            "area_info":"31평(103.41), 31평(103.87), 43평(142.52), 57평(189.03)",
            "last_sales":"2021-10-11,85000.0,31평(103.41)",
            "rank_history":[
                [
                    "202203",
                    14
                ],
                [
                    "202202",
                    9999
                ]
            ],
            "rank_gap":9999
        },
        {
            "index":73,
            "아파트명":"퇴계주공3단지1차",
            "투자타입":"일반",
            "전용면적(m2)":"57.4",
            "전용면적(평)":"17평",
            "법정동주소":"경기도 군포시 금정동 875",
            "도로명주소":"경기도 군포시 광정로 25-20",
            "세대수":90,
            "입주년차":0,
            "용적률점수":"--",
            "건폐율점수":"--",
            "세대당주차수":0,
            "난방방식":100,
            "공급면적":"--",
            "전용률":"--",
            "욕실수":50,
            "현관타입":10,
            "주거총점":47.5,
            "지역구공급총점":100.0,
            "역세권":80,
            "30분내 이동가능 거점":0,
            "1시간내 이동가능 거점":30,
            "교통총점":46.0,
            "백화점":0,
            "아울렛몰":80,
            "대형마트":100,
            "은행":70,
            "병원":80,
            "종합병원":100,
            "공원":100,
            "혐오시설":0,
            "인프라총점":61.0,
            "초등학군":89.96,
            "중학군":52.16,
            "학군총점":59.72,
            "인구수":30.45,
            "인구증감":-12.79,
            "인구총점":17.478,
            "일자리":12.28,
            "소득수준":58.69,
            "일자리총점":26.203,
            "가치 총점":52.858,
            "매매실거래년":20220208.0,
            "매매실거래가":38000.0,
            "전세실거래년":20220205.0,
            "전세실거래가":18000.0,
            "전세가율":46.51,
            "장기전세가율평균":75.23,
            "전세가율거품지수":28.72,
            "검색코드":7998,
            "세대수":1011.0,
            "준공년월":"1995-04-22",
            "준공년차":28.0,
            "가까운역이름":"산본",
            "가까운역거리":402.1,
            "역세권여부":"역세권",
            "30분이내주요거점역":0,
            "30분거점역이름":"[]",
            "1시간이내주요거점역":3,
            "1시간거점역이름":"['평촌', '가산디지털단지', '안산']",
            "3km이내백화점수":0,
            "5km이내아울렛몰수":1,
            "1km이내대형먀트수":2,
            "500m이내은행수":3,
            "500m이내병원수":52,
            "5km이내대형병원수":5,
            "500m이내공원수":9,
            "3km이내혐오시설수":0,
            "초등학교학업성취도":89.96,
            "중학교학업성취도":85.4,
            "용적률":196,
            "건폐율":13,
            "Y":37.355228,
            "X":126.930154,
            "rank":15.0,
            "area_info":"17평(57.4), 18평(62.29)",
            "last_sales":"2022-02-08,38000.0,18평(62.29)",
            "rank_history":[
                [
                    "202203",
                    15
                ],
                [
                    "202202",
                    12
                ],
                [
                    "202201",
                    13
                ]
            ],
            "rank_gap":-3
        },
        {
            "index":4,
            "아파트명":"다산주공3단지",
            "투자타입":"재건축",
            "전용면적(m2)":"81.28",
            "전용면적(평)":"24평",
            "법정동주소":"경기도 군포시 금정동 871-11",
            "도로명주소":"경기도 군포시 오금로 16",
            "세대수":80,
            "입주년차":"--",
            "용적률점수":60,
            "건폐율점수":100,
            "세대당주차수":"--",
            "난방방식":"--",
            "공급면적":70,
            "전용률":60,
            "욕실수":"--",
            "현관타입":"--",
            "주거총점":74.5,
            "지역구공급총점":100.0,
            "역세권":80,
            "30분내 이동가능 거점":0,
            "1시간내 이동가능 거점":10,
            "교통총점":42.0,
            "백화점":0,
            "아울렛몰":80,
            "대형마트":80,
            "은행":0,
            "병원":30,
            "종합병원":100,
            "공원":100,
            "혐오시설":0,
            "인프라총점":46.0,
            "초등학군":89.96,
            "중학군":52.16,
            "학군총점":59.72,
            "인구수":30.45,
            "인구증감":-12.79,
            "인구총점":17.478,
            "일자리":12.28,
            "소득수준":58.69,
            "일자리총점":26.203,
            "가치 총점":52.358,
            "매매실거래년":20211016.0,
            "매매실거래가":72000.0,
            "전세실거래년":20211130.0,
            "전세실거래가":19500.0,
            "전세가율":38.24,
            "장기전세가율평균":75.23,
            "전세가율거품지수":36.99,
            "검색코드":2908,
            "세대수":829.0,
            "준공년월":"1992-04-15",
            "준공년차":31.0,
            "가까운역이름":"수리산",
            "가까운역거리":459.78,
            "역세권여부":"역세권",
            "30분이내주요거점역":0,
            "30분거점역이름":"[]",
            "1시간이내주요거점역":1,
            "1시간거점역이름":"['평촌']",
            "3km이내백화점수":0,
            "5km이내아울렛몰수":1,
            "1km이내대형먀트수":1,
            "500m이내은행수":0,
            "500m이내병원수":5,
            "5km이내대형병원수":4,
            "500m이내공원수":8,
            "3km이내혐오시설수":0,
            "초등학교학업성취도":89.96,
            "중학교학업성취도":85.4,
            "용적률":195,
            "건폐율":13,
            "Y":37.351475,
            "X":126.930703,
            "rank":16.0,
            "area_info":"24평(81.28), 25평(83.11), 27평(91.65), 28평(92.79), 30평(100.1), 30평(101.11), 31평(104.95)",
            "last_sales":"2021-10-16,72000.0,31평(104.95)",
            "rank_history":[
                [
                    "202203",
                    16
                ],
                [
                    "202202",
                    32
                ],
                [
                    "202201",
                    34
                ]
            ],
            "rank_gap":16
        },
        {
            "index":455,
            "아파트명":"임광그대가",
            "투자타입":"일반",
            "전용면적(m2)":"105.7",
            "전용면적(평)":"31평",
            "법정동주소":"경기도 군포시 산본동 106-4",
            "도로명주소":"경기도 군포시 곡란로8번길 6",
            "세대수":0,
            "입주년차":40,
            "용적률점수":"--",
            "건폐율점수":"--",
            "세대당주차수":30,
            "난방방식":30,
            "공급면적":"--",
            "전용률":"--",
            "욕실수":100,
            "현관타입":100,
            "주거총점":35.5,
            "지역구공급총점":100.0,
            "역세권":50,
            "30분내 이동가능 거점":0,
            "1시간내 이동가능 거점":40,
            "교통총점":33.0,
            "백화점":100,
            "아울렛몰":80,
            "대형마트":80,
            "은행":20,
            "병원":80,
            "종합병원":100,
            "공원":100,
            "혐오시설":0,
            "인프라총점":83.0,
            "초등학군":89.93,
            "중학군":48.8,
            "학군총점":57.026,
            "인구수":30.45,
            "인구증감":-12.79,
            "인구총점":17.478,
            "일자리":12.28,
            "소득수준":58.69,
            "일자리총점":26.203,
            "가치 총점":52.1039,
            "매매실거래년":20210722.0,
            "매매실거래가":69500.0,
            "전세실거래년":20211112.0,
            "전세실거래가":45000.0,
            "전세가율":64.75,
            "장기전세가율평균":75.23,
            "전세가율거품지수":10.48,
            "검색코드":11322,
            "세대수":170.0,
            "준공년월":"2005-09-12",
            "준공년차":18.0,
            "가까운역이름":"금정",
            "가까운역거리":657.19,
            "역세권여부":"준역세권",
            "30분이내주요거점역":0,
            "30분거점역이름":"[]",
            "1시간이내주요거점역":4,
            "1시간거점역이름":"['평촌', '가산디지털단지', '수원', '안산']",
            "3km이내백화점수":1,
            "5km이내아울렛몰수":1,
            "1km이내대형먀트수":1,
            "500m이내은행수":2,
            "500m이내병원수":52,
            "5km이내대형병원수":5,
            "500m이내공원수":7,
            "3km이내혐오시설수":0,
            "초등학교학업성취도":89.93,
            "중학교학업성취도":79.6,
            "용적률":297,
            "건폐율":20,
            "Y":37.372877,
            "X":126.935864,
            "rank":17.0,
            "area_info":"31평(105.7), 31평(105.6)",
            "last_sales":"2021-07-22,69500.0,31평(105.7)",
            "rank_history":[
                [
                    "202203",
                    17
                ],
                [
                    "202202",
                    11
                ],
                [
                    "202201",
                    11
                ]
            ],
            "rank_gap":-6
        },
        {
            "index":354,
            "아파트명":"개성하이뷰",
            "투자타입":"일반",
            "전용면적(m2)":"75.72",
            "전용면적(평)":"22평",
            "법정동주소":"경기도 군포시 산본동 1035",
            "도로명주소":"경기도 군포시 금산로 56",
            "세대수":0,
            "입주년차":40,
            "용적률점수":"--",
            "건폐율점수":"--",
            "세대당주차수":30,
            "난방방식":30,
            "공급면적":"--",
            "전용률":"--",
            "욕실수":100,
            "현관타입":50,
            "주거총점":30.5,
            "지역구공급총점":100.0,
            "역세권":50,
            "30분내 이동가능 거점":0,
            "1시간내 이동가능 거점":40,
            "교통총점":33.0,
            "백화점":100,
            "아울렛몰":80,
            "대형마트":100,
            "은행":0,
            "병원":80,
            "종합병원":100,
            "공원":100,
            "혐오시설":0,
            "인프라총점":84.0,
            "초등학군":89.99,
            "중학군":48.8,
            "학군총점":57.038,
            "인구수":30.45,
            "인구증감":-12.79,
            "인구총점":17.478,
            "일자리":12.28,
            "소득수준":58.69,
            "일자리총점":26.203,
            "가치 총점":51.4057,
            "매매실거래년":20210809.0,
            "매매실거래가":50000.0,
            "전세실거래년":20191127.0,
            "전세실거래가":24000.0,
            "전세가율":null,
            "장기전세가율평균":75.23,
            "전세가율거품지수":null,
            "검색코드":14188,
            "세대수":71.0,
            "준공년월":"2004-01-06",
            "준공년차":19.0,
            "가까운역이름":"금정",
            "가까운역거리":646.63,
            "역세권여부":"준역세권",
            "30분이내주요거점역":0,
            "30분거점역이름":"[]",
            "1시간이내주요거점역":4,
            "1시간거점역이름":"['평촌', '가산디지털단지', '수원', '안산']",
            "3km이내백화점수":1,
            "5km이내아울렛몰수":1,
            "1km이내대형먀트수":2,
            "500m이내은행수":0,
            "500m이내병원수":32,
            "5km이내대형병원수":5,
            "500m이내공원수":12,
            "3km이내혐오시설수":0,
            "초등학교학업성취도":89.99,
            "중학교학업성취도":79.6,
            "용적률":248,
            "건폐율":40,
            "Y":37.367421,
            "X":126.939362,
            "rank":18.0,
            "area_info":"22평(75.72), 24평(81.62), 24평(81.75), 26평(87.78), 26평(88.7)",
            "last_sales":"2021-08-09,50000.0,26평(88.7)",
            "rank_history":[
                [
                    "202203",
                    18
                ],
                [
                    "202202",
                    9999
                ]
            ],
            "rank_gap":9999
        },
        {
            "index":342,
            "아파트명":"가야주공5단지1차",
            "투자타입":"일반",
            "전용면적(m2)":"57.4",
            "전용면적(평)":"17평",
            "법정동주소":"경기도 군포시 산본동 1155",
            "도로명주소":"경기도 군포시 번영로 403",
            "세대수":100,
            "입주년차":0,
            "용적률점수":"--",
            "건폐율점수":"--",
            "세대당주차수":0,
            "난방방식":100,
            "공급면적":"--",
            "전용률":"--",
            "욕실수":50,
            "현관타입":10,
            "주거총점":51.0,
            "지역구공급총점":100.0,
            "역세권":80,
            "30분내 이동가능 거점":20,
            "1시간내 이동가능 거점":40,
            "교통총점":54.0,
            "백화점":0,
            "아울렛몰":80,
            "대형마트":80,
            "은행":0,
            "병원":10,
            "종합병원":100,
            "공원":100,
            "혐오시설":0,
            "인프라총점":44.0,
            "초등학군":89.93,
            "중학군":52.16,
            "학군총점":59.714,
            "인구수":30.45,
            "인구증감":-12.79,
            "인구총점":17.478,
            "일자리":12.28,
            "소득수준":58.69,
            "일자리총점":26.203,
            "가치 총점":51.2571,
            "매매실거래년":20220212.0,
            "매매실거래가":47000.0,
            "전세실거래년":20220209.0,
            "전세실거래가":15000.0,
            "전세가율":31.91,
            "장기전세가율평균":75.23,
            "전세가율거품지수":43.32,
            "검색코드":2886,
            "세대수":1601.0,
            "준공년월":"1993-06-16",
            "준공년차":30.0,
            "가까운역이름":"수리산",
            "가까운역거리":152.51,
            "역세권여부":"역세권",
            "30분이내주요거점역":1,
            "30분거점역이름":"['안산']",
            "1시간이내주요거점역":4,
            "1시간거점역이름":"['평촌', '가산디지털단지', '수원', '안산']",
            "3km이내백화점수":0,
            "5km이내아울렛몰수":1,
            "1km이내대형먀트수":1,
            "500m이내은행수":0,
            "500m이내병원수":2,
            "5km이내대형병원수":4,
            "500m이내공원수":6,
            "3km이내혐오시설수":0,
            "초등학교학업성취도":89.93,
            "중학교학업성취도":85.4,
            "용적률":129,
            "건폐율":9,
            "Y":37.351627,
            "X":126.92455,
            "rank":19.0,
            "area_info":"17평(57.4), 18평(62.35), 19평(63.57), 23평(79.22), 24평(80.26)",
            "last_sales":"2022-02-12,47000.0,17평(57.4)",
            "rank_history":[
                [
                    "202203",
                    19
                ],
                [
                    "202202",
                    13
                ],
                [
                    "202201",
                    20
                ]
            ],
            "rank_gap":-6
        },
        {
            "index":386,
            "아파트명":"매화주공14단지",
            "투자타입":"일반",
            "전용면적(m2)":"68.93",
            "전용면적(평)":"20평",
            "법정동주소":"경기도 군포시 산본동 1055",
            "도로명주소":"경기도 군포시 곡란로 26",
            "세대수":100,
            "입주년차":0,
            "용적률점수":"--",
            "건폐율점수":"--",
            "세대당주차수":0,
            "난방방식":100,
            "공급면적":"--",
            "전용률":"--",
            "욕실수":50,
            "현관타입":10,
            "주거총점":51.0,
            "지역구공급총점":100.0,
            "역세권":50,
            "30분내 이동가능 거점":0,
            "1시간내 이동가능 거점":40,
            "교통총점":33.0,
            "백화점":100,
            "아울렛몰":80,
            "대형마트":0,
            "은행":20,
            "병원":60,
            "종합병원":100,
            "공원":100,
            "혐오시설":0,
            "인프라총점":69.0,
            "초등학군":89.94,
            "중학군":48.8,
            "학군총점":57.028,
            "인구수":30.45,
            "인구증감":-12.79,
            "인구총점":17.478,
            "일자리":12.28,
            "소득수준":58.69,
            "일자리총점":26.203,
            "가치 총점":51.0042,
            "매매실거래년":20211110.0,
            "매매실거래가":49900.0,
            "전세실거래년":20220211.0,
            "전세실거래가":20000.0,
            "전세가율":40.4,
            "장기전세가율평균":75.23,
            "전세가율거품지수":34.83,
            "검색코드":2628,
            "세대수":1847.0,
            "준공년월":"1995-10-16",
            "준공년차":28.0,
            "가까운역이름":"금정",
            "가까운역거리":695.74,
            "역세권여부":"준역세권",
            "30분이내주요거점역":0,
            "30분거점역이름":"[]",
            "1시간이내주요거점역":4,
            "1시간거점역이름":"['평촌', '가산디지털단지', '수원', '안산']",
            "3km이내백화점수":1,
            "5km이내아울렛몰수":1,
            "1km이내대형먀트수":0,
            "500m이내은행수":2,
            "500m이내병원수":25,
            "5km이내대형병원수":5,
            "500m이내공원수":4,
            "3km이내혐오시설수":0,
            "초등학교학업성취도":89.94,
            "중학교학업성취도":79.6,
            "용적률":148,
            "건폐율":13,
            "Y":37.375432,
            "X":126.936427,
            "rank":20.0,
            "area_info":"20평(68.93), 21평(70.29)",
            "last_sales":"2021-11-10,49900.0,21평(70.29)",
            "rank_history":[
                [
                    "202203",
                    20
                ],
                [
                    "202202",
                    14
                ],
                [
                    "202201",
                    14
                ]
            ],
            "rank_gap":-6
        },
        {
            "index":408,
            "아파트명":"산본주공11단지",
            "투자타입":"재건축",
            "전용면적(m2)":"50.4",
            "전용면적(평)":"15평",
            "법정동주소":"경기도 군포시 산본동 1052",
            "도로명주소":"경기도 군포시 산본천로 119-9",
            "세대수":90,
            "입주년차":"--",
            "용적률점수":60,
            "건폐율점수":100,
            "세대당주차수":"--",
            "난방방식":"--",
            "공급면적":50,
            "전용률":60,
            "욕실수":"--",
            "현관타입":"--",
            "주거총점":76.5,
            "지역구공급총점":100.0,
            "역세권":50,
            "30분내 이동가능 거점":0,
            "1시간내 이동가능 거점":20,
            "교통총점":29.0,
            "백화점":0,
            "아울렛몰":80,
            "대형마트":100,
            "은행":20,
            "병원":60,
            "종합병원":100,
            "공원":100,
            "혐오시설":0,
            "인프라총점":54.0,
            "초등학군":89.97,
            "중학군":53.8,
            "학군총점":61.034,
            "인구수":30.45,
            "인구증감":-12.79,
            "인구총점":17.478,
            "일자리":12.28,
            "소득수준":58.69,
            "일자리총점":26.203,
            "가치 총점":50.8051,
            "매매실거래년":20211014.0,
            "매매실거래가":61000.0,
            "전세실거래년":20220205.0,
            "전세실거래가":13650.0,
            "전세가율":37.14,
            "장기전세가율평균":75.23,
            "전세가율거품지수":38.09,
            "검색코드":2905,
            "세대수":1400.0,
            "준공년월":"1991-08-25",
            "준공년차":32.0,
            "가까운역이름":"산본",
            "가까운역거리":829.16,
            "역세권여부":"준역세권",
            "30분이내주요거점역":0,
            "30분거점역이름":"[]",
            "1시간이내주요거점역":2,
            "1시간거점역이름":"['평촌', '안산']",
            "3km이내백화점수":0,
            "5km이내아울렛몰수":1,
            "1km이내대형먀트수":3,
            "500m이내은행수":2,
            "500m이내병원수":11,
            "5km이내대형병원수":5,
            "500m이내공원수":9,
            "3km이내혐오시설수":0,
            "초등학교학업성취도":89.97,
            "중학교학업성취도":88.6,
            "용적률":183,
            "건폐율":13,
            "Y":37.365436,
            "X":126.932075,
            "rank":21.0,
            "area_info":"15평(50.4), 15평(52.55), 15평(52.81), 17평(57.15), 17평(58.61), 18평(60.33), 20평(69.1), 22평(72.96), 24평(80.18)",
            "last_sales":"2021-10-14,61000.0,24평(80.18)",
            "rank_history":[
                [
                    "202203",
                    21
                ],
                [
                    "202202",
                    15
                ],
                [
                    "202201",
                    15
                ]
            ],
            "rank_gap":-6
        },
        {
            "index":206,
            "아파트명":"대원칸타빌",
            "투자타입":"일반",
            "전용면적(m2)":"96.64",
            "전용면적(평)":"29평",
            "법정동주소":"경기도 군포시 당정동 1012-3",
            "도로명주소":"경기도 군포시 당정역로 16",
            "세대수":0,
            "입주년차":60,
            "용적률점수":"--",
            "건폐율점수":"--",
            "세대당주차수":60,
            "난방방식":100,
            "공급면적":"--",
            "전용률":"--",
            "욕실수":100,
            "현관타입":100,
            "주거총점":51.0,
            "지역구공급총점":100.0,
            "역세권":80,
            "30분내 이동가능 거점":40,
            "1시간내 이동가능 거점":50,
            "교통총점":62.0,
            "백화점":0,
            "아울렛몰":80,
            "대형마트":0,
            "은행":0,
            "병원":10,
            "종합병원":100,
            "공원":100,
            "혐오시설":0,
            "인프라총점":32.0,
            "초등학군":89.99,
            "중학군":49.9,
            "학군총점":57.918,
            "인구수":30.45,
            "인구증감":-12.79,
            "인구총점":17.478,
            "일자리":12.28,
            "소득수준":58.69,
            "일자리총점":26.203,
            "가치 총점":50.1877,
            "매매실거래년":20210903.0,
            "매매실거래가":62000.0,
            "전세실거래년":null,
            "전세실거래가":null,
            "전세가율":null,
            "장기전세가율평균":75.23,
            "전세가율거품지수":null,
            "검색코드":100143,
            "세대수":262.0,
            "준공년월":"2009-02-25",
            "준공년차":14.0,
            "가까운역이름":"당정",
            "가까운역거리":199.23,
            "역세권여부":"역세권",
            "30분이내주요거점역":2,
            "30분거점역이름":"['가산디지털단지', '수원']",
            "1시간이내주요거점역":5,
            "1시간거점역이름":"['평촌', '가산디지털단지', '수원', '구로디지털단지', '안산']",
            "3km이내백화점수":0,
            "5km이내아울렛몰수":1,
            "1km이내대형먀트수":0,
            "500m이내은행수":0,
            "500m이내병원수":4,
            "5km이내대형병원수":3,
            "500m이내공원수":8,
            "3km이내혐오시설수":0,
            "초등학교학업성취도":89.99,
            "중학교학업성취도":82.5,
            "용적률":0,
            "건폐율":0,
            "Y":37.342101,
            "X":126.949413,
            "rank":22.0,
            "area_info":"29평(96.64), 29평(98.18), 32평(106.66), 32평(108.3), 34평(112.94), 34평(114.01), 34평(114.15), 34평(114.77), 40평(135.17), 45평(150.4), 46평(152.36), 46평(153.36), 46평(153.15), 47평(157.33), 52평(174.45)",
            "last_sales":"2021-09-03,62000.0,32평(108.3)",
            "rank_history":[
                [
                    "202203",
                    22
                ],
                [
                    "202202",
                    26
                ],
                [
                    "202201",
                    26
                ]
            ],
            "rank_gap":4
        },
        {
            "index":75,
            "아파트명":"퇴계주공3단지2차",
            "투자타입":"일반",
            "전용면적(m2)":"53.15",
            "전용면적(평)":"16평",
            "법정동주소":"경기도 군포시 금정동 875",
            "도로명주소":"경기도 군포시 광정로 25-20",
            "세대수":90,
            "입주년차":0,
            "용적률점수":"--",
            "건폐율점수":"--",
            "세대당주차수":0,
            "난방방식":100,
            "공급면적":"--",
            "전용률":"--",
            "욕실수":50,
            "현관타입":10,
            "주거총점":47.5,
            "지역구공급총점":100.0,
            "역세권":80,
            "30분내 이동가능 거점":0,
            "1시간내 이동가능 거점":30,
            "교통총점":46.0,
            "백화점":0,
            "아울렛몰":80,
            "대형마트":100,
            "은행":0,
            "병원":60,
            "종합병원":100,
            "공원":100,
            "혐오시설":0,
            "인프라총점":52.0,
            "초등학군":89.96,
            "중학군":52.16,
            "학군총점":59.72,
            "인구수":30.45,
            "인구증감":-12.79,
            "인구총점":17.478,
            "일자리":12.28,
            "소득수준":58.69,
            "일자리총점":26.203,
            "가치 총점":50.158,
            "매매실거래년":20220212.0,
            "매매실거래가":34200.0,
            "전세실거래년":20220205.0,
            "전세실거래가":12600.0,
            "전세가율":34.05,
            "장기전세가율평균":75.23,
            "전세가율거품지수":41.18,
            "검색코드":114455,
            "세대수":981.0,
            "준공년월":"1995-04-22",
            "준공년차":28.0,
            "가까운역이름":"산본",
            "가까운역거리":490.39,
            "역세권여부":"역세권",
            "30분이내주요거점역":0,
            "30분거점역이름":"[]",
            "1시간이내주요거점역":3,
            "1시간거점역이름":"['평촌', '가산디지털단지', '안산']",
            "3km이내백화점수":0,
            "5km이내아울렛몰수":1,
            "1km이내대형먀트수":2,
            "500m이내은행수":1,
            "500m이내병원수":22,
            "5km이내대형병원수":4,
            "500m이내공원수":8,
            "3km이내혐오시설수":0,
            "초등학교학업성취도":89.96,
            "중학교학업성취도":85.4,
            "용적률":0,
            "건폐율":0,
            "Y":37.354674,
            "X":126.929431,
            "rank":23.0,
            "area_info":"16평(53.15), 17평(57.9)",
            "last_sales":"2022-02-12,34200.0,17평(57.9)",
            "rank_history":[
                [
                    "202203",
                    23
                ],
                [
                    "202202",
                    64
                ],
                [
                    "202201",
                    35
                ]
            ],
            "rank_gap":41
        },
        {
            "index":460,
            "아파트명":"주몽마을대림",
            "투자타입":"일반",
            "전용면적(m2)":"82.22",
            "전용면적(평)":"24평",
            "법정동주소":"경기도 군포시 산본동 1121",
            "도로명주소":"경기도 군포시 고산로 596-15",
            "세대수":50,
            "입주년차":20,
            "용적률점수":"--",
            "건폐율점수":"--",
            "세대당주차수":0,
            "난방방식":100,
            "공급면적":"--",
            "전용률":"--",
            "욕실수":100,
            "현관타입":100,
            "주거총점":51.5,
            "지역구공급총점":100.0,
            "역세권":50,
            "30분내 이동가능 거점":0,
            "1시간내 이동가능 거점":30,
            "교통총점":31.0,
            "백화점":0,
            "아울렛몰":80,
            "대형마트":100,
            "은행":70,
            "병원":100,
            "종합병원":100,
            "공원":100,
            "혐오시설":0,
            "인프라총점":63.0,
            "초등학군":89.97,
            "중학군":53.8,
            "학군총점":61.034,
            "인구수":30.45,
            "인구증감":-12.79,
            "인구총점":17.478,
            "일자리":12.28,
            "소득수준":58.69,
            "일자리총점":26.203,
            "가치 총점":49.2051,
            "매매실거래년":20211014.0,
            "매매실거래가":78500.0,
            "전세실거래년":20220110.0,
            "전세실거래가":38300.0,
            "전세가율":48.79,
            "장기전세가율평균":75.23,
            "전세가율거품지수":26.44,
            "검색코드":3584,
            "세대수":525.0,
            "준공년월":"2002-01-31",
            "준공년차":21.0,
            "가까운역이름":"산본",
            "가까운역거리":768.91,
            "역세권여부":"준역세권",
            "30분이내주요거점역":0,
            "30분거점역이름":"[]",
            "1시간이내주요거점역":3,
            "1시간거점역이름":"['양재', '평촌', '안산']",
            "3km이내백화점수":0,
            "5km이내아울렛몰수":1,
            "1km이내대형먀트수":3,
            "500m이내은행수":3,
            "500m이내병원수":66,
            "5km이내대형병원수":5,
            "500m이내공원수":6,
            "3km이내혐오시설수":0,
            "초등학교학업성취도":89.97,
            "중학교학업성취도":88.6,
            "용적률":215,
            "건폐율":18,
            "Y":37.364359,
            "X":126.929572,
            "rank":24.0,
            "area_info":"24평(82.22), 24평(82.22), 34평(112.42)",
            "last_sales":"2021-10-14,78500.0,24평(82.22)",
            "rank_history":[
                [
                    "202203",
                    24
                ],
                [
                    "202202",
                    16
                ],
                [
                    "202201",
                    19
                ]
            ],
            "rank_gap":-8
        },
        {
            "index":161,
            "아파트명":"주공4단지",
            "투자타입":"일반",
            "전용면적(m2)":"80.33",
            "전용면적(평)":"24평",
            "법정동주소":"경기도 군포시 당동 885",
            "도로명주소":"경기도 군포시 용호2로 36",
            "세대수":80,
            "입주년차":0,
            "용적률점수":"--",
            "건폐율점수":"--",
            "세대당주차수":0,
            "난방방식":100,
            "공급면적":"--",
            "전용률":"--",
            "욕실수":50,
            "현관타입":100,
            "주거총점":53.0,
            "지역구공급총점":100.0,
            "역세권":80,
            "30분내 이동가능 거점":20,
            "1시간내 이동가능 거점":30,
            "교통총점":52.0,
            "백화점":0,
            "아울렛몰":80,
            "대형마트":0,
            "은행":20,
            "병원":60,
            "종합병원":100,
            "공원":100,
            "혐오시설":0,
            "인프라총점":39.0,
            "초등학군":89.99,
            "중학군":49.9,
            "학군총점":57.918,
            "인구수":30.45,
            "인구증감":-12.79,
            "인구총점":17.478,
            "일자리":12.28,
            "소득수준":58.69,
            "일자리총점":26.203,
            "가치 총점":49.1877,
            "매매실거래년":20220113.0,
            "매매실거래가":51000.0,
            "전세실거래년":20220224.0,
            "전세실거래가":26775.0,
            "전세가율":52.5,
            "장기전세가율평균":75.23,
            "전세가율거품지수":22.73,
            "검색코드":2574,
            "세대수":800.0,
            "준공년월":"1997-07-14",
            "준공년차":26.0,
            "가까운역이름":"당정",
            "가까운역거리":399.13,
            "역세권여부":"역세권",
            "30분이내주요거점역":1,
            "30분거점역이름":"['수원']",
            "1시간이내주요거점역":3,
            "1시간거점역이름":"['평촌', '가산디지털단지', '수원']",
            "3km이내백화점수":0,
            "5km이내아울렛몰수":1,
            "1km이내대형먀트수":0,
            "500m이내은행수":2,
            "500m이내병원수":26,
            "5km이내대형병원수":3,
            "500m이내공원수":11,
            "3km이내혐오시설수":0,
            "초등학교학업성취도":89.99,
            "중학교학업성취도":82.5,
            "용적률":223,
            "건폐율":17,
            "Y":37.344115,
            "X":126.943888,
            "rank":25.0,
            "area_info":"24평(80.33)",
            "last_sales":"2022-01-13,51000.0,24평(80.33)",
            "rank_history":[
                [
                    "202203",
                    25
                ],
                [
                    "202202",
                    22
                ],
                [
                    "202201",
                    24
                ]
            ],
            "rank_gap":-3
        },
        {
            "index":159,
            "아파트명":"주공3단지",
            "투자타입":"일반",
            "전용면적(m2)":"77.29",
            "전용면적(평)":"23평",
            "법정동주소":"경기도 군포시 당동 886",
            "도로명주소":"경기도 군포시 용호2로54번길 11",
            "세대수":80,
            "입주년차":0,
            "용적률점수":"--",
            "건폐율점수":"--",
            "세대당주차수":0,
            "난방방식":100,
            "공급면적":"--",
            "전용률":"--",
            "욕실수":50,
            "현관타입":100,
            "주거총점":53.0,
            "지역구공급총점":100.0,
            "역세권":80,
            "30분내 이동가능 거점":20,
            "1시간내 이동가능 거점":30,
            "교통총점":52.0,
            "백화점":0,
            "아울렛몰":80,
            "대형마트":0,
            "은행":20,
            "병원":60,
            "종합병원":100,
            "공원":100,
            "혐오시설":0,
            "인프라총점":39.0,
            "초등학군":89.99,
            "중학군":49.9,
            "학군총점":57.918,
            "인구수":30.45,
            "인구증감":-12.79,
            "인구총점":17.478,
            "일자리":12.28,
            "소득수준":58.69,
            "일자리총점":26.203,
            "가치 총점":49.1877,
            "매매실거래년":20211016.0,
            "매매실거래가":51500.0,
            "전세실거래년":20220216.0,
            "전세실거래가":23100.0,
            "전세가율":44.85,
            "장기전세가율평균":75.23,
            "전세가율거품지수":30.38,
            "검색코드":2573,
            "세대수":830.0,
            "준공년월":"1997-09-30",
            "준공년차":26.0,
            "가까운역이름":"당정",
            "가까운역거리":313.69,
            "역세권여부":"역세권",
            "30분이내주요거점역":1,
            "30분거점역이름":"['수원']",
            "1시간이내주요거점역":3,
            "1시간거점역이름":"['평촌', '가산디지털단지', '수원']",
            "3km이내백화점수":0,
            "5km이내아울렛몰수":1,
            "1km이내대형먀트수":0,
            "500m이내은행수":2,
            "500m이내병원수":27,
            "5km이내대형병원수":3,
            "500m이내공원수":15,
            "3km이내혐오시설수":0,
            "초등학교학업성취도":89.99,
            "중학교학업성취도":82.5,
            "용적률":248,
            "건폐율":15,
            "Y":37.345255,
            "X":126.945419,
            "rank":25.0,
            "area_info":"23평(77.29), 32평(106.62)",
            "last_sales":"2021-10-16,51500.0,23평(77.29)",
            "rank_history":[
                [
                    "202203",
                    25
                ],
                [
                    "202202",
                    22
                ],
                [
                    "202201",
                    24
                ]
            ],
            "rank_gap":-3
        },
        {
            "index":227,
            "아파트명":"청천마을성원",
            "투자타입":"일반",
            "전용면적(m2)":"109.63",
            "전용면적(평)":"33평",
            "법정동주소":"경기도 군포시 당정동 997-1",
            "도로명주소":"경기도 군포시 고산로185번길 31",
            "세대수":50,
            "입주년차":40,
            "용적률점수":"--",
            "건폐율점수":"--",
            "세대당주차수":30,
            "난방방식":100,
            "공급면적":"--",
            "전용률":"--",
            "욕실수":100,
            "현관타입":100,
            "주거총점":60.0,
            "지역구공급총점":100.0,
            "역세권":80,
            "30분내 이동가능 거점":20,
            "1시간내 이동가능 거점":30,
            "교통총점":52.0,
            "백화점":0,
            "아울렛몰":80,
            "대형마트":0,
            "은행":0,
            "병원":30,
            "종합병원":100,
            "공원":100,
            "혐오시설":0,
            "인프라총점":34.0,
            "초등학군":90.0,
            "중학군":49.9,
            "학군총점":57.92,
            "인구수":30.45,
            "인구증감":-12.79,
            "인구총점":17.478,
            "일자리":12.28,
            "소득수준":58.69,
            "일자리총점":26.203,
            "가치 총점":49.088,
            "매매실거래년":20210821.0,
            "매매실거래가":68000.0,
            "전세실거래년":20220223.0,
            "전세실거래가":36000.0,
            "전세가율":57.14,
            "장기전세가율평균":75.23,
            "전세가율거품지수":18.09,
            "검색코드":8146,
            "세대수":492.0,
            "준공년월":"2004-04-29",
            "준공년차":19.0,
            "가까운역이름":"당정",
            "가까운역거리":384.14,
            "역세권여부":"역세권",
            "30분이내주요거점역":1,
            "30분거점역이름":"['수원']",
            "1시간이내주요거점역":3,
            "1시간거점역이름":"['평촌', '가산디지털단지', '수원']",
            "3km이내백화점수":0,
            "5km이내아울렛몰수":1,
            "1km이내대형먀트수":0,
            "500m이내은행수":0,
            "500m이내병원수":7,
            "5km이내대형병원수":3,
            "500m이내공원수":9,
            "3km이내혐오시설수":0,
            "초등학교학업성취도":90.0,
            "중학교학업성취도":82.5,
            "용적률":0,
            "건폐율":0,
            "Y":37.34388,
            "X":126.95271,
            "rank":26.0,
            "area_info":"33평(109.63), 44평(147.54)",
            "last_sales":"2021-08-21,68000.0,44평(147.54)",
            "rank_history":[
                [
                    "202203",
                    26
                ],
                [
                    "202202",
                    25
                ],
                [
                    "202201",
                    29
                ]
            ],
            "rank_gap":-1
        },
        {
            "index":225,
            "아파트명":"청천마을대우",
            "투자타입":"일반",
            "전용면적(m2)":"107.01",
            "전용면적(평)":"32평",
            "법정동주소":"경기도 군포시 당정동 1025-1",
            "도로명주소":"경기도 군포시 당정역로 9",
            "세대수":50,
            "입주년차":40,
            "용적률점수":"--",
            "건폐율점수":"--",
            "세대당주차수":30,
            "난방방식":100,
            "공급면적":"--",
            "전용률":"--",
            "욕실수":100,
            "현관타입":100,
            "주거총점":60.0,
            "지역구공급총점":100.0,
            "역세권":80,
            "30분내 이동가능 거점":20,
            "1시간내 이동가능 거점":30,
            "교통총점":52.0,
            "백화점":0,
            "아울렛몰":80,
            "대형마트":0,
            "은행":0,
            "병원":30,
            "종합병원":100,
            "공원":100,
            "혐오시설":0,
            "인프라총점":34.0,
            "초등학군":90.0,
            "중학군":49.9,
            "학군총점":57.92,
            "인구수":30.45,
            "인구증감":-12.79,
            "인구총점":17.478,
            "일자리":12.28,
            "소득수준":58.69,
            "일자리총점":26.203,
            "가치 총점":49.088,
            "매매실거래년":20210827.0,
            "매매실거래가":60000.0,
            "전세실거래년":20220209.0,
            "전세실거래가":32500.0,
            "전세가율":54.17,
            "장기전세가율평균":75.23,
            "전세가율거품지수":21.06,
            "검색코드":12939,
            "세대수":565.0,
            "준공년월":"2004-03-25",
            "준공년차":19.0,
            "가까운역이름":"당정",
            "가까운역거리":309.67,
            "역세권여부":"역세권",
            "30분이내주요거점역":1,
            "30분거점역이름":"['수원']",
            "1시간이내주요거점역":3,
            "1시간거점역이름":"['평촌', '가산디지털단지', '수원']",
            "3km이내백화점수":0,
            "5km이내아울렛몰수":1,
            "1km이내대형먀트수":0,
            "500m이내은행수":0,
            "500m이내병원수":5,
            "5km이내대형병원수":3,
            "500m이내공원수":8,
            "3km이내혐오시설수":0,
            "초등학교학업성취도":90.0,
            "중학교학업성취도":82.5,
            "용적률":257,
            "건폐율":19,
            "Y":37.342733,
            "X":126.951661,
            "rank":26.0,
            "area_info":"32평(107.01), 32평(107.33)",
            "last_sales":"2021-08-27,60000.0,32평(107.01)",
            "rank_history":[
                [
                    "202203",
                    26
                ],
                [
                    "202202",
                    25
                ],
                [
                    "202201",
                    27
                ]
            ],
            "rank_gap":-1
        },
        {
            "index":436,
            "아파트명":"솔거대림",
            "투자타입":"일반",
            "전용면적(m2)":"112.47",
            "전용면적(평)":"34평",
            "법정동주소":"경기도 군포시 산본동 1146",
            "도로명주소":"경기도 군포시 광정로 119",
            "세대수":90,
            "입주년차":0,
            "용적률점수":"--",
            "건폐율점수":"--",
            "세대당주차수":30,
            "난방방식":100,
            "공급면적":"--",
            "전용률":"--",
            "욕실수":100,
            "현관타입":100,
            "주거총점":66.0,
            "지역구공급총점":100.0,
            "역세권":50,
            "30분내 이동가능 거점":0,
            "1시간내 이동가능 거점":10,
            "교통총점":27.0,
            "백화점":0,
            "아울렛몰":80,
            "대형마트":100,
            "은행":20,
            "병원":100,
            "종합병원":100,
            "공원":100,
            "혐오시설":0,
            "인프라총점":58.0,
            "초등학군":89.99,
            "중학군":52.46,
            "학군총점":59.966,
            "인구수":30.45,
            "인구증감":-12.79,
            "인구총점":17.478,
            "일자리":12.28,
            "소득수준":58.69,
            "일자리총점":26.203,
            "가치 총점":49.0449,
            "매매실거래년":20211206.0,
            "매매실거래가":75500.0,
            "전세실거래년":20220212.0,
            "전세실거래가":38850.0,
            "전세가율":51.46,
            "장기전세가율평균":75.23,
            "전세가율거품지수":23.77,
            "검색코드":2895,
            "세대수":1158.0,
            "준공년월":"1993-09-02",
            "준공년차":30.0,
            "가까운역이름":"산본",
            "가까운역거리":680.85,
            "역세권여부":"준역세권",
            "30분이내주요거점역":0,
            "30분거점역이름":"[]",
            "1시간이내주요거점역":1,
            "1시간거점역이름":"['평촌']",
            "3km이내백화점수":0,
            "5km이내아울렛몰수":1,
            "1km이내대형먀트수":3,
            "500m이내은행수":2,
            "500m이내병원수":97,
            "5km이내대형병원수":5,
            "500m이내공원수":6,
            "3km이내혐오시설수":0,
            "초등학교학업성취도":89.99,
            "중학교학업성취도":85.3,
            "용적률":220,
            "건폐율":14,
            "Y":37.361604,
            "X":126.926801,
            "rank":27.0,
            "area_info":"34평(112.47), 37평(125.22), 46평(152.27), 60평(198.77)",
            "last_sales":"2021-12-06,75500.0,34평(112.47)",
            "rank_history":[
                [
                    "202203",
                    27
                ],
                [
                    "202202",
                    19
                ],
                [
                    "202201",
                    21
                ]
            ],
            "rank_gap":-8
        },
        {
            "index":146,
            "아파트명":"쌍용",
            "투자타입":"일반",
            "전용면적(m2)":"120.73",
            "전용면적(평)":"36평",
            "법정동주소":"경기도 군포시 당동 873",
            "도로명주소":"경기도 군포시 용호2로 51",
            "세대수":80,
            "입주년차":0,
            "용적률점수":"--",
            "건폐율점수":"--",
            "세대당주차수":60,
            "난방방식":100,
            "공급면적":"--",
            "전용률":"--",
            "욕실수":100,
            "현관타입":100,
            "주거총점":67.0,
            "지역구공급총점":100.0,
            "역세권":50,
            "30분내 이동가능 거점":20,
            "1시간내 이동가능 거점":40,
            "교통총점":39.0,
            "백화점":0,
            "아울렛몰":80,
            "대형마트":0,
            "은행":70,
            "병원":60,
            "종합병원":100,
            "공원":100,
            "혐오시설":0,
            "인프라총점":44.0,
            "초등학군":90.0,
            "중학군":49.9,
            "학군총점":57.92,
            "인구수":30.45,
            "인구증감":-12.79,
            "인구총점":17.478,
            "일자리":12.28,
            "소득수준":58.69,
            "일자리총점":26.203,
            "가치 총점":48.938,
            "매매실거래년":20220121.0,
            "매매실거래가":67000.0,
            "전세실거래년":20220223.0,
            "전세실거래가":33500.0,
            "전세가율":50.0,
            "장기전세가율평균":75.23,
            "전세가율거품지수":25.23,
            "검색코드":2571,
            "세대수":770.0,
            "준공년월":"1998-07-01",
            "준공년차":25.0,
            "가까운역이름":"당정",
            "가까운역거리":571.69,
            "역세권여부":"준역세권",
            "30분이내주요거점역":1,
            "30분거점역이름":"['수원']",
            "1시간이내주요거점역":4,
            "1시간거점역이름":"['평촌', '가산디지털단지', '수원', '안산']",
            "3km이내백화점수":0,
            "5km이내아울렛몰수":1,
            "1km이내대형먀트수":0,
            "500m이내은행수":3,
            "500m이내병원수":26,
            "5km이내대형병원수":3,
            "500m이내공원수":9,
            "3km이내혐오시설수":0,
            "초등학교학업성취도":90.0,
            "중학교학업성취도":82.5,
            "용적률":239,
            "건폐율":15,
            "Y":37.344738,
            "X":126.94204,
            "rank":28.0,
            "area_info":"36평(120.73), 45평(151.18), 49평(163.13)",
            "last_sales":"2022-01-21,67000.0,36평(120.73)",
            "rank_history":[
                [
                    "202203",
                    28
                ],
                [
                    "202202",
                    33
                ],
                [
                    "202201",
                    33
                ]
            ],
            "rank_gap":5
        },
        {
            "index":405,
            "아파트명":"산본에덴다모은정",
            "투자타입":"일반",
            "전용면적(m2)":"103.66",
            "전용면적(평)":"31평",
            "법정동주소":"경기도 군포시 산본동 48",
            "도로명주소":"경기도 군포시 곡란로8번길 42",
            "세대수":0,
            "입주년차":40,
            "용적률점수":"--",
            "건폐율점수":"--",
            "세대당주차수":30,
            "난방방식":30,
            "공급면적":"--",
            "전용률":"--",
            "욕실수":100,
            "현관타입":100,
            "주거총점":35.5,
            "지역구공급총점":100.0,
            "역세권":50,
            "30분내 이동가능 거점":20,
            "1시간내 이동가능 거점":30,
            "교통총점":37.0,
            "백화점":100,
            "아울렛몰":80,
            "대형마트":0,
            "은행":0,
            "병원":60,
            "종합병원":100,
            "공원":100,
            "혐오시설":0,
            "인프라총점":67.0,
            "초등학군":89.94,
            "중학군":48.8,
            "학군총점":57.028,
            "인구수":30.45,
            "인구증감":-12.79,
            "인구총점":17.478,
            "일자리":12.28,
            "소득수준":58.69,
            "일자리총점":26.203,
            "가치 총점":48.7042,
            "매매실거래년":20210918.0,
            "매매실거래가":51000.0,
            "전세실거래년":20210701.0,
            "전세실거래가":35000.0,
            "전세가율":68.63,
            "장기전세가율평균":75.23,
            "전세가율거품지수":6.6,
            "검색코드":17434,
            "세대수":68.0,
            "준공년월":"2005-05-31",
            "준공년차":18.0,
            "가까운역이름":"금정",
            "가까운역거리":526.15,
            "역세권여부":"준역세권",
            "30분이내주요거점역":1,
            "30분거점역이름":"['수원']",
            "1시간이내주요거점역":3,
            "1시간거점역이름":"['평촌', '가산디지털단지', '수원']",
            "3km이내백화점수":1,
            "5km이내아울렛몰수":1,
            "1km이내대형먀트수":0,
            "500m이내은행수":1,
            "500m이내병원수":23,
            "5km이내대형병원수":5,
            "500m이내공원수":6,
            "3km이내혐오시설수":0,
            "초등학교학업성취도":89.94,
            "중학교학업성취도":79.6,
            "용적률":299,
            "건폐율":26,
            "Y":37.375399,
            "X":126.93873,
            "rank":29.0,
            "area_info":"31평(103.66), 31평(104.4), 31평(104.26)",
            "last_sales":"2021-09-18,51000.0,31평(103.66)",
            "rank_history":[
                [
                    "202203",
                    29
                ],
                [
                    "202202",
                    9999
                ]
            ],
            "rank_gap":9999
        },
        {
            "index":1,
            "아파트명":"금정쌍용",
            "투자타입":"일반",
            "전용면적(m2)":"77.4",
            "전용면적(평)":"23평",
            "법정동주소":"경기도 군포시 금정동 704",
            "도로명주소":"경기도 군포시 금정로42번길 17",
            "세대수":0,
            "입주년차":20,
            "용적률점수":"--",
            "건폐율점수":"--",
            "세대당주차수":0,
            "난방방식":30,
            "공급면적":"--",
            "전용률":"--",
            "욕실수":100,
            "현관타입":100,
            "주거총점":27.0,
            "지역구공급총점":100.0,
            "역세권":50,
            "30분내 이동가능 거점":0,
            "1시간내 이동가능 거점":40,
            "교통총점":33.0,
            "백화점":100,
            "아울렛몰":80,
            "대형마트":100,
            "은행":0,
            "병원":60,
            "종합병원":100,
            "공원":100,
            "혐오시설":0,
            "인프라총점":82.0,
            "초등학군":89.99,
            "중학군":35.28,
            "학군총점":46.222,
            "인구수":30.45,
            "인구증감":-12.79,
            "인구총점":17.478,
            "일자리":12.28,
            "소득수준":58.69,
            "일자리총점":26.203,
            "가치 총점":48.4833,
            "매매실거래년":20211016.0,
            "매매실거래가":63400.0,
            "전세실거래년":20220126.0,
            "전세실거래가":34000.0,
            "전세가율":53.63,
            "장기전세가율평균":75.23,
            "전세가율거품지수":21.6,
            "검색코드":3580,
            "세대수":264.0,
            "준공년월":"2002-10-24",
            "준공년차":21.0,
            "가까운역이름":"금정",
            "가까운역거리":720.1,
            "역세권여부":"준역세권",
            "30분이내주요거점역":0,
            "30분거점역이름":"[]",
            "1시간이내주요거점역":4,
            "1시간거점역이름":"['평촌', '가산디지털단지', '수원', '구로디지털단지']",
            "3km이내백화점수":1,
            "5km이내아울렛몰수":1,
            "1km이내대형먀트수":2,
            "500m이내은행수":0,
            "500m이내병원수":22,
            "5km이내대형병원수":5,
            "500m이내공원수":11,
            "3km이내혐오시설수":0,
            "초등학교학업성취도":89.99,
            "중학교학업성취도":58.8,
            "용적률":282,
            "건폐율":21,
            "Y":37.36631,
            "X":126.94029,
            "rank":30.0,
            "area_info":"23평(77.4), 32평(106.62), 32평(107.63)",
            "last_sales":"2021-10-16,63400.0,23평(77.4)",
            "rank_history":[
                [
                    "202203",
                    30
                ],
                [
                    "202202",
                    23
                ],
                [
                    "202201",
                    18
                ]
            ],
            "rank_gap":-7
        },
        {
            "index":82,
            "아파트명":"당동누리에뜰해밀",
            "투자타입":"일반",
            "전용면적(m2)":"101.93",
            "전용면적(평)":"30평",
            "법정동주소":"경기도 군포시 당동 780-2",
            "도로명주소":"경기도 군포시 군포로510번길 25",
            "세대수":0,
            "입주년차":40,
            "용적률점수":"--",
            "건폐율점수":"--",
            "세대당주차수":60,
            "난방방식":30,
            "공급면적":"--",
            "전용률":"--",
            "욕실수":100,
            "현관타입":100,
            "주거총점":40.0,
            "지역구공급총점":100.0,
            "역세권":80,
            "30분내 이동가능 거점":40,
            "1시간내 이동가능 거점":50,
            "교통총점":62.0,
            "백화점":0,
            "아울렛몰":80,
            "대형마트":0,
            "은행":0,
            "병원":60,
            "종합병원":100,
            "공원":100,
            "혐오시설":0,
            "인프라총점":37.0,
            "초등학군":90.01,
            "중학군":35.28,
            "학군총점":46.226,
            "인구수":30.45,
            "인구증감":-12.79,
            "인구총점":17.478,
            "일자리":12.28,
            "소득수준":58.69,
            "일자리총점":26.203,
            "가치 총점":47.7339,
            "매매실거래년":20220111.0,
            "매매실거래가":39000.0,
            "전세실거래년":20201228.0,
            "전세실거래가":27000.0,
            "전세가율":96.43,
            "장기전세가율평균":75.23,
            "전세가율거품지수":-21.2,
            "검색코드":22430,
            "세대수":108.0,
            "준공년월":"2006-11-14",
            "준공년차":17.0,
            "가까운역이름":"군포",
            "가까운역거리":294.74,
            "역세권여부":"역세권",
            "30분이내주요거점역":2,
            "30분거점역이름":"['가산디지털단지', '수원']",
            "1시간이내주요거점역":5,
            "1시간거점역이름":"['평촌', '가산디지털단지', '수원', '구로디지털단지', '안산']",
            "3km이내백화점수":0,
            "5km이내아울렛몰수":1,
            "1km이내대형먀트수":0,
            "500m이내은행수":1,
            "500m이내병원수":27,
            "5km이내대형병원수":4,
            "500m이내공원수":8,
            "3km이내혐오시설수":0,
            "초등학교학업성취도":90.01,
            "중학교학업성취도":58.8,
            "용적률":719,
            "건폐율":78,
            "Y":37.352077,
            "X":126.946508,
            "rank":31.0,
            "area_info":"30평(101.93), 31평(104.9), 31평(104.69), 31평(105.29), 36평(121.7), 39평(131.77)",
            "last_sales":"2022-01-11,39000.0,31평(105.29)",
            "rank_history":[
                [
                    "202203",
                    31
                ],
                [
                    "202202",
                    29
                ],
                [
                    "202201",
                    30
                ]
            ],
            "rank_gap":-2
        },
        {
            "index":479,
            "아파트명":"한양목련",
            "투자타입":"일반",
            "전용면적(m2)":"99.77",
            "전용면적(평)":"30평",
            "법정동주소":"경기도 군포시 산본동 1088",
            "도로명주소":"경기도 군포시 산본로432번길 25",
            "세대수":90,
            "입주년차":0,
            "용적률점수":"--",
            "건폐율점수":"--",
            "세대당주차수":60,
            "난방방식":100,
            "공급면적":"--",
            "전용률":"--",
            "욕실수":100,
            "현관타입":100,
            "주거총점":70.5,
            "지역구공급총점":100.0,
            "역세권":0,
            "30분내 이동가능 거점":0,
            "1시간내 이동가능 거점":10,
            "교통총점":2.0,
            "백화점":100,
            "아울렛몰":80,
            "대형마트":100,
            "은행":0,
            "병원":30,
            "종합병원":100,
            "공원":100,
            "혐오시설":0,
            "인프라총점":79.0,
            "초등학군":90.02,
            "중학군":53.8,
            "학군총점":61.044,
            "인구수":30.45,
            "인구증감":-12.79,
            "인구총점":17.478,
            "일자리":12.28,
            "소득수준":58.69,
            "일자리총점":26.203,
            "가치 총점":47.6566,
            "매매실거래년":20200706.0,
            "매매실거래가":65900.0,
            "전세실거래년":null,
            "전세실거래가":null,
            "전세가율":null,
            "장기전세가율평균":75.23,
            "전세가율거품지수":null,
            "검색코드":2888,
            "세대수":1040.0,
            "준공년월":"1994-10-14",
            "준공년차":29.0,
            "가까운역이름":"금정",
            "가까운역거리":1308.98,
            "역세권여부":"비역세권",
            "30분이내주요거점역":0,
            "30분거점역이름":"[]",
            "1시간이내주요거점역":1,
            "1시간거점역이름":"['평촌']",
            "3km이내백화점수":1,
            "5km이내아울렛몰수":1,
            "1km이내대형먀트수":2,
            "500m이내은행수":1,
            "500m이내병원수":9,
            "5km이내대형병원수":5,
            "500m이내공원수":8,
            "3km이내혐오시설수":0,
            "초등학교학업성취도":90.02,
            "중학교학업성취도":88.6,
            "용적률":218,
            "건폐율":14,
            "Y":37.369552,
            "X":126.928878,
            "rank":32.0,
            "area_info":"30평(99.77), 31평(103.64), 32평(107.61), 35평(118.54), 35평(118.54), 39평(129.52), 39평(131.96), 41평(138.69), 46평(153.59), 46평(153.05), 46평(153.59), 46평(154.13), 47평(156.05), 54평(180.99), 54평(181.21), 57평(190.89), 58평(192.1), 64평(213.82), 64평(213.96)",
            "last_sales":"2020-07-06,65900.0,64평(213.96)",
            "rank_history":[
                [
                    "202203",
                    32
                ],
                [
                    "202202",
                    27
                ],
                [
                    "202201",
                    28
                ]
            ],
            "rank_gap":-5
        },
        {
            "index":17,
            "아파트명":"무궁화(화성)",
            "투자타입":"재건축",
            "전용면적(m2)":"120.9",
            "전용면적(평)":"36평",
            "법정동주소":"경기도 군포시 금정동 849-1",
            "도로명주소":"경기도 군포시 번영로550번길 6",
            "세대수":50,
            "입주년차":"--",
            "용적률점수":0,
            "건폐율점수":0,
            "세대당주차수":"--",
            "난방방식":"--",
            "공급면적":100,
            "전용률":80,
            "욕실수":"--",
            "현관타입":"--",
            "주거총점":24.0,
            "지역구공급총점":100.0,
            "역세권":80,
            "30분내 이동가능 거점":0,
            "1시간내 이동가능 거점":20,
            "교통총점":44.0,
            "백화점":0,
            "아울렛몰":80,
            "대형마트":100,
            "은행":100,
            "병원":80,
            "종합병원":100,
            "공원":100,
            "혐오시설":0,
            "인프라총점":64.0,
            "초등학군":90.0,
            "중학군":42.9,
            "학군총점":52.32,
            "인구수":30.45,
            "인구증감":-12.79,
            "인구총점":17.478,
            "일자리":12.28,
            "소득수준":58.69,
            "일자리총점":26.203,
            "가치 총점":47.248,
            "매매실거래년":20211101.0,
            "매매실거래가":60000.0,
            "전세실거래년":20210913.0,
            "전세실거래가":55000.0,
            "전세가율":91.67,
            "장기전세가율평균":75.23,
            "전세가율거품지수":-16.44,
            "검색코드":2880,
            "세대수":402.0,
            "준공년월":"1992-12-15",
            "준공년차":31.0,
            "가까운역이름":"산본",
            "가까운역거리":398.42,
            "역세권여부":"역세권",
            "30분이내주요거점역":0,
            "30분거점역이름":"[]",
            "1시간이내주요거점역":2,
            "1시간거점역이름":"['평촌', '가산디지털단지']",
            "3km이내백화점수":0,
            "5km이내아울렛몰수":1,
            "1km이내대형먀트수":3,
            "500m이내은행수":5,
            "500m이내병원수":53,
            "5km이내대형병원수":5,
            "500m이내공원수":5,
            "3km이내혐오시설수":0,
            "초등학교학업성취도":90.0,
            "중학교학업성취도":71.5,
            "용적률":220,
            "건폐율":0,
            "Y":37.3594,
            "X":126.937206,
            "rank":33.0,
            "area_info":"36평(120.9), 47평(156.4)",
            "last_sales":"2021-11-01,60000.0,36평(120.9)",
            "rank_history":[
                [
                    "202203",
                    33
                ],
                [
                    "202202",
                    21
                ],
                [
                    "202201",
                    22
                ]
            ],
            "rank_gap":-12
        },
        {
            "index":247,
            "아파트명":"군포대야미e-편한세상",
            "투자타입":"일반",
            "전용면적(m2)":"81.63",
            "전용면적(평)":"24평",
            "법정동주소":"경기도 군포시 대야미동 667-3",
            "도로명주소":"경기도 군포시 군포로 109",
            "세대수":50,
            "입주년차":40,
            "용적률점수":"--",
            "건폐율점수":"--",
            "세대당주차수":30,
            "난방방식":30,
            "공급면적":"--",
            "전용률":"--",
            "욕실수":100,
            "현관타입":100,
            "주거총점":53.0,
            "지역구공급총점":100.0,
            "역세권":80,
            "30분내 이동가능 거점":20,
            "1시간내 이동가능 거점":30,
            "교통총점":52.0,
            "백화점":0,
            "아울렛몰":80,
            "대형마트":0,
            "은행":0,
            "병원":10,
            "종합병원":100,
            "공원":100,
            "혐오시설":0,
            "인프라총점":32.0,
            "초등학군":89.99,
            "중학군":48.36,
            "학군총점":56.686,
            "인구수":30.45,
            "인구증감":-12.79,
            "인구총점":17.478,
            "일자리":12.28,
            "소득수준":58.69,
            "일자리총점":26.203,
            "가치 총점":46.9029,
            "매매실거래년":20210917.0,
            "매매실거래가":52500.0,
            "전세실거래년":20210715.0,
            "전세실거래가":33000.0,
            "전세가율":62.86,
            "장기전세가율평균":75.23,
            "전세가율거품지수":12.37,
            "검색코드":26398,
            "세대수":689.0,
            "준공년월":"2008-06-20",
            "준공년차":15.0,
            "가까운역이름":"대야미",
            "가까운역거리":269.89,
            "역세권여부":"역세권",
            "30분이내주요거점역":1,
            "30분거점역이름":"['안산']",
            "1시간이내주요거점역":3,
            "1시간거점역이름":"['가산디지털단지', '수원', '안산']",
            "3km이내백화점수":0,
            "5km이내아울렛몰수":1,
            "1km이내대형먀트수":0,
            "500m이내은행수":0,
            "500m이내병원수":4,
            "5km이내대형병원수":3,
            "500m이내공원수":3,
            "3km이내혐오시설수":0,
            "초등학교학업성취도":89.99,
            "중학교학업성취도":79.2,
            "용적률":228,
            "건폐율":20,
            "Y":37.325583,
            "X":126.916312,
            "rank":34.0,
            "area_info":"24평(81.63), 33평(109.59), 33평(110.45), 34평(112.75)",
            "last_sales":"2021-09-17,52500.0,24평(81.63)",
            "rank_history":[
                [
                    "202203",
                    34
                ],
                [
                    "202202",
                    35
                ],
                [
                    "202201",
                    37
                ]
            ],
            "rank_gap":1
        },
        {
            "index":448,
            "아파트명":"을지삼익,한일",
            "투자타입":"일반",
            "전용면적(m2)":"123.38",
            "전용면적(평)":"37평",
            "법정동주소":"경기도 군포시 산본동 1145-14",
            "도로명주소":"경기도 군포시 산본천로 12",
            "세대수":80,
            "입주년차":0,
            "용적률점수":"--",
            "건폐율점수":"--",
            "세대당주차수":0,
            "난방방식":100,
            "공급면적":"--",
            "전용률":"--",
            "욕실수":100,
            "현관타입":100,
            "주거총점":58.0,
            "지역구공급총점":100.0,
            "역세권":50,
            "30분내 이동가능 거점":0,
            "1시간내 이동가능 거점":0,
            "교통총점":25.0,
            "백화점":0,
            "아울렛몰":80,
            "대형마트":100,
            "은행":20,
            "병원":100,
            "종합병원":100,
            "공원":100,
            "혐오시설":0,
            "인프라총점":58.0,
            "초등학군":89.97,
            "중학군":52.46,
            "학군총점":59.962,
            "인구수":30.45,
            "인구증감":-12.79,
            "인구총점":17.478,
            "일자리":12.28,
            "소득수준":58.69,
            "일자리총점":26.203,
            "가치 총점":46.7443,
            "매매실거래년":20211002.0,
            "매매실거래가":88000.0,
            "전세실거래년":20220115.0,
            "전세실거래가":60000.0,
            "전세가율":81.63,
            "장기전세가율평균":75.23,
            "전세가율거품지수":-6.4,
            "검색코드":2901,
            "세대수":818.0,
            "준공년월":"1993-09-27",
            "준공년차":30.0,
            "가까운역이름":"산본",
            "가까운역거리":580.36,
            "역세권여부":"준역세권",
            "30분이내주요거점역":0,
            "30분거점역이름":"[]",
            "1시간이내주요거점역":0,
            "1시간거점역이름":"[]",
            "3km이내백화점수":0,
            "5km이내아울렛몰수":1,
            "1km이내대형먀트수":3,
            "500m이내은행수":2,
            "500m이내병원수":74,
            "5km이내대형병원수":5,
            "500m이내공원수":10,
            "3km이내혐오시설수":0,
            "초등학교학업성취도":89.97,
            "중학교학업성취도":85.3,
            "용적률":219,
            "건폐율":13,
            "Y":37.357529,
            "X":126.926509,
            "rank":35.0,
            "area_info":"37평(123.38), 38평(126.84), 38평(126.84), 43평(145.43), 48평(160.1), 49평(163.69), 69평(228.35)",
            "last_sales":"2021-10-02,88000.0,43평(145.43)",
            "rank_history":[
                [
                    "202203",
                    35
                ],
                [
                    "202202",
                    20
                ],
                [
                    "202201",
                    25
                ]
            ],
            "rank_gap":-15
        },
        {
            "index":203,
            "아파트명":"당정마을LG2차",
            "투자타입":"일반",
            "전용면적(m2)":"116.44",
            "전용면적(평)":"35평",
            "법정동주소":"경기도 군포시 당정동 973-1",
            "도로명주소":"경기도 군포시 고산로151번길 26-23",
            "세대수":90,
            "입주년차":20,
            "용적률점수":"--",
            "건폐율점수":"--",
            "세대당주차수":60,
            "난방방식":100,
            "공급면적":"--",
            "전용률":"--",
            "욕실수":100,
            "현관타입":100,
            "주거총점":74.5,
            "지역구공급총점":100.0,
            "역세권":50,
            "30분내 이동가능 거점":20,
            "1시간내 이동가능 거점":30,
            "교통총점":37.0,
            "백화점":0,
            "아울렛몰":80,
            "대형마트":0,
            "은행":0,
            "병원":30,
            "종합병원":100,
            "공원":100,
            "혐오시설":0,
            "인프라총점":34.0,
            "초등학군":90.0,
            "중학군":49.68,
            "학군총점":57.744,
            "인구수":30.45,
            "인구증감":-12.79,
            "인구총점":17.478,
            "일자리":12.28,
            "소득수준":58.69,
            "일자리총점":26.203,
            "가치 총점":46.7116,
            "매매실거래년":20210917.0,
            "매매실거래가":90000.0,
            "전세실거래년":20220213.0,
            "전세실거래가":33600.0,
            "전세가율":54.19,
            "장기전세가율평균":75.23,
            "전세가율거품지수":21.04,
            "검색코드":14490,
            "세대수":914.0,
            "준공년월":"2003-04-19",
            "준공년차":20.0,
            "가까운역이름":"당정",
            "가까운역거리":676.33,
            "역세권여부":"준역세권",
            "30분이내주요거점역":1,
            "30분거점역이름":"['수원']",
            "1시간이내주요거점역":3,
            "1시간거점역이름":"['평촌', '가산디지털단지', '수원']",
            "3km이내백화점수":0,
            "5km이내아울렛몰수":1,
            "1km이내대형먀트수":0,
            "500m이내은행수":0,
            "500m이내병원수":8,
            "5km이내대형병원수":3,
            "500m이내공원수":4,
            "3km이내혐오시설수":0,
            "초등학교학업성취도":90.0,
            "중학교학업성취도":81.0,
            "용적률":225,
            "건폐율":16,
            "Y":37.345095,
            "X":126.955815,
            "rank":36.0,
            "area_info":"35평(116.44), 49평(163.57), 55평(184.29)",
            "last_sales":"2021-09-17,90000.0,55평(184.29)",
            "rank_history":[
                [
                    "202203",
                    36
                ],
                [
                    "202202",
                    41
                ],
                [
                    "202201",
                    42
                ]
            ],
            "rank_gap":5
        },
        {
            "index":223,
            "아파트명":"스튜디오77(도시형)",
            "투자타입":"일반",
            "전용면적(m2)":"25.73",
            "전용면적(평)":"7평",
            "법정동주소":"경기도 군포시 당정동 1010-8",
            "도로명주소":"경기도 군포시 고산로211번길 20",
            "세대수":0,
            "입주년차":60,
            "용적률점수":"--",
            "건폐율점수":"--",
            "세대당주차수":0,
            "난방방식":30,
            "공급면적":"--",
            "전용률":"--",
            "욕실수":50,
            "현관타입":100,
            "주거총점":30.0,
            "지역구공급총점":100.0,
            "역세권":80,
            "30분내 이동가능 거점":40,
            "1시간내 이동가능 거점":50,
            "교통총점":62.0,
            "백화점":0,
            "아울렛몰":80,
            "대형마트":0,
            "은행":0,
            "병원":30,
            "종합병원":100,
            "공원":100,
            "혐오시설":0,
            "인프라총점":34.0,
            "초등학군":89.99,
            "중학군":49.9,
            "학군총점":57.918,
            "인구수":30.45,
            "인구증감":-12.79,
            "인구총점":17.478,
            "일자리":12.28,
            "소득수준":58.69,
            "일자리총점":26.203,
            "가치 총점":46.5877,
            "매매실거래년":"18000101",
            "매매실거래가":null,
            "전세실거래년":20220120.0,
            "전세실거래가":7350.0,
            "전세가율":null,
            "장기전세가율평균":75.23,
            "전세가율거품지수":null,
            "검색코드":139267,
            "세대수":77.0,
            "준공년월":"2011-11-07",
            "준공년차":12.0,
            "가까운역이름":"당정",
            "가까운역거리":123.42,
            "역세권여부":"역세권",
            "30분이내주요거점역":2,
            "30분거점역이름":"['가산디지털단지', '수원']",
            "1시간이내주요거점역":5,
            "1시간거점역이름":"['평촌', '가산디지털단지', '수원', '구로디지털단지', '안산']",
            "3km이내백화점수":0,
            "5km이내아울렛몰수":1,
            "1km이내대형먀트수":0,
            "500m이내은행수":0,
            "500m이내병원수":9,
            "5km이내대형병원수":3,
            "500m이내공원수":10,
            "3km이내혐오시설수":0,
            "초등학교학업성취도":89.99,
            "중학교학업성취도":82.5,
            "용적률":229,
            "건폐율":45,
            "Y":37.344158,
            "X":126.949637,
            "rank":37.0,
            "area_info":"7평(25.73), 7평(25.02)",
            "last_sales":"1800-01-01,nan,7평(25.73)",
            "rank_history":[
                [
                    "202203",
                    37
                ],
                [
                    "202202",
                    9999
                ]
            ],
            "rank_gap":9999
        },
        {
            "index":229,
            "아파트명":"한솔솔파크1단지",
            "투자타입":"일반",
            "전용면적(m2)":"106.18",
            "전용면적(평)":"32평",
            "법정동주소":"경기도 군포시 당정동 1001-1",
            "도로명주소":"경기도 군포시 고산로185번길 6",
            "세대수":0,
            "입주년차":40,
            "용적률점수":"--",
            "건폐율점수":"--",
            "세대당주차수":30,
            "난방방식":100,
            "공급면적":"--",
            "전용률":"--",
            "욕실수":100,
            "현관타입":100,
            "주거총점":42.5,
            "지역구공급총점":100.0,
            "역세권":80,
            "30분내 이동가능 거점":20,
            "1시간내 이동가능 거점":30,
            "교통총점":52.0,
            "백화점":0,
            "아울렛몰":80,
            "대형마트":0,
            "은행":0,
            "병원":60,
            "종합병원":100,
            "공원":100,
            "혐오시설":0,
            "인프라총점":37.0,
            "초등학군":90.0,
            "중학군":49.9,
            "학군총점":57.92,
            "인구수":30.45,
            "인구증감":-12.79,
            "인구총점":17.478,
            "일자리":12.28,
            "소득수준":58.69,
            "일자리총점":26.203,
            "가치 총점":46.488,
            "매매실거래년":20211105.0,
            "매매실거래가":60000.0,
            "전세실거래년":20211204.0,
            "전세실거래가":33600.0,
            "전세가율":56.0,
            "장기전세가율평균":75.23,
            "전세가율거품지수":19.23,
            "검색코드":100427,
            "세대수":75.0,
            "준공년월":"2008-10-31",
            "준공년차":15.0,
            "가까운역이름":"당정",
            "가까운역거리":349.91,
            "역세권여부":"역세권",
            "30분이내주요거점역":1,
            "30분거점역이름":"['수원']",
            "1시간이내주요거점역":3,
            "1시간거점역이름":"['평촌', '가산디지털단지', '수원']",
            "3km이내백화점수":0,
            "5km이내아울렛몰수":1,
            "1km이내대형먀트수":0,
            "500m이내은행수":1,
            "500m이내병원수":12,
            "5km이내대형병원수":3,
            "500m이내공원수":10,
            "3km이내혐오시설수":0,
            "초등학교학업성취도":90.0,
            "중학교학업성취도":82.5,
            "용적률":183,
            "건폐율":18,
            "Y":37.345919,
            "X":126.951165,
            "rank":38.0,
            "area_info":"32평(106.18)",
            "last_sales":"2021-11-05,60000.0,32평(106.18)",
            "rank_history":[
                [
                    "202203",
                    38
                ],
                [
                    "202202",
                    9999
                ]
            ],
            "rank_gap":9999
        },
        {
            "index":232,
            "아파트명":"한솔솔파크3단지",
            "투자타입":"일반",
            "전용면적(m2)":"105.31",
            "전용면적(평)":"31평",
            "법정동주소":"경기도 군포시 당정동 999-1",
            "도로명주소":"경기도 군포시 고산로185번길 6",
            "세대수":0,
            "입주년차":40,
            "용적률점수":"--",
            "건폐율점수":"--",
            "세대당주차수":30,
            "난방방식":100,
            "공급면적":"--",
            "전용률":"--",
            "욕실수":100,
            "현관타입":100,
            "주거총점":42.5,
            "지역구공급총점":100.0,
            "역세권":80,
            "30분내 이동가능 거점":20,
            "1시간내 이동가능 거점":30,
            "교통총점":52.0,
            "백화점":0,
            "아울렛몰":80,
            "대형마트":0,
            "은행":0,
            "병원":60,
            "종합병원":100,
            "공원":100,
            "혐오시설":0,
            "인프라총점":37.0,
            "초등학군":90.0,
            "중학군":49.9,
            "학군총점":57.92,
            "인구수":30.45,
            "인구증감":-12.79,
            "인구총점":17.478,
            "일자리":12.28,
            "소득수준":58.69,
            "일자리총점":26.203,
            "가치 총점":46.488,
            "매매실거래년":20210521.0,
            "매매실거래가":55000.0,
            "전세실거래년":20210708.0,
            "전세실거래가":31500.0,
            "전세가율":57.27,
            "장기전세가율평균":75.23,
            "전세가율거품지수":17.96,
            "검색코드":100429,
            "세대수":83.0,
            "준공년월":"2008-10-31",
            "준공년차":15.0,
            "가까운역이름":"당정",
            "가까운역거리":341.43,
            "역세권여부":"역세권",
            "30분이내주요거점역":1,
            "30분거점역이름":"['수원']",
            "1시간이내주요거점역":3,
            "1시간거점역이름":"['평촌', '가산디지털단지', '수원']",
            "3km이내백화점수":0,
            "5km이내아울렛몰수":1,
            "1km이내대형먀트수":0,
            "500m이내은행수":1,
            "500m이내병원수":11,
            "5km이내대형병원수":3,
            "500m이내공원수":11,
            "3km이내혐오시설수":0,
            "초등학교학업성취도":90.0,
            "중학교학업성취도":82.5,
            "용적률":219,
            "건폐율":19,
            "Y":37.3454,
            "X":126.951579,
            "rank":38.0,
            "area_info":"31평(105.31)",
            "last_sales":"2021-05-21,55000.0,31평(105.31)",
            "rank_history":[
                [
                    "202203",
                    38
                ],
                [
                    "202202",
                    9999
                ]
            ],
            "rank_gap":9999
        },
        {
            "index":235,
            "아파트명":"한솔솔파크6단지",
            "투자타입":"일반",
            "전용면적(m2)":"105.64",
            "전용면적(평)":"31평",
            "법정동주소":"경기도 군포시 당정동 1002-10",
            "도로명주소":"경기도 군포시 고산로185번길 6",
            "세대수":0,
            "입주년차":40,
            "용적률점수":"--",
            "건폐율점수":"--",
            "세대당주차수":30,
            "난방방식":100,
            "공급면적":"--",
            "전용률":"--",
            "욕실수":100,
            "현관타입":100,
            "주거총점":42.5,
            "지역구공급총점":100.0,
            "역세권":80,
            "30분내 이동가능 거점":20,
            "1시간내 이동가능 거점":30,
            "교통총점":52.0,
            "백화점":0,
            "아울렛몰":80,
            "대형마트":0,
            "은행":0,
            "병원":60,
            "종합병원":100,
            "공원":100,
            "혐오시설":0,
            "인프라총점":37.0,
            "초등학군":90.0,
            "중학군":49.9,
            "학군총점":57.92,
            "인구수":30.45,
            "인구증감":-12.79,
            "인구총점":17.478,
            "일자리":12.28,
            "소득수준":58.69,
            "일자리총점":26.203,
            "가치 총점":46.488,
            "매매실거래년":20210817.0,
            "매매실거래가":60000.0,
            "전세실거래년":20211102.0,
            "전세실거래가":50000.0,
            "전세가율":83.33,
            "장기전세가율평균":75.23,
            "전세가율거품지수":-8.1,
            "검색코드":27105,
            "세대수":84.0,
            "준공년월":"2008-10-31",
            "준공년차":15.0,
            "가까운역이름":"당정",
            "가까운역거리":387.46,
            "역세권여부":"역세권",
            "30분이내주요거점역":1,
            "30분거점역이름":"['수원']",
            "1시간이내주요거점역":3,
            "1시간거점역이름":"['평촌', '가산디지털단지', '수원']",
            "3km이내백화점수":0,
            "5km이내아울렛몰수":1,
            "1km이내대형먀트수":0,
            "500m이내은행수":1,
            "500m이내병원수":12,
            "5km이내대형병원수":3,
            "500m이내공원수":11,
            "3km이내혐오시설수":0,
            "초등학교학업성취도":90.0,
            "중학교학업성취도":82.5,
            "용적률":223,
            "건폐율":20,
            "Y":37.346423,
            "X":126.95109,
            "rank":38.0,
            "area_info":"31평(105.64), 31평(105.78), 31평(105.78), 31평(105.78), 31평(105.78), 31평(105.78)",
            "last_sales":"2021-08-17,60000.0,31평(105.64)",
            "rank_history":[
                [
                    "202203",
                    38
                ],
                [
                    "202202",
                    9999
                ]
            ],
            "rank_gap":9999
        },
        {
            "index":440,
            "아파트명":"신안모란",
            "투자타입":"일반",
            "전용면적(m2)":"84.95",
            "전용면적(평)":"25평",
            "법정동주소":"경기도 군포시 산본동 1065-4",
            "도로명주소":"경기도 군포시 고산로643번길 10",
            "세대수":80,
            "입주년차":0,
            "용적률점수":"--",
            "건폐율점수":"--",
            "세대당주차수":0,
            "난방방식":100,
            "공급면적":"--",
            "전용률":"--",
            "욕실수":50,
            "현관타입":100,
            "주거총점":53.0,
            "지역구공급총점":100.0,
            "역세권":0,
            "30분내 이동가능 거점":0,
            "1시간내 이동가능 거점":20,
            "교통총점":4.0,
            "백화점":100,
            "아울렛몰":80,
            "대형마트":80,
            "은행":70,
            "병원":60,
            "종합병원":100,
            "공원":100,
            "혐오시설":0,
            "인프라총점":86.0,
            "초등학군":89.99,
            "중학군":48.8,
            "학군총점":57.038,
            "인구수":30.45,
            "인구증감":-12.79,
            "인구총점":17.478,
            "일자리":12.28,
            "소득수준":58.69,
            "일자리총점":26.203,
            "가치 총점":46.3557,
            "매매실거래년":20220113.0,
            "매매실거래가":70000.0,
            "전세실거래년":20220108.0,
            "전세실거래가":28000.0,
            "전세가율":45.53,
            "장기전세가율평균":75.23,
            "전세가율거품지수":29.7,
            "검색코드":2897,
            "세대수":716.0,
            "준공년월":"1994-10-19",
            "준공년차":29.0,
            "가까운역이름":"금정",
            "가까운역거리":1100.62,
            "역세권여부":"비역세권",
            "30분이내주요거점역":0,
            "30분거점역이름":"[]",
            "1시간이내주요거점역":2,
            "1시간거점역이름":"['양재', '평촌']",
            "3km이내백화점수":1,
            "5km이내아울렛몰수":1,
            "1km이내대형먀트수":1,
            "500m이내은행수":3,
            "500m이내병원수":28,
            "5km이내대형병원수":5,
            "500m이내공원수":9,
            "3km이내혐오시설수":0,
            "초등학교학업성취도":89.99,
            "중학교학업성취도":79.6,
            "용적률":242,
            "건폐율":18,
            "Y":37.370095,
            "X":126.931139,
            "rank":39.0,
            "area_info":"25평(84.95), 30평(102.13)",
            "last_sales":"2022-01-13,70000.0,30평(102.13)",
            "rank_history":[
                [
                    "202203",
                    39
                ],
                [
                    "202202",
                    18
                ],
                [
                    "202201",
                    17
                ]
            ],
            "rank_gap":-21
        },
        {
            "index":463,
            "아파트명":"주몽주공10단지",
            "투자타입":"일반",
            "전용면적(m2)":"53.15",
            "전용면적(평)":"16평",
            "법정동주소":"경기도 군포시 산본동 1120",
            "도로명주소":"경기도 군포시 광정로 122",
            "세대수":100,
            "입주년차":0,
            "용적률점수":"--",
            "건폐율점수":"--",
            "세대당주차수":0,
            "난방방식":100,
            "공급면적":"--",
            "전용률":"--",
            "욕실수":50,
            "현관타입":10,
            "주거총점":51.0,
            "지역구공급총점":100.0,
            "역세권":50,
            "30분내 이동가능 거점":0,
            "1시간내 이동가능 거점":20,
            "교통총점":29.0,
            "백화점":0,
            "아울렛몰":80,
            "대형마트":100,
            "은행":20,
            "병원":80,
            "종합병원":100,
            "공원":100,
            "혐오시설":0,
            "인프라총점":56.0,
            "초등학군":89.97,
            "중학군":53.8,
            "학군총점":61.034,
            "인구수":30.45,
            "인구증감":-12.79,
            "인구총점":17.478,
            "일자리":12.28,
            "소득수준":58.69,
            "일자리총점":26.203,
            "가치 총점":46.3051,
            "매매실거래년":20211123.0,
            "매매실거래가":33700.0,
            "전세실거래년":20220205.0,
            "전세실거래가":16000.0,
            "전세가율":47.48,
            "장기전세가율평균":75.23,
            "전세가율거품지수":27.75,
            "검색코드":2906,
            "세대수":2118.0,
            "준공년월":"1996-08-23",
            "준공년차":27.0,
            "가까운역이름":"산본",
            "가까운역거리":804.78,
            "역세권여부":"준역세권",
            "30분이내주요거점역":0,
            "30분거점역이름":"[]",
            "1시간이내주요거점역":2,
            "1시간거점역이름":"['평촌', '안산']",
            "3km이내백화점수":0,
            "5km이내아울렛몰수":1,
            "1km이내대형먀트수":3,
            "500m이내은행수":2,
            "500m이내병원수":50,
            "5km이내대형병원수":5,
            "500m이내공원수":8,
            "3km이내혐오시설수":0,
            "초등학교학업성취도":89.97,
            "중학교학업성취도":88.6,
            "용적률":203,
            "건폐율":16,
            "Y":37.36403,
            "X":126.927974,
            "rank":40.0,
            "area_info":"16평(53.15), 18평(60.34), 20평(67.76), 21평(70.29)",
            "last_sales":"2021-11-23,33700.0,16평(53.15)",
            "rank_history":[
                [
                    "202203",
                    40
                ],
                [
                    "202202",
                    17
                ],
                [
                    "202201",
                    16
                ]
            ],
            "rank_gap":-23
        },
        {
            "index":241,
            "아파트명":"한솔솔파크7단지",
            "투자타입":"일반",
            "전용면적(m2)":"82.38",
            "전용면적(평)":"24평",
            "법정동주소":"경기도 군포시 당정동 1006-1",
            "도로명주소":"경기도 군포시 고산로185번길 6",
            "세대수":0,
            "입주년차":60,
            "용적률점수":"--",
            "건폐율점수":"--",
            "세대당주차수":30,
            "난방방식":100,
            "공급면적":"--",
            "전용률":"--",
            "욕실수":50,
            "현관타입":100,
            "주거총점":41.5,
            "지역구공급총점":100.0,
            "역세권":80,
            "30분내 이동가능 거점":20,
            "1시간내 이동가능 거점":30,
            "교통총점":52.0,
            "백화점":0,
            "아울렛몰":80,
            "대형마트":0,
            "은행":0,
            "병원":60,
            "종합병원":100,
            "공원":100,
            "혐오시설":0,
            "인프라총점":37.0,
            "초등학군":90.0,
            "중학군":49.9,
            "학군총점":57.92,
            "인구수":30.45,
            "인구증감":-12.79,
            "인구총점":17.478,
            "일자리":12.28,
            "소득수준":58.69,
            "일자리총점":26.203,
            "가치 총점":46.288,
            "매매실거래년":20210515.0,
            "매매실거래가":53800.0,
            "전세실거래년":20201224.0,
            "전세실거래가":30000.0,
            "전세가율":103.45,
            "장기전세가율평균":75.23,
            "전세가율거품지수":-28.22,
            "검색코드":100433,
            "세대수":60.0,
            "준공년월":"2009-05-13",
            "준공년차":14.0,
            "가까운역이름":"당정",
            "가까운역거리":295.95,
            "역세권여부":"역세권",
            "30분이내주요거점역":1,
            "30분거점역이름":"['수원']",
            "1시간이내주요거점역":3,
            "1시간거점역이름":"['평촌', '가산디지털단지', '수원']",
            "3km이내백화점수":0,
            "5km이내아울렛몰수":1,
            "1km이내대형먀트수":0,
            "500m이내은행수":1,
            "500m이내병원수":12,
            "5km이내대형병원수":3,
            "500m이내공원수":12,
            "3km이내혐오시설수":0,
            "초등학교학업성취도":90.0,
            "중학교학업성취도":82.5,
            "용적률":222,
            "건폐율":18,
            "Y":37.345999,
            "X":126.950036,
            "rank":41.0,
            "area_info":"24평(82.38), 32평(106.16)",
            "last_sales":"2021-05-15,53800.0,32평(106.16)",
            "rank_history":[
                [
                    "202203",
                    41
                ],
                [
                    "202202",
                    9999
                ]
            ],
            "rank_gap":9999
        },
        {
            "index":251,
            "아파트명":"군포대야미역서해그랑블",
            "투자타입":"일반",
            "전용면적(m2)":"81.95",
            "전용면적(평)":"24평",
            "법정동주소":"경기도 군포시 대야미동 666-1번지 외 3필지",
            "도로명주소":"경기도 군포시 군포로 109-143",
            "세대수":0,
            "입주년차":100,
            "용적률점수":"--",
            "건폐율점수":"--",
            "세대당주차수":30,
            "난방방식":30,
            "공급면적":"--",
            "전용률":"--",
            "욕실수":100,
            "현관타입":100,
            "주거총점":47.5,
            "지역구공급총점":100.0,
            "역세권":80,
            "30분내 이동가능 거점":20,
            "1시간내 이동가능 거점":30,
            "교통총점":52.0,
            "백화점":0,
            "아울렛몰":80,
            "대형마트":0,
            "은행":0,
            "병원":10,
            "종합병원":100,
            "공원":100,
            "혐오시설":0,
            "인프라총점":32.0,
            "초등학군":89.99,
            "중학군":48.36,
            "학군총점":56.686,
            "인구수":30.45,
            "인구증감":-12.79,
            "인구총점":17.478,
            "일자리":12.28,
            "소득수준":58.69,
            "일자리총점":26.203,
            "가치 총점":45.8029,
            "매매실거래년":"18000101",
            "매매실거래가":null,
            "전세실거래년":null,
            "전세실거래가":null,
            "전세가율":null,
            "장기전세가율평균":75.23,
            "전세가율거품지수":null,
            "검색코드":128389,
            "세대수":184.0,
            "준공년월":"2021-10-01",
            "준공년차":2.0,
            "가까운역이름":"대야미",
            "가까운역거리":141.45,
            "역세권여부":"역세권",
            "30분이내주요거점역":1,
            "30분거점역이름":"['안산']",
            "1시간이내주요거점역":3,
            "1시간거점역이름":"['가산디지털단지', '수원', '안산']",
            "3km이내백화점수":0,
            "5km이내아울렛몰수":1,
            "1km이내대형먀트수":0,
            "500m이내은행수":0,
            "500m이내병원수":4,
            "5km이내대형병원수":3,
            "500m이내공원수":4,
            "3km이내혐오시설수":0,
            "초등학교학업성취도":89.99,
            "중학교학업성취도":79.2,
            "용적률":0,
            "건폐율":0,
            "Y":37.326716,
            "X":126.916595,
            "rank":42.0,
            "area_info":"24평(81.95), 25평(83.71), 28평(94.63), 30평(99.75)",
            "last_sales":"1800-01-01,nan,24평(81.95)",
            "rank_history":[
                [
                    "202203",
                    42
                ],
                [
                    "202202",
                    31
                ],
                [
                    "202201",
                    31
                ]
            ],
            "rank_gap":-11
        },
        {
            "index":79,
            "아파트명":"군포당동동도센트리움",
            "투자타입":"일반",
            "전용면적(m2)":"56.18",
            "전용면적(평)":"16평",
            "법정동주소":"경기도 군포시 당동 963",
            "도로명주소":"경기도 군포시 용호1로46번길 11",
            "세대수":0,
            "입주년차":100,
            "용적률점수":"--",
            "건폐율점수":"--",
            "세대당주차수":30,
            "난방방식":100,
            "공급면적":"--",
            "전용률":"--",
            "욕실수":50,
            "현관타입":100,
            "주거총점":49.5,
            "지역구공급총점":100.0,
            "역세권":50,
            "30분내 이동가능 거점":20,
            "1시간내 이동가능 거점":40,
            "교통총점":39.0,
            "백화점":0,
            "아울렛몰":80,
            "대형마트":0,
            "은행":70,
            "병원":60,
            "종합병원":100,
            "공원":100,
            "혐오시설":0,
            "인프라총점":44.0,
            "초등학군":90.0,
            "중학군":52.8,
            "학군총점":60.24,
            "인구수":30.45,
            "인구증감":-12.79,
            "인구총점":17.478,
            "일자리":12.28,
            "소득수준":58.69,
            "일자리총점":26.203,
            "가치 총점":45.786,
            "매매실거래년":20211125.0,
            "매매실거래가":43000.0,
            "전세실거래년":20220127.0,
            "전세실거래가":24000.0,
            "전세가율":55.81,
            "장기전세가율평균":75.23,
            "전세가율거품지수":19.42,
            "검색코드":119404,
            "세대수":218.0,
            "준공년월":"2019-09-25",
            "준공년차":4.0,
            "가까운역이름":"당정",
            "가까운역거리":737.87,
            "역세권여부":"준역세권",
            "30분이내주요거점역":1,
            "30분거점역이름":"['수원']",
            "1시간이내주요거점역":4,
            "1시간거점역이름":"['평촌', '가산디지털단지', '수원', '안산']",
            "3km이내백화점수":0,
            "5km이내아울렛몰수":1,
            "1km이내대형먀트수":0,
            "500m이내은행수":3,
            "500m이내병원수":26,
            "5km이내대형병원수":3,
            "500m이내공원수":7,
            "3km이내혐오시설수":0,
            "초등학교학업성취도":90.0,
            "중학교학업성취도":85.0,
            "용적률":228,
            "건폐율":22,
            "Y":37.346283,
            "X":126.940688,
            "rank":43.0,
            "area_info":"16평(56.18), 19평(63.47), 20평(68.4)",
            "last_sales":"2021-11-25,43000.0,16평(56.18)",
            "rank_history":[
                [
                    "202203",
                    43
                ],
                [
                    "202202",
                    38
                ],
                [
                    "202201",
                    39
                ]
            ],
            "rank_gap":-5
        },
        {
            "index":126,
            "아파트명":"무지개마을대림",
            "투자타입":"일반",
            "전용면적(m2)":"78.4",
            "전용면적(평)":"23평",
            "법정동주소":"경기도 군포시 당동 954",
            "도로명주소":"경기도 군포시 금당로17번길 9",
            "세대수":90,
            "입주년차":20,
            "용적률점수":"--",
            "건폐율점수":"--",
            "세대당주차수":30,
            "난방방식":100,
            "공급면적":"--",
            "전용률":"--",
            "욕실수":100,
            "현관타입":100,
            "주거총점":70.0,
            "지역구공급총점":100.0,
            "역세권":50,
            "30분내 이동가능 거점":0,
            "1시간내 이동가능 거점":40,
            "교통총점":33.0,
            "백화점":0,
            "아울렛몰":80,
            "대형마트":0,
            "은행":0,
            "병원":60,
            "종합병원":100,
            "공원":100,
            "혐오시설":0,
            "인프라총점":37.0,
            "초등학군":90.01,
            "중학군":52.8,
            "학군총점":60.242,
            "인구수":30.45,
            "인구증감":-12.79,
            "인구총점":17.478,
            "일자리":12.28,
            "소득수준":58.69,
            "일자리총점":26.203,
            "가치 총점":45.6863,
            "매매실거래년":20210820.0,
            "매매실거래가":53000.0,
            "전세실거래년":20220205.0,
            "전세실거래가":26700.0,
            "전세가율":50.38,
            "장기전세가율평균":75.23,
            "전세가율거품지수":24.85,
            "검색코드":8333,
            "세대수":989.0,
            "준공년월":"2003-06-24",
            "준공년차":20.0,
            "가까운역이름":"군포",
            "가까운역거리":932.7,
            "역세권여부":"준역세권",
            "30분이내주요거점역":0,
            "30분거점역이름":"[]",
            "1시간이내주요거점역":4,
            "1시간거점역이름":"['평촌', '가산디지털단지', '수원', '안산']",
            "3km이내백화점수":0,
            "5km이내아울렛몰수":1,
            "1km이내대형먀트수":0,
            "500m이내은행수":1,
            "500m이내병원수":20,
            "5km이내대형병원수":3,
            "500m이내공원수":7,
            "3km이내혐오시설수":0,
            "초등학교학업성취도":90.01,
            "중학교학업성취도":85.0,
            "용적률":242,
            "건폐율":15,
            "Y":37.349512,
            "X":126.939761,
            "rank":44.0,
            "area_info":"23평(78.4), 32평(106.61)",
            "last_sales":"2021-08-20,53000.0,23평(78.4)",
            "rank_history":[
                [
                    "202203",
                    44
                ],
                [
                    "202202",
                    55
                ],
                [
                    "202201",
                    57
                ]
            ],
            "rank_gap":11
        },
        {
            "index":230,
            "아파트명":"한솔솔파크2단지",
            "투자타입":"일반",
            "전용면적(m2)":"106.0",
            "전용면적(평)":"32평",
            "법정동주소":"경기도 군포시 당정동 1000-1",
            "도로명주소":"경기도 군포시 고산로185번길 6",
            "세대수":0,
            "입주년차":40,
            "용적률점수":"--",
            "건폐율점수":"--",
            "세대당주차수":0,
            "난방방식":100,
            "공급면적":"--",
            "전용률":"--",
            "욕실수":100,
            "현관타입":100,
            "주거총점":38.0,
            "지역구공급총점":100.0,
            "역세권":80,
            "30분내 이동가능 거점":20,
            "1시간내 이동가능 거점":30,
            "교통총점":52.0,
            "백화점":0,
            "아울렛몰":80,
            "대형마트":0,
            "은행":0,
            "병원":60,
            "종합병원":100,
            "공원":100,
            "혐오시설":0,
            "인프라총점":37.0,
            "초등학군":90.0,
            "중학군":49.9,
            "학군총점":57.92,
            "인구수":30.45,
            "인구증감":-12.79,
            "인구총점":17.478,
            "일자리":12.28,
            "소득수준":58.69,
            "일자리총점":26.203,
            "가치 총점":45.588,
            "매매실거래년":20210318.0,
            "매매실거래가":50000.0,
            "전세실거래년":20211220.0,
            "전세실거래가":41000.0,
            "전세가율":82.0,
            "장기전세가율평균":75.23,
            "전세가율거품지수":-6.77,
            "검색코드":100428,
            "세대수":72.0,
            "준공년월":"2008-10-31",
            "준공년차":15.0,
            "가까운역이름":"당정",
            "가까운역거리":371.94,
            "역세권여부":"역세권",
            "30분이내주요거점역":1,
            "30분거점역이름":"['수원']",
            "1시간이내주요거점역":3,
            "1시간거점역이름":"['평촌', '가산디지털단지', '수원']",
            "3km이내백화점수":0,
            "5km이내아울렛몰수":1,
            "1km이내대형먀트수":0,
            "500m이내은행수":1,
            "500m이내병원수":12,
            "5km이내대형병원수":3,
            "500m이내공원수":11,
            "3km이내혐오시설수":0,
            "초등학교학업성취도":90.0,
            "중학교학업성취도":82.5,
            "용적률":197,
            "건폐율":25,
            "Y":37.345894,
            "X":126.951536,
            "rank":45.0,
            "area_info":"32평(106.0), 32평(108.74)",
            "last_sales":"2021-03-18,50000.0,32평(106.0)",
            "rank_history":[
                [
                    "202203",
                    45
                ],
                [
                    "202202",
                    9999
                ]
            ],
            "rank_gap":9999
        },
        {
            "index":19,
            "아파트명":"삼익소월",
            "투자타입":"일반",
            "전용면적(m2)":"126.22",
            "전용면적(평)":"38평",
            "법정동주소":"경기도 군포시 금정동 871-7",
            "도로명주소":"경기도 군포시 오금로 34",
            "세대수":80,
            "입주년차":0,
            "용적률점수":"--",
            "건폐율점수":"--",
            "세대당주차수":30,
            "난방방식":100,
            "공급면적":"--",
            "전용률":"--",
            "욕실수":100,
            "현관타입":100,
            "주거총점":62.5,
            "지역구공급총점":100.0,
            "역세권":50,
            "30분내 이동가능 거점":0,
            "1시간내 이동가능 거점":20,
            "교통총점":29.0,
            "백화점":0,
            "아울렛몰":80,
            "대형마트":80,
            "은행":0,
            "병원":10,
            "종합병원":100,
            "공원":100,
            "혐오시설":0,
            "인프라총점":44.0,
            "초등학군":90.01,
            "중학군":52.16,
            "학군총점":59.73,
            "인구수":30.45,
            "인구증감":-12.79,
            "인구총점":17.478,
            "일자리":12.28,
            "소득수준":58.69,
            "일자리총점":26.203,
            "가치 총점":44.8095,
            "매매실거래년":20211225.0,
            "매매실거래가":80000.0,
            "전세실거래년":20211218.0,
            "전세실거래가":40000.0,
            "전세가율":47.62,
            "장기전세가율평균":75.23,
            "전세가율거품지수":27.61,
            "검색코드":2881,
            "세대수":790.0,
            "준공년월":"1993-04-02",
            "준공년차":30.0,
            "가까운역이름":"산본",
            "가까운역거리":661.61,
            "역세권여부":"준역세권",
            "30분이내주요거점역":0,
            "30분거점역이름":"[]",
            "1시간이내주요거점역":2,
            "1시간거점역이름":"['평촌', '수원']",
            "3km이내백화점수":0,
            "5km이내아울렛몰수":1,
            "1km이내대형먀트수":1,
            "500m이내은행수":0,
            "500m이내병원수":3,
            "5km이내대형병원수":4,
            "500m이내공원수":5,
            "3km이내혐오시설수":0,
            "초등학교학업성취도":90.01,
            "중학교학업성취도":85.4,
            "용적률":219,
            "건폐율":0,
            "Y":37.352077,
            "X":126.933426,
            "rank":46.0,
            "area_info":"38평(126.22), 47평(157.01), 53평(177.39), 54평(178.59), 65평(216.52), 74평(246.35)",
            "last_sales":"2021-12-25,80000.0,47평(157.01)",
            "rank_history":[
                [
                    "202203",
                    46
                ],
                [
                    "202202",
                    39
                ],
                [
                    "202201",
                    41
                ]
            ],
            "rank_gap":-7
        },
        {
            "index":323,
            "아파트명":"의왕역센트럴시티",
            "투자타입":"일반",
            "전용면적(m2)":"98.32",
            "전용면적(평)":"29평",
            "법정동주소":"경기도 군포시 부곡동 1098",
            "도로명주소":"경기도 군포시 송부로273번길 27",
            "세대수":30,
            "입주년차":60,
            "용적률점수":"--",
            "건폐율점수":"--",
            "세대당주차수":30,
            "난방방식":30,
            "공급면적":"--",
            "전용률":"--",
            "욕실수":100,
            "현관타입":100,
            "주거총점":50.0,
            "지역구공급총점":100.0,
            "역세권":50,
            "30분내 이동가능 거점":20,
            "1시간내 이동가능 거점":20,
            "교통총점":35.0,
            "백화점":0,
            "아울렛몰":80,
            "대형마트":80,
            "은행":0,
            "병원":30,
            "종합병원":100,
            "공원":100,
            "혐오시설":0,
            "인프라총점":46.0,
            "초등학군":90.01,
            "중학군":48.36,
            "학군총점":56.69,
            "인구수":30.45,
            "인구증감":-12.79,
            "인구총점":17.478,
            "일자리":12.28,
            "소득수준":58.69,
            "일자리총점":26.203,
            "가치 총점":44.5535,
            "매매실거래년":20210617.0,
            "매매실거래가":69000.0,
            "전세실거래년":20220129.0,
            "전세실거래가":43000.0,
            "전세가율":62.32,
            "장기전세가율평균":75.23,
            "전세가율거품지수":12.91,
            "검색코드":101480,
            "세대수":389.0,
            "준공년월":"2010-07-02",
            "준공년차":13.0,
            "가까운역이름":"의왕",
            "가까운역거리":750.43,
            "역세권여부":"준역세권",
            "30분이내주요거점역":1,
            "30분거점역이름":"['수원']",
            "1시간이내주요거점역":2,
            "1시간거점역이름":"['가산디지털단지', '수원']",
            "3km이내백화점수":0,
            "5km이내아울렛몰수":1,
            "1km이내대형먀트수":1,
            "500m이내은행수":0,
            "500m이내병원수":6,
            "5km이내대형병원수":2,
            "500m이내공원수":5,
            "3km이내혐오시설수":0,
            "초등학교학업성취도":90.01,
            "중학교학업성취도":79.2,
            "용적률":148,
            "건폐율":21,
            "Y":37.324494,
            "X":126.941286,
            "rank":47.0,
            "area_info":"29평(98.32), 29평(98.2), 29평(98.2), 33평(111.37), 33평(111.37)",
            "last_sales":"2021-06-17,69000.0,29평(98.32)",
            "rank_history":[
                [
                    "202203",
                    47
                ],
                [
                    "202202",
                    51
                ],
                [
                    "202201",
                    64
                ]
            ],
            "rank_gap":4
        },
        {
            "index":348,
            "아파트명":"개나리주공13단지",
            "투자타입":"일반",
            "전용면적(m2)":"66.78",
            "전용면적(평)":"20평",
            "법정동주소":"경기도 군포시 산본동 1066",
            "도로명주소":"경기도 군포시 고산로677번길 34",
            "세대수":100,
            "입주년차":0,
            "용적률점수":"--",
            "건폐율점수":"--",
            "세대당주차수":0,
            "난방방식":100,
            "공급면적":"--",
            "전용률":"--",
            "욕실수":50,
            "현관타입":10,
            "주거총점":51.0,
            "지역구공급총점":100.0,
            "역세권":0,
            "30분내 이동가능 거점":0,
            "1시간내 이동가능 거점":20,
            "교통총점":4.0,
            "백화점":100,
            "아울렛몰":80,
            "대형마트":80,
            "은행":20,
            "병원":60,
            "종합병원":100,
            "공원":100,
            "혐오시설":0,
            "인프라총점":81.0,
            "초등학군":89.93,
            "중학군":48.8,
            "학군총점":57.026,
            "인구수":30.45,
            "인구증감":-12.79,
            "인구총점":17.478,
            "일자리":12.28,
            "소득수준":58.69,
            "일자리총점":26.203,
            "가치 총점":44.4539,
            "매매실거래년":20220115.0,
            "매매실거래가":50850.0,
            "전세실거래년":20220221.0,
            "전세실거래가":19000.0,
            "전세가율":37.36,
            "장기전세가율평균":75.23,
            "전세가율거품지수":37.87,
            "검색코드":2625,
            "세대수":1778.0,
            "준공년월":"1995-11-16",
            "준공년차":28.0,
            "가까운역이름":"금정",
            "가까운역거리":1063.54,
            "역세권여부":"비역세권",
            "30분이내주요거점역":0,
            "30분거점역이름":"[]",
            "1시간이내주요거점역":2,
            "1시간거점역이름":"['평촌', '가산디지털단지']",
            "3km이내백화점수":1,
            "5km이내아울렛몰수":1,
            "1km이내대형먀트수":1,
            "500m이내은행수":2,
            "500m이내병원수":27,
            "5km이내대형병원수":5,
            "500m이내공원수":4,
            "3km이내혐오시설수":0,
            "초등학교학업성취도":89.93,
            "중학교학업성취도":79.6,
            "용적률":200,
            "건폐율":12,
            "Y":37.37387,
            "X":126.93139,
            "rank":48.0,
            "area_info":"20평(66.78), 20평(68.93), 23평(78.98), 24평(80.64), 24평(81.53), 25평(85.55)",
            "last_sales":"2022-01-15,50850.0,20평(66.78)",
            "rank_history":[
                [
                    "202203",
                    48
                ],
                [
                    "202202",
                    42
                ],
                [
                    "202201",
                    43
                ]
            ],
            "rank_gap":-6
        },
        {
            "index":186,
            "아파트명":"당정동도센트리움(도시형)",
            "투자타입":"일반",
            "전용면적(m2)":"41.84",
            "전용면적(평)":"12평",
            "법정동주소":"경기도 군포시 당정동 998-2",
            "도로명주소":"경기도 군포시 고산로185번길 36",
            "세대수":0,
            "입주년차":80,
            "용적률점수":"--",
            "건폐율점수":"--",
            "세대당주차수":0,
            "난방방식":30,
            "공급면적":"--",
            "전용률":"--",
            "욕실수":50,
            "현관타입":50,
            "주거총점":29.0,
            "지역구공급총점":100.0,
            "역세권":80,
            "30분내 이동가능 거점":20,
            "1시간내 이동가능 거점":50,
            "교통총점":56.0,
            "백화점":0,
            "아울렛몰":80,
            "대형마트":0,
            "은행":0,
            "병원":30,
            "종합병원":100,
            "공원":100,
            "혐오시설":0,
            "인프라총점":34.0,
            "초등학군":90.0,
            "중학군":49.9,
            "학군총점":57.92,
            "인구수":30.45,
            "인구증감":-12.79,
            "인구총점":17.478,
            "일자리":12.28,
            "소득수준":58.69,
            "일자리총점":26.203,
            "가치 총점":44.288,
            "매매실거래년":20220110.0,
            "매매실거래가":21500.0,
            "전세실거래년":20220208.0,
            "전세실거래가":18900.0,
            "전세가율":79.75,
            "장기전세가율평균":75.23,
            "전세가율거품지수":-4.52,
            "검색코드":105975,
            "세대수":216.0,
            "준공년월":"2014-01-24",
            "준공년차":9.0,
            "가까운역이름":"당정",
            "가까운역거리":290.23,
            "역세권여부":"역세권",
            "30분이내주요거점역":1,
            "30분거점역이름":"['수원']",
            "1시간이내주요거점역":5,
            "1시간거점역이름":"['평촌', '가산디지털단지', '수원', '구로디지털단지', '안산']",
            "3km이내백화점수":0,
            "5km이내아울렛몰수":1,
            "1km이내대형먀트수":0,
            "500m이내은행수":1,
            "500m이내병원수":7,
            "5km이내대형병원수":3,
            "500m이내공원수":11,
            "3km이내혐오시설수":0,
            "초등학교학업성취도":90.0,
            "중학교학업성취도":82.5,
            "용적률":229,
            "건폐율":25,
            "Y":37.344561,
            "X":126.951466,
            "rank":49.0,
            "area_info":"12평(41.84), 12평(41.84), 12평(41.82), 12평(41.82), 12평(41.84), 12평(41.84), 12평(41.84), 12평(41.84), 12평(41.82), 12평(42.67), 12평(42.85), 12평(42.83), 12평(42.65), 12평(42.85), 12평(42.67), 12평(42.83), 12평(42.67)",
            "last_sales":"2022-01-10,21500.0,12평(42.67)",
            "rank_history":[
                [
                    "202203",
                    49
                ],
                [
                    "202202",
                    44
                ],
                [
                    "202201",
                    48
                ]
            ],
            "rank_gap":-5
        },
        {
            "index":442,
            "아파트명":"우륵주공7단지",
            "투자타입":"일반",
            "전용면적(m2)":"80.49",
            "전용면적(평)":"24평",
            "법정동주소":"경기도 군포시 산본동 1146-11",
            "도로명주소":"경기도 군포시 산본천로 33",
            "세대수":90,
            "입주년차":0,
            "용적률점수":"--",
            "건폐율점수":"--",
            "세대당주차수":0,
            "난방방식":100,
            "공급면적":"--",
            "전용률":"--",
            "욕실수":50,
            "현관타입":10,
            "주거총점":47.5,
            "지역구공급총점":100.0,
            "역세권":50,
            "30분내 이동가능 거점":0,
            "1시간내 이동가능 거점":0,
            "교통총점":25.0,
            "백화점":0,
            "아울렛몰":80,
            "대형마트":100,
            "은행":0,
            "병원":100,
            "종합병원":100,
            "공원":100,
            "혐오시설":0,
            "인프라총점":56.0,
            "초등학군":89.99,
            "중학군":52.46,
            "학군총점":59.966,
            "인구수":30.45,
            "인구증감":-12.79,
            "인구총점":17.478,
            "일자리":12.28,
            "소득수준":58.69,
            "일자리총점":26.203,
            "가치 총점":44.0449,
            "매매실거래년":20211106.0,
            "매매실거래가":58500.0,
            "전세실거래년":20220224.0,
            "전세실거래가":20000.0,
            "전세가율":34.48,
            "장기전세가율평균":75.23,
            "전세가율거품지수":40.75,
            "검색코드":2898,
            "세대수":1312.0,
            "준공년월":"1994-07-07",
            "준공년차":29.0,
            "가까운역이름":"산본",
            "가까운역거리":686.66,
            "역세권여부":"준역세권",
            "30분이내주요거점역":0,
            "30분거점역이름":"[]",
            "1시간이내주요거점역":0,
            "1시간거점역이름":"[]",
            "3km이내백화점수":0,
            "5km이내아울렛몰수":1,
            "1km이내대형먀트수":3,
            "500m이내은행수":1,
            "500m이내병원수":68,
            "5km이내대형병원수":5,
            "500m이내공원수":9,
            "3km이내혐오시설수":0,
            "초등학교학업성취도":89.99,
            "중학교학업성취도":85.3,
            "용적률":226,
            "건폐율":15,
            "Y":37.36009,
            "X":126.925727,
            "rank":50.0,
            "area_info":"24평(80.49), 24평(80.93), 25평(84.8), 32평(106.03)",
            "last_sales":"2021-11-06,58500.0,25평(84.8)",
            "rank_history":[
                [
                    "202203",
                    50
                ],
                [
                    "202202",
                    36
                ],
                [
                    "202201",
                    40
                ]
            ],
            "rank_gap":-14
        },
        {
            "index":47,
            "아파트명":"적성",
            "투자타입":"재건축",
            "전용면적(m2)":"59.61",
            "전용면적(평)":"18평",
            "법정동주소":"경기도 군포시 금정동 744",
            "도로명주소":"경기도 군포시 번영로 576",
            "세대수":0,
            "입주년차":"--",
            "용적률점수":80,
            "건폐율점수":60,
            "세대당주차수":"--",
            "난방방식":"--",
            "공급면적":50,
            "전용률":60,
            "욕실수":"--",
            "현관타입":"--",
            "주거총점":49.5,
            "지역구공급총점":100.0,
            "역세권":50,
            "30분내 이동가능 거점":0,
            "1시간내 이동가능 거점":40,
            "교통총점":33.0,
            "백화점":0,
            "아울렛몰":80,
            "대형마트":100,
            "은행":0,
            "병원":30,
            "종합병원":100,
            "공원":100,
            "혐오시설":0,
            "인프라총점":49.0,
            "초등학군":90.0,
            "중학군":42.9,
            "학군총점":52.32,
            "인구수":30.45,
            "인구증감":-12.79,
            "인구총점":17.478,
            "일자리":12.28,
            "소득수준":58.69,
            "일자리총점":26.203,
            "가치 총점":43.998,
            "매매실거래년":20210626.0,
            "매매실거래가":23000.0,
            "전세실거래년":20211020.0,
            "전세실거래가":12070.0,
            "전세가율":52.48,
            "장기전세가율평균":75.23,
            "전세가율거품지수":22.75,
            "검색코드":2884,
            "세대수":170.0,
            "준공년월":"1986-12-05",
            "준공년차":37.0,
            "가까운역이름":"산본",
            "가까운역거리":721.32,
            "역세권여부":"준역세권",
            "30분이내주요거점역":0,
            "30분거점역이름":"[]",
            "1시간이내주요거점역":4,
            "1시간거점역이름":"['평촌', '가산디지털단지', '수원', '안산']",
            "3km이내백화점수":0,
            "5km이내아울렛몰수":1,
            "1km이내대형먀트수":2,
            "500m이내은행수":0,
            "500m이내병원수":8,
            "5km이내대형병원수":5,
            "500m이내공원수":10,
            "3km이내혐오시설수":0,
            "초등학교학업성취도":90.0,
            "중학교학업성취도":71.5,
            "용적률":158,
            "건폐율":31,
            "Y":37.36093,
            "X":126.94034,
            "rank":51.0,
            "area_info":"18평(59.61), 18평(62.49)",
            "last_sales":"2021-06-26,23000.0,18평(59.61)",
            "rank_history":[
                [
                    "202203",
                    51
                ],
                [
                    "202202",
                    46
                ],
                [
                    "202201",
                    50
                ]
            ],
            "rank_gap":-5
        },
        {
            "index":233,
            "아파트명":"한솔솔파크5단지",
            "투자타입":"일반",
            "전용면적(m2)":"81.88",
            "전용면적(평)":"24평",
            "법정동주소":"경기도 군포시 당정동 1005-1",
            "도로명주소":"경기도 군포시 고산로185번길 6",
            "세대수":0,
            "입주년차":40,
            "용적률점수":"--",
            "건폐율점수":"--",
            "세대당주차수":0,
            "난방방식":100,
            "공급면적":"--",
            "전용률":"--",
            "욕실수":50,
            "현관타입":100,
            "주거총점":33.0,
            "지역구공급총점":100.0,
            "역세권":80,
            "30분내 이동가능 거점":20,
            "1시간내 이동가능 거점":30,
            "교통총점":52.0,
            "백화점":0,
            "아울렛몰":80,
            "대형마트":0,
            "은행":0,
            "병원":30,
            "종합병원":100,
            "공원":100,
            "혐오시설":0,
            "인프라총점":34.0,
            "초등학군":90.0,
            "중학군":49.9,
            "학군총점":57.92,
            "인구수":30.45,
            "인구증감":-12.79,
            "인구총점":17.478,
            "일자리":12.28,
            "소득수준":58.69,
            "일자리총점":26.203,
            "가치 총점":43.688,
            "매매실거래년":20210807.0,
            "매매실거래가":60000.0,
            "전세실거래년":20200814.0,
            "전세실거래가":28870.0,
            "전세가율":85.41,
            "장기전세가율평균":75.23,
            "전세가율거품지수":-10.18,
            "검색코드":100432,
            "세대수":80.0,
            "준공년월":"2008-10-31",
            "준공년차":15.0,
            "가까운역이름":"당정",
            "가까운역거리":278.56,
            "역세권여부":"역세권",
            "30분이내주요거점역":1,
            "30분거점역이름":"['수원']",
            "1시간이내주요거점역":3,
            "1시간거점역이름":"['평촌', '가산디지털단지', '수원']",
            "3km이내백화점수":0,
            "5km이내아울렛몰수":1,
            "1km이내대형먀트수":0,
            "500m이내은행수":1,
            "500m이내병원수":7,
            "5km이내대형병원수":3,
            "500m이내공원수":10,
            "3km이내혐오시설수":0,
            "초등학교학업성취도":90.0,
            "중학교학업성취도":82.5,
            "용적률":221,
            "건폐율":21,
            "Y":37.345508,
            "X":126.950539,
            "rank":52.0,
            "area_info":"24평(81.88), 31평(105.2)",
            "last_sales":"2021-08-07,60000.0,31평(105.2)",
            "rank_history":[
                [
                    "202203",
                    52
                ],
                [
                    "202202",
                    9999
                ]
            ],
            "rank_gap":9999
        },
        {
            "index":149,
            "아파트명":"용호마을LG1차",
            "투자타입":"일반",
            "전용면적(m2)":"118.09",
            "전용면적(평)":"35평",
            "법정동주소":"경기도 군포시 당동 957-2",
            "도로명주소":"경기도 군포시 용호1로 55",
            "세대수":50,
            "입주년차":20,
            "용적률점수":"--",
            "건폐율점수":"--",
            "세대당주차수":60,
            "난방방식":100,
            "공급면적":"--",
            "전용률":"--",
            "욕실수":100,
            "현관타입":100,
            "주거총점":60.5,
            "지역구공급총점":100.0,
            "역세권":50,
            "30분내 이동가능 거점":0,
            "1시간내 이동가능 거점":30,
            "교통총점":31.0,
            "백화점":0,
            "아울렛몰":80,
            "대형마트":0,
            "은행":20,
            "병원":60,
            "종합병원":100,
            "공원":100,
            "혐오시설":0,
            "인프라총점":39.0,
            "초등학군":90.0,
            "중학군":52.8,
            "학군총점":60.24,
            "인구수":30.45,
            "인구증감":-12.79,
            "인구총점":17.478,
            "일자리":12.28,
            "소득수준":58.69,
            "일자리총점":26.203,
            "가치 총점":43.686,
            "매매실거래년":20210827.0,
            "매매실거래가":74500.0,
            "전세실거래년":20220225.0,
            "전세실거래가":33600.0,
            "전세가율":45.1,
            "장기전세가율평균":75.23,
            "전세가율거품지수":30.13,
            "검색코드":3581,
            "세대수":453.0,
            "준공년월":"2003-02-11",
            "준공년차":20.0,
            "가까운역이름":"당정",
            "가까운역거리":937.8,
            "역세권여부":"준역세권",
            "30분이내주요거점역":0,
            "30분거점역이름":"[]",
            "1시간이내주요거점역":3,
            "1시간거점역이름":"['가산디지털단지', '수원', '안산']",
            "3km이내백화점수":0,
            "5km이내아울렛몰수":1,
            "1km이내대형먀트수":0,
            "500m이내은행수":2,
            "500m이내병원수":16,
            "5km이내대형병원수":3,
            "500m이내공원수":5,
            "3km이내혐오시설수":0,
            "초등학교학업성취도":90.0,
            "중학교학업성취도":85.0,
            "용적률":225,
            "건폐율":15,
            "Y":37.34725,
            "X":126.938754,
            "rank":53.0,
            "area_info":"35평(118.09), 48평(161.72)",
            "last_sales":"2021-08-27,74500.0,35평(118.09)",
            "rank_history":[
                [
                    "202203",
                    53
                ],
                [
                    "202202",
                    48
                ],
                [
                    "202201",
                    49
                ]
            ],
            "rank_gap":-5
        },
        {
            "index":359,
            "아파트명":"계룡",
            "투자타입":"일반",
            "전용면적(m2)":"121.34",
            "전용면적(평)":"36평",
            "법정동주소":"경기도 군포시 산본동 1152-7",
            "도로명주소":"경기도 군포시 수리산로 33",
            "세대수":50,
            "입주년차":0,
            "용적률점수":"--",
            "건폐율점수":"--",
            "세대당주차수":30,
            "난방방식":100,
            "공급면적":"--",
            "전용률":"--",
            "욕실수":100,
            "현관타입":100,
            "주거총점":52.0,
            "지역구공급총점":100.0,
            "역세권":50,
            "30분내 이동가능 거점":0,
            "1시간내 이동가능 거점":20,
            "교통총점":29.0,
            "백화점":0,
            "아울렛몰":80,
            "대형마트":100,
            "은행":0,
            "병원":10,
            "종합병원":100,
            "공원":100,
            "혐오시설":0,
            "인프라총점":47.0,
            "초등학군":90.01,
            "중학군":52.46,
            "학군총점":59.97,
            "인구수":30.45,
            "인구증감":-12.79,
            "인구총점":17.478,
            "일자리":12.28,
            "소득수준":58.69,
            "일자리총점":26.203,
            "가치 총점":43.6455,
            "매매실거래년":20211218.0,
            "매매실거래가":77000.0,
            "전세실거래년":20220219.0,
            "전세실거래가":50000.0,
            "전세가율":66.67,
            "장기전세가율평균":75.23,
            "전세가율거품지수":8.56,
            "검색코드":7964,
            "세대수":604.0,
            "준공년월":"1993-08-30",
            "준공년차":30.0,
            "가까운역이름":"수리산",
            "가까운역거리":664.53,
            "역세권여부":"준역세권",
            "30분이내주요거점역":0,
            "30분거점역이름":"[]",
            "1시간이내주요거점역":2,
            "1시간거점역이름":"['평촌', '안산']",
            "3km이내백화점수":0,
            "5km이내아울렛몰수":1,
            "1km이내대형먀트수":2,
            "500m이내은행수":1,
            "500m이내병원수":4,
            "5km이내대형병원수":4,
            "500m이내공원수":6,
            "3km이내혐오시설수":0,
            "초등학교학업성취도":90.01,
            "중학교학업성취도":85.3,
            "용적률":220,
            "건폐율":13,
            "Y":37.35595,
            "X":126.922389,
            "rank":54.0,
            "area_info":"36평(121.34), 39평(132.21), 45평(151.19)",
            "last_sales":"2021-12-18,77000.0,39평(132.21)",
            "rank_history":[
                [
                    "202203",
                    54
                ],
                [
                    "202202",
                    45
                ],
                [
                    "202201",
                    46
                ]
            ],
            "rank_gap":-9
        },
        {
            "index":157,
            "아파트명":"주공2단지",
            "투자타입":"일반",
            "전용면적(m2)":"71.33",
            "전용면적(평)":"21평",
            "법정동주소":"경기도 군포시 당동 874",
            "도로명주소":"경기도 군포시 용호2로 11",
            "세대수":90,
            "입주년차":0,
            "용적률점수":"--",
            "건폐율점수":"--",
            "세대당주차수":0,
            "난방방식":100,
            "공급면적":"--",
            "전용률":"--",
            "욕실수":50,
            "현관타입":10,
            "주거총점":47.5,
            "지역구공급총점":100.0,
            "역세권":50,
            "30분내 이동가능 거점":20,
            "1시간내 이동가능 거점":20,
            "교통총점":35.0,
            "백화점":0,
            "아울렛몰":80,
            "대형마트":0,
            "은행":70,
            "병원":60,
            "종합병원":100,
            "공원":100,
            "혐오시설":0,
            "인프라총점":44.0,
            "초등학군":90.0,
            "중학군":49.9,
            "학군총점":57.92,
            "인구수":30.45,
            "인구증감":-12.79,
            "인구총점":17.478,
            "일자리":12.28,
            "소득수준":58.69,
            "일자리총점":26.203,
            "가치 총점":43.638,
            "매매실거래년":20220212.0,
            "매매실거래가":49800.0,
            "전세실거래년":20220211.0,
            "전세실거래가":19000.0,
            "전세가율":44.71,
            "장기전세가율평균":75.23,
            "전세가율거품지수":30.52,
            "검색코드":2572,
            "세대수":1000.0,
            "준공년월":"1997-07-22",
            "준공년차":26.0,
            "가까운역이름":"당정",
            "가까운역거리":618.18,
            "역세권여부":"준역세권",
            "30분이내주요거점역":1,
            "30분거점역이름":"['수원']",
            "1시간이내주요거점역":2,
            "1시간거점역이름":"['가산디지털단지', '수원']",
            "3km이내백화점수":0,
            "5km이내아울렛몰수":1,
            "1km이내대형먀트수":0,
            "500m이내은행수":3,
            "500m이내병원수":22,
            "5km이내대형병원수":3,
            "500m이내공원수":7,
            "3km이내혐오시설수":0,
            "초등학교학업성취도":90.0,
            "중학교학업성취도":82.5,
            "용적률":212,
            "건폐율":14,
            "Y":37.343615,
            "X":126.941379,
            "rank":55.0,
            "area_info":"21평(71.33), 24평(79.45)",
            "last_sales":"2022-02-12,49800.0,24평(79.45)",
            "rank_history":[
                [
                    "202203",
                    55
                ],
                [
                    "202202",
                    37
                ],
                [
                    "202201",
                    38
                ]
            ],
            "rank_gap":-18
        },
        {
            "index":88,
            "아파트명":"대흥",
            "투자타입":"일반",
            "전용면적(m2)":"77.54",
            "전용면적(평)":"23평",
            "법정동주소":"경기도 군포시 당동 923",
            "도로명주소":"경기도 군포시 군포역1길 186",
            "세대수":0,
            "입주년차":0,
            "용적률점수":"--",
            "건폐율점수":"--",
            "세대당주차수":0,
            "난방방식":30,
            "공급면적":"--",
            "전용률":"--",
            "욕실수":50,
            "현관타입":100,
            "주거총점":18.0,
            "지역구공급총점":100.0,
            "역세권":80,
            "30분내 이동가능 거점":20,
            "1시간내 이동가능 거점":50,
            "교통총점":56.0,
            "백화점":0,
            "아울렛몰":80,
            "대형마트":0,
            "은행":20,
            "병원":60,
            "종합병원":100,
            "공원":100,
            "혐오시설":0,
            "인프라총점":39.0,
            "초등학군":89.99,
            "중학군":49.9,
            "학군총점":57.918,
            "인구수":30.45,
            "인구증감":-12.79,
            "인구총점":17.478,
            "일자리":12.28,
            "소득수준":58.69,
            "일자리총점":26.203,
            "가치 총점":43.5877,
            "매매실거래년":20211030.0,
            "매매실거래가":36500.0,
            "전세실거래년":20210612.0,
            "전세실거래가":31500.0,
            "전세가율":86.3,
            "장기전세가율평균":75.23,
            "전세가율거품지수":-11.07,
            "검색코드":2569,
            "세대수":147.0,
            "준공년월":"1998-02-27",
            "준공년차":25.0,
            "가까운역이름":"당정",
            "가까운역거리":285.13,
            "역세권여부":"역세권",
            "30분이내주요거점역":1,
            "30분거점역이름":"['수원']",
            "1시간이내주요거점역":5,
            "1시간거점역이름":"['평촌', '가산디지털단지', '수원', '구로디지털단지', '안산']",
            "3km이내백화점수":0,
            "5km이내아울렛몰수":1,
            "1km이내대형먀트수":0,
            "500m이내은행수":2,
            "500m이내병원수":27,
            "5km이내대형병원수":3,
            "500m이내공원수":12,
            "3km이내혐오시설수":0,
            "초등학교학업성취도":89.99,
            "중학교학업성취도":82.5,
            "용적률":398,
            "건폐율":35,
            "Y":37.346147,
            "X":126.947449,
            "rank":56.0,
            "area_info":"23평(77.54), 23평(77.47), 33평(110.27)",
            "last_sales":"2021-10-30,36500.0,23평(77.54)",
            "rank_history":[
                [
                    "202203",
                    56
                ],
                [
                    "202202",
                    34
                ],
                [
                    "202201",
                    36
                ]
            ],
            "rank_gap":-22
        },
        {
            "index":124,
            "아파트명":"무지개마을KCC",
            "투자타입":"일반",
            "전용면적(m2)":"80.58",
            "전용면적(평)":"24평",
            "법정동주소":"경기도 군포시 당동 796",
            "도로명주소":"경기도 군포시 당동로21번길 52",
            "세대수":0,
            "입주년차":40,
            "용적률점수":"--",
            "건폐율점수":"--",
            "세대당주차수":30,
            "난방방식":100,
            "공급면적":"--",
            "전용률":"--",
            "욕실수":100,
            "현관타입":100,
            "주거총점":42.5,
            "지역구공급총점":100.0,
            "역세권":50,
            "30분내 이동가능 거점":20,
            "1시간내 이동가능 거점":40,
            "교통총점":39.0,
            "백화점":0,
            "아울렛몰":80,
            "대형마트":0,
            "은행":20,
            "병원":80,
            "종합병원":100,
            "공원":100,
            "혐오시설":0,
            "인프라총점":41.0,
            "초등학군":90.01,
            "중학군":52.8,
            "학군총점":60.242,
            "인구수":30.45,
            "인구증감":-12.79,
            "인구총점":17.478,
            "일자리":12.28,
            "소득수준":58.69,
            "일자리총점":26.203,
            "가치 총점":43.4863,
            "매매실거래년":20210928.0,
            "매매실거래가":38000.0,
            "전세실거래년":20210915.0,
            "전세실거래가":27300.0,
            "전세가율":71.84,
            "장기전세가율평균":75.23,
            "전세가율거품지수":3.39,
            "검색코드":23047,
            "세대수":299.0,
            "준공년월":"2006-05-24",
            "준공년차":17.0,
            "가까운역이름":"당정",
            "가까운역거리":875.75,
            "역세권여부":"준역세권",
            "30분이내주요거점역":1,
            "30분거점역이름":"['수원']",
            "1시간이내주요거점역":4,
            "1시간거점역이름":"['평촌', '가산디지털단지', '수원', '안산']",
            "3km이내백화점수":0,
            "5km이내아울렛몰수":1,
            "1km이내대형먀트수":0,
            "500m이내은행수":2,
            "500m이내병원수":35,
            "5km이내대형병원수":3,
            "500m이내공원수":10,
            "3km이내혐오시설수":0,
            "초등학교학업성취도":90.01,
            "중학교학업성취도":85.0,
            "용적률":414,
            "건폐율":19,
            "Y":37.348891,
            "X":126.940932,
            "rank":57.0,
            "area_info":"24평(80.58), 32평(106.47)",
            "last_sales":"2021-09-28,38000.0,24평(80.58)",
            "rank_history":[
                [
                    "202203",
                    57
                ],
                [
                    "202202",
                    58
                ],
                [
                    "202201",
                    60
                ]
            ],
            "rank_gap":1
        },
        {
            "index":128,
            "아파트명":"무지개마을마빌르스위트",
            "투자타입":"일반",
            "전용면적(m2)":"77.47",
            "전용면적(평)":"23평",
            "법정동주소":"경기도 군포시 당동 795",
            "도로명주소":"경기도 군포시 당동로21번길 61",
            "세대수":0,
            "입주년차":40,
            "용적률점수":"--",
            "건폐율점수":"--",
            "세대당주차수":30,
            "난방방식":100,
            "공급면적":"--",
            "전용률":"--",
            "욕실수":100,
            "현관타입":100,
            "주거총점":42.5,
            "지역구공급총점":100.0,
            "역세권":50,
            "30분내 이동가능 거점":20,
            "1시간내 이동가능 거점":40,
            "교통총점":39.0,
            "백화점":0,
            "아울렛몰":80,
            "대형마트":0,
            "은행":20,
            "병원":80,
            "종합병원":100,
            "공원":100,
            "혐오시설":0,
            "인프라총점":41.0,
            "초등학군":90.01,
            "중학군":52.8,
            "학군총점":60.242,
            "인구수":30.45,
            "인구증감":-12.79,
            "인구총점":17.478,
            "일자리":12.28,
            "소득수준":58.69,
            "일자리총점":26.203,
            "가치 총점":43.4863,
            "매매실거래년":20210728.0,
            "매매실거래가":42000.0,
            "전세실거래년":20211227.0,
            "전세실거래가":30000.0,
            "전세가율":71.43,
            "장기전세가율평균":75.23,
            "전세가율거품지수":3.8,
            "검색코드":11873,
            "세대수":112.0,
            "준공년월":"2004-04-29",
            "준공년차":19.0,
            "가까운역이름":"당정",
            "가까운역거리":783.61,
            "역세권여부":"준역세권",
            "30분이내주요거점역":1,
            "30분거점역이름":"['수원']",
            "1시간이내주요거점역":4,
            "1시간거점역이름":"['평촌', '가산디지털단지', '수원', '안산']",
            "3km이내백화점수":0,
            "5km이내아울렛몰수":1,
            "1km이내대형먀트수":0,
            "500m이내은행수":2,
            "500m이내병원수":36,
            "5km이내대형병원수":3,
            "500m이내공원수":10,
            "3km이내혐오시설수":0,
            "초등학교학업성취도":90.01,
            "중학교학업성취도":85.0,
            "용적률":0,
            "건폐율":0,
            "Y":37.348149,
            "X":126.941507,
            "rank":57.0,
            "area_info":"23평(77.47), 31평(105.7)",
            "last_sales":"2021-07-28,42000.0,23평(77.47)",
            "rank_history":[
                [
                    "202203",
                    57
                ],
                [
                    "202202",
                    43
                ],
                [
                    "202201",
                    45
                ]
            ],
            "rank_gap":-14
        },
        {
            "index":117,
            "아파트명":"럭키베스트빌",
            "투자타입":"일반",
            "전용면적(m2)":"75.92",
            "전용면적(평)":"22평",
            "법정동주소":"경기도 군포시 당동 732-3",
            "도로명주소":"경기도 군포시 군포로573번길 3",
            "세대수":0,
            "입주년차":40,
            "용적률점수":"--",
            "건폐율점수":"--",
            "세대당주차수":0,
            "난방방식":30,
            "공급면적":"--",
            "전용률":"--",
            "욕실수":100,
            "현관타입":100,
            "주거총점":31.0,
            "지역구공급총점":100.0,
            "역세권":80,
            "30분내 이동가능 거점":20,
            "1시간내 이동가능 거점":40,
            "교통총점":54.0,
            "백화점":0,
            "아울렛몰":80,
            "대형마트":0,
            "은행":0,
            "병원":60,
            "종합병원":100,
            "공원":100,
            "혐오시설":0,
            "인프라총점":37.0,
            "초등학군":90.0,
            "중학군":35.28,
            "학군총점":46.224,
            "인구수":30.45,
            "인구증감":-12.79,
            "인구총점":17.478,
            "일자리":12.28,
            "소득수준":58.69,
            "일자리총점":26.203,
            "가치 총점":43.1336,
            "매매실거래년":20211109.0,
            "매매실거래가":29000.0,
            "전세실거래년":null,
            "전세실거래가":null,
            "전세가율":null,
            "장기전세가율평균":75.23,
            "전세가율거품지수":null,
            "검색코드":19589,
            "세대수":55.0,
            "준공년월":"2005-01-31",
            "준공년차":18.0,
            "가까운역이름":"군포",
            "가까운역거리":354.5,
            "역세권여부":"역세권",
            "30분이내주요거점역":1,
            "30분거점역이름":"['수원']",
            "1시간이내주요거점역":4,
            "1시간거점역이름":"['평촌', '가산디지털단지', '수원', '안산']",
            "3km이내백화점수":0,
            "5km이내아울렛몰수":1,
            "1km이내대형먀트수":0,
            "500m이내은행수":1,
            "500m이내병원수":14,
            "5km이내대형병원수":5,
            "500m이내공원수":8,
            "3km이내혐오시설수":0,
            "초등학교학업성취도":90.0,
            "중학교학업성취도":58.8,
            "용적률":446,
            "건폐율":51,
            "Y":37.35709,
            "X":126.946845,
            "rank":58.0,
            "area_info":"22평(75.92), 24평(81.67), 32평(106.56), 32평(108.89)",
            "last_sales":"2021-11-09,29000.0,22평(75.92)",
            "rank_history":[
                [
                    "202203",
                    58
                ],
                [
                    "202202",
                    9999
                ]
            ],
            "rank_gap":9999
        },
        {
            "index":256,
            "아파트명":"센트럴아이파크",
            "투자타입":"일반",
            "전용면적(m2)":"79.75",
            "전용면적(평)":"24평",
            "법정동주소":"경기도 군포시 대야미동 636-3",
            "도로명주소":"경기도 군포시 대야2로143번길 25",
            "세대수":50,
            "입주년차":40,
            "용적률점수":"--",
            "건폐율점수":"--",
            "세대당주차수":30,
            "난방방식":30,
            "공급면적":"--",
            "전용률":"--",
            "욕실수":100,
            "현관타입":100,
            "주거총점":53.0,
            "지역구공급총점":100.0,
            "역세권":80,
            "30분내 이동가능 거점":0,
            "1시간내 이동가능 거점":10,
            "교통총점":42.0,
            "백화점":0,
            "아울렛몰":80,
            "대형마트":0,
            "은행":0,
            "병원":0,
            "종합병원":100,
            "공원":100,
            "혐오시설":0,
            "인프라총점":31.0,
            "초등학군":89.99,
            "중학군":48.36,
            "학군총점":56.686,
            "인구수":30.45,
            "인구증감":-12.79,
            "인구총점":17.478,
            "일자리":12.28,
            "소득수준":58.69,
            "일자리총점":26.203,
            "가치 총점":43.1029,
            "매매실거래년":20210915.0,
            "매매실거래가":59900.0,
            "전세실거래년":20211211.0,
            "전세실거래가":30000.0,
            "전세가율":60.24,
            "장기전세가율평균":75.23,
            "전세가율거품지수":14.99,
            "검색코드":24088,
            "세대수":578.0,
            "준공년월":"2007-09-28",
            "준공년차":16.0,
            "가까운역이름":"대야미",
            "가까운역거리":450.88,
            "역세권여부":"역세권",
            "30분이내주요거점역":0,
            "30분거점역이름":"[]",
            "1시간이내주요거점역":1,
            "1시간거점역이름":"['안산']",
            "3km이내백화점수":0,
            "5km이내아울렛몰수":1,
            "1km이내대형먀트수":0,
            "500m이내은행수":0,
            "500m이내병원수":1,
            "5km이내대형병원수":3,
            "500m이내공원수":2,
            "3km이내혐오시설수":0,
            "초등학교학업성취도":89.99,
            "중학교학업성취도":79.2,
            "용적률":229,
            "건폐율":20,
            "Y":37.331818,
            "X":126.915308,
            "rank":59.0,
            "area_info":"24평(79.75), 33평(111.79), 34평(114.68), 34평(114.08)",
            "last_sales":"2021-09-15,59900.0,34평(114.68)",
            "rank_history":[
                [
                    "202203",
                    59
                ],
                [
                    "202202",
                    52
                ],
                [
                    "202201",
                    52
                ]
            ],
            "rank_gap":-7
        },
        {
            "index":270,
            "아파트명":"장안그린",
            "투자타입":"일반",
            "전용면적(m2)":"103.62",
            "전용면적(평)":"31평",
            "법정동주소":"경기도 군포시 대야미동 656-2",
            "도로명주소":"경기도 군포시 대야1로12번안길 10",
            "세대수":0,
            "입주년차":40,
            "용적률점수":"--",
            "건폐율점수":"--",
            "세대당주차수":30,
            "난방방식":30,
            "공급면적":"--",
            "전용률":"--",
            "욕실수":100,
            "현관타입":100,
            "주거총점":35.5,
            "지역구공급총점":100.0,
            "역세권":80,
            "30분내 이동가능 거점":20,
            "1시간내 이동가능 거점":30,
            "교통총점":52.0,
            "백화점":0,
            "아울렛몰":80,
            "대형마트":0,
            "은행":0,
            "병원":10,
            "종합병원":100,
            "공원":100,
            "혐오시설":-50,
            "인프라총점":31.0,
            "초등학군":89.99,
            "중학군":48.36,
            "학군총점":56.686,
            "인구수":30.45,
            "인구증감":-12.79,
            "인구총점":17.478,
            "일자리":12.28,
            "소득수준":58.69,
            "일자리총점":26.203,
            "가치 총점":43.1029,
            "매매실거래년":20210201.0,
            "매매실거래가":36000.0,
            "전세실거래년":20200909.0,
            "전세실거래가":25000.0,
            "전세가율":86.21,
            "장기전세가율평균":75.23,
            "전세가율거품지수":-10.98,
            "검색코드":17590,
            "세대수":60.0,
            "준공년월":"2005-02-07",
            "준공년차":18.0,
            "가까운역이름":"대야미",
            "가까운역거리":212.57,
            "역세권여부":"역세권",
            "30분이내주요거점역":1,
            "30분거점역이름":"['안산']",
            "1시간이내주요거점역":3,
            "1시간거점역이름":"['가산디지털단지', '수원', '안산']",
            "3km이내백화점수":0,
            "5km이내아울렛몰수":1,
            "1km이내대형먀트수":0,
            "500m이내은행수":0,
            "500m이내병원수":4,
            "5km이내대형병원수":3,
            "500m이내공원수":3,
            "3km이내혐오시설수":1,
            "초등학교학업성취도":89.99,
            "중학교학업성취도":79.2,
            "용적률":234,
            "건폐율":19,
            "Y":37.327728,
            "X":126.919283,
            "rank":59.0,
            "area_info":"31평(103.62), 31평(104.09)",
            "last_sales":"2021-02-01,36000.0,31평(104.09)",
            "rank_history":[
                [
                    "202203",
                    59
                ],
                [
                    "202202",
                    9999
                ]
            ],
            "rank_gap":9999
        },
        {
            "index":155,
            "아파트명":"용호마을동문",
            "투자타입":"일반",
            "전용면적(m2)":"105.93",
            "전용면적(평)":"32평",
            "법정동주소":"경기도 군포시 당동 960-4",
            "도로명주소":"경기도 군포시 용호1로46번길 3",
            "세대수":0,
            "입주년차":20,
            "용적률점수":"--",
            "건폐율점수":"--",
            "세대당주차수":0,
            "난방방식":100,
            "공급면적":"--",
            "전용률":"--",
            "욕실수":100,
            "현관타입":100,
            "주거총점":34.0,
            "지역구공급총점":100.0,
            "역세권":50,
            "30분내 이동가능 거점":20,
            "1시간내 이동가능 거점":40,
            "교통총점":39.0,
            "백화점":0,
            "아울렛몰":80,
            "대형마트":0,
            "은행":70,
            "병원":60,
            "종합병원":100,
            "공원":100,
            "혐오시설":0,
            "인프라총점":44.0,
            "초등학군":90.0,
            "중학군":52.8,
            "학군총점":60.24,
            "인구수":30.45,
            "인구증감":-12.79,
            "인구총점":17.478,
            "일자리":12.28,
            "소득수준":58.69,
            "일자리총점":26.203,
            "가치 총점":42.686,
            "매매실거래년":20210619.0,
            "매매실거래가":40000.0,
            "전세실거래년":20211118.0,
            "전세실거래가":29400.0,
            "전세가율":73.5,
            "장기전세가율평균":75.23,
            "전세가율거품지수":1.73,
            "검색코드":9540,
            "세대수":90.0,
            "준공년월":"2003-02-18",
            "준공년차":20.0,
            "가까운역이름":"당정",
            "가까운역거리":819.41,
            "역세권여부":"준역세권",
            "30분이내주요거점역":1,
            "30분거점역이름":"['수원']",
            "1시간이내주요거점역":4,
            "1시간거점역이름":"['평촌', '가산디지털단지', '수원', '안산']",
            "3km이내백화점수":0,
            "5km이내아울렛몰수":1,
            "1km이내대형먀트수":0,
            "500m이내은행수":3,
            "500m이내병원수":26,
            "5km이내대형병원수":3,
            "500m이내공원수":8,
            "3km이내혐오시설수":0,
            "초등학교학업성취도":90.0,
            "중학교학업성취도":85.0,
            "용적률":244,
            "건폐율":20,
            "Y":37.346819,
            "X":126.939979,
            "rank":60.0,
            "area_info":"32평(105.93)",
            "last_sales":"2021-06-19,40000.0,32평(105.93)",
            "rank_history":[
                [
                    "202203",
                    60
                ],
                [
                    "202202",
                    9999
                ]
            ],
            "rank_gap":9999
        },
        {
            "index":420,
            "아파트명":"삼성미도",
            "투자타입":"일반",
            "전용면적(m2)":"84.11",
            "전용면적(평)":"25평",
            "법정동주소":"경기도 군포시 산본동 45-1",
            "도로명주소":"경기도 군포시 고산로 747",
            "세대수":0,
            "입주년차":0,
            "용적률점수":"--",
            "건폐율점수":"--",
            "세대당주차수":0,
            "난방방식":30,
            "공급면적":"--",
            "전용률":"--",
            "욕실수":50,
            "현관타입":10,
            "주거총점":9.0,
            "지역구공급총점":100.0,
            "역세권":50,
            "30분내 이동가능 거점":20,
            "1시간내 이동가능 거점":30,
            "교통총점":37.0,
            "백화점":100,
            "아울렛몰":80,
            "대형마트":0,
            "은행":0,
            "병원":30,
            "종합병원":100,
            "공원":100,
            "혐오시설":0,
            "인프라총점":64.0,
            "초등학군":89.94,
            "중학군":48.8,
            "학군총점":57.028,
            "인구수":30.45,
            "인구증감":-12.79,
            "인구총점":17.478,
            "일자리":12.28,
            "소득수준":58.69,
            "일자리총점":26.203,
            "가치 총점":42.5042,
            "매매실거래년":20210916.0,
            "매매실거래가":49900.0,
            "전세실거래년":20220128.0,
            "전세실거래가":24500.0,
            "전세가율":65.33,
            "장기전세가율평균":75.23,
            "전세가율거품지수":9.9,
            "검색코드":2904,
            "세대수":194.0,
            "준공년월":"1996-09-13",
            "준공년차":27.0,
            "가까운역이름":"금정",
            "가까운역거리":502.68,
            "역세권여부":"준역세권",
            "30분이내주요거점역":1,
            "30분거점역이름":"['수원']",
            "1시간이내주요거점역":3,
            "1시간거점역이름":"['평촌', '가산디지털단지', '수원']",
            "3km이내백화점수":1,
            "5km이내아울렛몰수":1,
            "1km이내대형먀트수":0,
            "500m이내은행수":0,
            "500m이내병원수":9,
            "5km이내대형병원수":5,
            "500m이내공원수":5,
            "3km이내혐오시설수":0,
            "초등학교학업성취도":89.94,
            "중학교학업성취도":79.6,
            "용적률":379,
            "건폐율":26,
            "Y":37.37568,
            "X":126.93944,
            "rank":61.0,
            "area_info":"25평(84.11), 31평(104.09)",
            "last_sales":"2021-09-16,49900.0,31평(104.09)",
            "rank_history":[
                [
                    "202203",
                    61
                ],
                [
                    "202202",
                    40
                ],
                [
                    "202201",
                    44
                ]
            ],
            "rank_gap":-21
        },
        {
            "index":111,
            "아파트명":"동아",
            "투자타입":"일반",
            "전용면적(m2)":"92.49",
            "전용면적(평)":"27평",
            "법정동주소":"경기도 군포시 당동 900",
            "도로명주소":"경기도 군포시 군포로490번길 22",
            "세대수":50,
            "입주년차":0,
            "용적률점수":"--",
            "건폐율점수":"--",
            "세대당주차수":0,
            "난방방식":100,
            "공급면적":"--",
            "전용률":"--",
            "욕실수":50,
            "현관타입":100,
            "주거총점":42.5,
            "지역구공급총점":100.0,
            "역세권":50,
            "30분내 이동가능 거점":20,
            "1시간내 이동가능 거점":30,
            "교통총점":37.0,
            "백화점":0,
            "아울렛몰":80,
            "대형마트":0,
            "은행":20,
            "병원":80,
            "종합병원":100,
            "공원":100,
            "혐오시설":0,
            "인프라총점":41.0,
            "초등학군":90.01,
            "중학군":49.9,
            "학군총점":57.922,
            "인구수":30.45,
            "인구증감":-12.79,
            "인구총점":17.478,
            "일자리":12.28,
            "소득수준":58.69,
            "일자리총점":26.203,
            "가치 총점":42.4383,
            "매매실거래년":20211009.0,
            "매매실거래가":49500.0,
            "전세실거래년":20211118.0,
            "전세실거래가":30000.0,
            "전세가율":60.61,
            "장기전세가율평균":75.23,
            "전세가율거품지수":14.62,
            "검색코드":1664,
            "세대수":483.0,
            "준공년월":"1993-04-15",
            "준공년차":30.0,
            "가까운역이름":"군포",
            "가까운역거리":520.32,
            "역세권여부":"준역세권",
            "30분이내주요거점역":1,
            "30분거점역이름":"['수원']",
            "1시간이내주요거점역":3,
            "1시간거점역이름":"['평촌', '가산디지털단지', '수원']",
            "3km이내백화점수":0,
            "5km이내아울렛몰수":1,
            "1km이내대형먀트수":0,
            "500m이내은행수":2,
            "500m이내병원수":41,
            "5km이내대형병원수":4,
            "500m이내공원수":8,
            "3km이내혐오시설수":0,
            "초등학교학업성취도":90.01,
            "중학교학업성취도":82.5,
            "용적률":209,
            "건폐율":18,
            "Y":37.349719,
            "X":126.94679,
            "rank":62.0,
            "area_info":"27평(92.49), 31평(102.92), 42평(140.01)",
            "last_sales":"2021-10-09,49500.0,27평(92.49)",
            "rank_history":[
                [
                    "202203",
                    62
                ],
                [
                    "202202",
                    24
                ],
                [
                    "202201",
                    23
                ]
            ],
            "rank_gap":-38
        },
        {
            "index":260,
            "아파트명":"신안실크밸리",
            "투자타입":"일반",
            "전용면적(m2)":"82.85",
            "전용면적(평)":"25평",
            "법정동주소":"경기도 군포시 대야미동 652-7",
            "도로명주소":"경기도 군포시 대야1로6번길 22",
            "세대수":0,
            "입주년차":40,
            "용적률점수":"--",
            "건폐율점수":"--",
            "세대당주차수":30,
            "난방방식":30,
            "공급면적":"--",
            "전용률":"--",
            "욕실수":100,
            "현관타입":100,
            "주거총점":35.5,
            "지역구공급총점":100.0,
            "역세권":80,
            "30분내 이동가능 거점":20,
            "1시간내 이동가능 거점":20,
            "교통총점":50.0,
            "백화점":0,
            "아울렛몰":80,
            "대형마트":0,
            "은행":0,
            "병원":10,
            "종합병원":100,
            "공원":100,
            "혐오시설":-50,
            "인프라총점":31.0,
            "초등학군":89.99,
            "중학군":48.36,
            "학군총점":56.686,
            "인구수":30.45,
            "인구증감":-12.79,
            "인구총점":17.478,
            "일자리":12.28,
            "소득수준":58.69,
            "일자리총점":26.203,
            "가치 총점":42.4029,
            "매매실거래년":20210810.0,
            "매매실거래가":38800.0,
            "전세실거래년":20201226.0,
            "전세실거래가":26000.0,
            "전세가율":67.01,
            "장기전세가율평균":75.23,
            "전세가율거품지수":8.22,
            "검색코드":26706,
            "세대수":86.0,
            "준공년월":"2008-08-29",
            "준공년차":15.0,
            "가까운역이름":"대야미",
            "가까운역거리":277.96,
            "역세권여부":"역세권",
            "30분이내주요거점역":1,
            "30분거점역이름":"['안산']",
            "1시간이내주요거점역":2,
            "1시간거점역이름":"['가산디지털단지', '안산']",
            "3km이내백화점수":0,
            "5km이내아울렛몰수":1,
            "1km이내대형먀트수":0,
            "500m이내은행수":0,
            "500m이내병원수":4,
            "5km이내대형병원수":3,
            "500m이내공원수":3,
            "3km이내혐오시설수":1,
            "초등학교학업성취도":89.99,
            "중학교학업성취도":79.2,
            "용적률":245,
            "건폐율":27,
            "Y":37.328392,
            "X":126.919995,
            "rank":63.0,
            "area_info":"25평(82.85), 24평(82.4), 24평(82.4), 24평(82.4), 31평(103.28), 31평(103.28), 33평(111.99), 34평(114.83), 35평(116.83), 35평(117.93)",
            "last_sales":"2021-08-10,38800.0,25평(82.85)",
            "rank_history":[
                [
                    "202203",
                    63
                ],
                [
                    "202202",
                    9999
                ]
            ],
            "rank_gap":9999
        },
        {
            "index":143,
            "아파트명":"삼성미도",
            "투자타입":"일반",
            "전용면적(m2)":"84.96",
            "전용면적(평)":"25평",
            "법정동주소":"경기도 군포시 당동 737-7",
            "도로명주소":"경기도 군포시 금당로 102",
            "세대수":0,
            "입주년차":0,
            "용적률점수":"--",
            "건폐율점수":"--",
            "세대당주차수":0,
            "난방방식":30,
            "공급면적":"--",
            "전용률":"--",
            "욕실수":50,
            "현관타입":10,
            "주거총점":9.0,
            "지역구공급총점":100.0,
            "역세권":80,
            "30분내 이동가능 거점":20,
            "1시간내 이동가능 거점":40,
            "교통총점":54.0,
            "백화점":0,
            "아울렛몰":80,
            "대형마트":80,
            "은행":0,
            "병원":60,
            "종합병원":100,
            "공원":100,
            "혐오시설":0,
            "인프라총점":49.0,
            "초등학군":90.0,
            "중학군":35.28,
            "학군총점":46.224,
            "인구수":30.45,
            "인구증감":-12.79,
            "인구총점":17.478,
            "일자리":12.28,
            "소득수준":58.69,
            "일자리총점":26.203,
            "가치 총점":42.3336,
            "매매실거래년":20210824.0,
            "매매실거래가":36000.0,
            "전세실거래년":20210924.0,
            "전세실거래가":28900.0,
            "전세가율":80.28,
            "장기전세가율평균":75.23,
            "전세가율거품지수":-5.05,
            "검색코드":2570,
            "세대수":135.0,
            "준공년월":"1998-05-30",
            "준공년차":25.0,
            "가까운역이름":"군포",
            "가까운역거리":466.53,
            "역세권여부":"역세권",
            "30분이내주요거점역":1,
            "30분거점역이름":"['수원']",
            "1시간이내주요거점역":4,
            "1시간거점역이름":"['평촌', '가산디지털단지', '수원', '안산']",
            "3km이내백화점수":0,
            "5km이내아울렛몰수":1,
            "1km이내대형먀트수":1,
            "500m이내은행수":1,
            "500m이내병원수":16,
            "5km이내대형병원수":5,
            "500m이내공원수":12,
            "3km이내혐오시설수":0,
            "초등학교학업성취도":90.0,
            "중학교학업성취도":58.8,
            "용적률":336,
            "건폐율":30,
            "Y":37.35512,
            "X":126.94337,
            "rank":64.0,
            "area_info":"25평(84.96), 32평(106.07), 32평(106.16)",
            "last_sales":"2021-08-24,36000.0,25평(84.96)",
            "rank_history":[
                [
                    "202203",
                    64
                ],
                [
                    "202202",
                    47
                ],
                [
                    "202201",
                    47
                ]
            ],
            "rank_gap":-17
        },
        {
            "index":255,
            "아파트명":"남경",
            "투자타입":"일반",
            "전용면적(m2)":"109.3",
            "전용면적(평)":"33평",
            "법정동주소":"경기도 군포시 대야미동 642-8",
            "도로명주소":"경기도 군포시 대야2로 41",
            "세대수":0,
            "입주년차":40,
            "용적률점수":"--",
            "건폐율점수":"--",
            "세대당주차수":30,
            "난방방식":30,
            "공급면적":"--",
            "전용률":"--",
            "욕실수":100,
            "현관타입":100,
            "주거총점":35.5,
            "지역구공급총점":100.0,
            "역세권":80,
            "30분내 이동가능 거점":20,
            "1시간내 이동가능 거점":10,
            "교통총점":48.0,
            "백화점":0,
            "아울렛몰":80,
            "대형마트":0,
            "은행":0,
            "병원":10,
            "종합병원":100,
            "공원":100,
            "혐오시설":0,
            "인프라총점":32.0,
            "초등학군":89.99,
            "중학군":48.36,
            "학군총점":56.686,
            "인구수":30.45,
            "인구증감":-12.79,
            "인구총점":17.478,
            "일자리":12.28,
            "소득수준":58.69,
            "일자리총점":26.203,
            "가치 총점":42.0029,
            "매매실거래년":20210306.0,
            "매매실거래가":42000.0,
            "전세실거래년":20201222.0,
            "전세실거래가":33000.0,
            "전세가율":78.57,
            "장기전세가율평균":75.23,
            "전세가율거품지수":-3.34,
            "검색코드":100403,
            "세대수":58.0,
            "준공년월":"2007-08-21",
            "준공년차":16.0,
            "가까운역이름":"대야미",
            "가까운역거리":333.91,
            "역세권여부":"역세권",
            "30분이내주요거점역":1,
            "30분거점역이름":"['안산']",
            "1시간이내주요거점역":1,
            "1시간거점역이름":"['안산']",
            "3km이내백화점수":0,
            "5km이내아울렛몰수":1,
            "1km이내대형먀트수":0,
            "500m이내은행수":0,
            "500m이내병원수":4,
            "5km이내대형병원수":3,
            "500m이내공원수":3,
            "3km이내혐오시설수":0,
            "초등학교학업성취도":89.99,
            "중학교학업성취도":79.2,
            "용적률":227,
            "건폐율":20,
            "Y":37.330968,
            "X":126.916889,
            "rank":65.0,
            "area_info":"33평(109.3)",
            "last_sales":"2021-03-06,42000.0,33평(109.3)",
            "rank_history":[
                [
                    "202203",
                    65
                ],
                [
                    "202202",
                    9999
                ]
            ],
            "rank_gap":9999
        },
        {
            "index":516,
            "아파트명":"한양수리",
            "투자타입":"일반",
            "전용면적(m2)":"100.03",
            "전용면적(평)":"30평",
            "법정동주소":"경기도 군포시 산본동 1151-5",
            "도로명주소":"경기도 군포시 수리산로 40",
            "세대수":90,
            "입주년차":0,
            "용적률점수":"--",
            "건폐율점수":"--",
            "세대당주차수":60,
            "난방방식":100,
            "공급면적":"--",
            "전용률":"--",
            "욕실수":100,
            "현관타입":100,
            "주거총점":70.5,
            "지역구공급총점":100.0,
            "역세권":50,
            "30분내 이동가능 거점":0,
            "1시간내 이동가능 거점":0,
            "교통총점":25.0,
            "백화점":0,
            "아울렛몰":80,
            "대형마트":0,
            "은행":0,
            "병원":10,
            "종합병원":100,
            "공원":100,
            "혐오시설":0,
            "인프라총점":32.0,
            "초등학군":90.01,
            "중학군":54.84,
            "학군총점":61.874,
            "인구수":30.45,
            "인구증감":-12.79,
            "인구총점":17.478,
            "일자리":12.28,
            "소득수준":58.69,
            "일자리총점":26.203,
            "가치 총점":41.7311,
            "매매실거래년":20201125.0,
            "매매실거래가":82000.0,
            "전세실거래년":20110927.0,
            "전세실거래가":22500.0,
            "전세가율":68.18,
            "장기전세가율평균":75.23,
            "전세가율거품지수":7.05,
            "검색코드":7963,
            "세대수":1342.0,
            "준공년월":"1994-07-16",
            "준공년차":29.0,
            "가까운역이름":"수리산",
            "가까운역거리":959.84,
            "역세권여부":"준역세권",
            "30분이내주요거점역":0,
            "30분거점역이름":"[]",
            "1시간이내주요거점역":0,
            "1시간거점역이름":"[]",
            "3km이내백화점수":0,
            "5km이내아울렛몰수":1,
            "1km이내대형먀트수":0,
            "500m이내은행수":1,
            "500m이내병원수":3,
            "5km이내대형병원수":4,
            "500m이내공원수":5,
            "3km이내혐오시설수":0,
            "초등학교학업성취도":90.01,
            "중학교학업성취도":89.8,
            "용적률":219,
            "건폐율":14,
            "Y":37.35695,
            "X":126.918333,
            "rank":66.0,
            "area_info":"30평(100.03), 30평(100.03), 31평(103.72), 32평(107.92), 35평(118.92), 35평(118.92), 39평(130.3), 40평(133.22), 41평(137.74), 46평(154.36), 46평(154.31), 46평(154.36), 46평(154.15), 47평(156.3), 54평(181.43), 54평(181.37), 57평(191.71), 58평(192.71), 64평(214.48), 65평(214.88)",
            "last_sales":"2020-11-25,82000.0,65평(214.88)",
            "rank_history":[
                [
                    "202203",
                    66
                ],
                [
                    "202202",
                    71
                ],
                [
                    "202201",
                    73
                ]
            ],
            "rank_gap":5
        },
        {
            "index":114,
            "아파트명":"두산",
            "투자타입":"재건축",
            "전용면적(m2)":"70.19",
            "전용면적(평)":"21평",
            "법정동주소":"경기도 군포시 당동 907",
            "도로명주소":"경기도 군포시 군포로464번길 19",
            "세대수":30,
            "입주년차":"--",
            "용적률점수":0,
            "건폐율점수":80,
            "세대당주차수":"--",
            "난방방식":"--",
            "공급면적":50,
            "전용률":60,
            "욕실수":"--",
            "현관타입":"--",
            "주거총점":30.5,
            "지역구공급총점":100.0,
            "역세권":50,
            "30분내 이동가능 거점":20,
            "1시간내 이동가능 거점":30,
            "교통총점":37.0,
            "백화점":0,
            "아울렛몰":80,
            "대형마트":0,
            "은행":70,
            "병원":80,
            "종합병원":100,
            "공원":100,
            "혐오시설":0,
            "인프라총점":46.0,
            "초등학군":90.01,
            "중학군":49.9,
            "학군총점":57.922,
            "인구수":30.45,
            "인구증감":-12.79,
            "인구총점":17.478,
            "일자리":12.28,
            "소득수준":58.69,
            "일자리총점":26.203,
            "가치 총점":41.5383,
            "매매실거래년":20210909.0,
            "매매실거래가":57000.0,
            "전세실거래년":20210527.0,
            "전세실거래가":16800.0,
            "전세가율":56.57,
            "장기전세가율평균":75.23,
            "전세가율거품지수":18.66,
            "검색코드":1665,
            "세대수":398.0,
            "준공년월":"1992-12-26",
            "준공년차":31.0,
            "가까운역이름":"당정",
            "가까운역거리":526.95,
            "역세권여부":"준역세권",
            "30분이내주요거점역":1,
            "30분거점역이름":"['수원']",
            "1시간이내주요거점역":3,
            "1시간거점역이름":"['평촌', '가산디지털단지', '수원']",
            "3km이내백화점수":0,
            "5km이내아울렛몰수":1,
            "1km이내대형먀트수":0,
            "500m이내은행수":3,
            "500m이내병원수":35,
            "5km이내대형병원수":3,
            "500m이내공원수":11,
            "3km이내혐오시설수":0,
            "초등학교학업성취도":90.01,
            "중학교학업성취도":82.5,
            "용적률":221,
            "건폐율":21,
            "Y":37.347998,
            "X":126.945888,
            "rank":67.0,
            "area_info":"21평(70.19), 24평(81.56), 28평(95.23)",
            "last_sales":"2021-09-09,57000.0,28평(95.23)",
            "rank_history":[
                [
                    "202203",
                    67
                ],
                [
                    "202202",
                    30
                ],
                [
                    "202201",
                    32
                ]
            ],
            "rank_gap":-37
        },
        {
            "index":130,
            "아파트명":"베이",
            "투자타입":"일반",
            "전용면적(m2)":"90.64",
            "전용면적(평)":"27평",
            "법정동주소":"경기도 군포시 당동 946-5",
            "도로명주소":"경기도 군포시 금당로 67",
            "세대수":0,
            "입주년차":40,
            "용적률점수":"--",
            "건폐율점수":"--",
            "세대당주차수":30,
            "난방방식":30,
            "공급면적":"--",
            "전용률":"--",
            "욕실수":100,
            "현관타입":100,
            "주거총점":35.5,
            "지역구공급총점":100.0,
            "역세권":50,
            "30분내 이동가능 거점":20,
            "1시간내 이동가능 거점":40,
            "교통총점":39.0,
            "백화점":0,
            "아울렛몰":80,
            "대형마트":80,
            "은행":0,
            "병원":0,
            "종합병원":100,
            "공원":100,
            "혐오시설":0,
            "인프라총점":43.0,
            "초등학군":90.01,
            "중학군":42.9,
            "학군총점":52.322,
            "인구수":30.45,
            "인구증감":-12.79,
            "인구총점":17.478,
            "일자리":12.28,
            "소득수준":58.69,
            "일자리총점":26.203,
            "가치 총점":41.4983,
            "매매실거래년":20210915.0,
            "매매실거래가":28500.0,
            "전세실거래년":20160317.0,
            "전세실거래가":25000.0,
            "전세가율":91.91,
            "장기전세가율평균":75.23,
            "전세가율거품지수":-16.68,
            "검색코드":103849,
            "세대수":74.0,
            "준공년월":"2004-09-13",
            "준공년차":19.0,
            "가까운역이름":"군포",
            "가까운역거리":751.95,
            "역세권여부":"준역세권",
            "30분이내주요거점역":1,
            "30분거점역이름":"['수원']",
            "1시간이내주요거점역":4,
            "1시간거점역이름":"['평촌', '가산디지털단지', '수원', '안산']",
            "3km이내백화점수":0,
            "5km이내아울렛몰수":1,
            "1km이내대형먀트수":1,
            "500m이내은행수":0,
            "500m이내병원수":1,
            "5km이내대형병원수":5,
            "500m이내공원수":10,
            "3km이내혐오시설수":0,
            "초등학교학업성취도":90.01,
            "중학교학업성취도":71.5,
            "용적률":0,
            "건폐율":0,
            "Y":37.353992,
            "X":126.940014,
            "rank":68.0,
            "area_info":"27평(90.64), 27평(90.11), 27평(91.2), 29평(96.45), 30평(102.31), 63평(209.29)",
            "last_sales":"2021-09-15,28500.0,30평(102.31)",
            "rank_history":[
                [
                    "202203",
                    68
                ],
                [
                    "202202",
                    9999
                ]
            ],
            "rank_gap":9999
        },
        {
            "index":366,
            "아파트명":"금강주공9단지2차",
            "투자타입":"일반",
            "전용면적(m2)":"52.31",
            "전용면적(평)":"15평",
            "법정동주소":"경기도 군포시 산본동 1147",
            "도로명주소":"경기도 군포시 고산로 529",
            "세대수":30,
            "입주년차":0,
            "용적률점수":"--",
            "건폐율점수":"--",
            "세대당주차수":30,
            "난방방식":100,
            "공급면적":"--",
            "전용률":"--",
            "욕실수":50,
            "현관타입":10,
            "주거총점":31.0,
            "지역구공급총점":100.0,
            "역세권":50,
            "30분내 이동가능 거점":0,
            "1시간내 이동가능 거점":20,
            "교통총점":29.0,
            "백화점":0,
            "아울렛몰":80,
            "대형마트":100,
            "은행":0,
            "병원":60,
            "종합병원":100,
            "공원":100,
            "혐오시설":0,
            "인프라총점":52.0,
            "초등학군":89.99,
            "중학군":54.84,
            "학군총점":61.87,
            "인구수":30.45,
            "인구증감":-12.79,
            "인구총점":17.478,
            "일자리":12.28,
            "소득수준":58.69,
            "일자리총점":26.203,
            "가치 총점":41.2305,
            "매매실거래년":20211023.0,
            "매매실거래가":56400.0,
            "전세실거래년":20220127.0,
            "전세실거래가":16000.0,
            "전세가율":46.38,
            "장기전세가율평균":75.23,
            "전세가율거품지수":28.85,
            "검색코드":2896,
            "세대수":340.0,
            "준공년월":"1996-06-10",
            "준공년차":27.0,
            "가까운역이름":"산본",
            "가까운역거리":986.54,
            "역세권여부":"준역세권",
            "30분이내주요거점역":0,
            "30분거점역이름":"[]",
            "1시간이내주요거점역":2,
            "1시간거점역이름":"['평촌', '안산']",
            "3km이내백화점수":0,
            "5km이내아울렛몰수":1,
            "1km이내대형먀트수":3,
            "500m이내은행수":1,
            "500m이내병원수":11,
            "5km이내대형병원수":5,
            "500m이내공원수":7,
            "3km이내혐오시설수":0,
            "초등학교학업성취도":89.99,
            "중학교학업성취도":89.8,
            "용적률":217,
            "건폐율":27,
            "Y":37.360971,
            "X":126.92252,
            "rank":69.0,
            "area_info":"15평(52.31), 24평(81.04), 24평(81.04)",
            "last_sales":"2021-10-23,56400.0,24평(81.04)",
            "rank_history":[
                [
                    "202203",
                    69
                ],
                [
                    "202202",
                    69
                ],
                [
                    "202201",
                    71
                ]
            ],
            "rank_gap":0
        },
        {
            "index":29,
            "아파트명":"신환",
            "투자타입":"재건축",
            "전용면적(m2)":"64.99",
            "전용면적(평)":"19평",
            "법정동주소":"경기도 군포시 금정동 744-1",
            "도로명주소":"경기도 군포시 번영로 580",
            "세대수":50,
            "입주년차":"--",
            "용적률점수":0,
            "건폐율점수":80,
            "세대당주차수":"--",
            "난방방식":"--",
            "공급면적":50,
            "전용률":80,
            "욕실수":"--",
            "현관타입":"--",
            "주거총점":37.5,
            "지역구공급총점":100.0,
            "역세권":50,
            "30분내 이동가능 거점":0,
            "1시간내 이동가능 거점":40,
            "교통총점":33.0,
            "백화점":0,
            "아울렛몰":80,
            "대형마트":100,
            "은행":0,
            "병원":30,
            "종합병원":100,
            "공원":100,
            "혐오시설":0,
            "인프라총점":49.0,
            "초등학군":90.0,
            "중학군":35.28,
            "학군총점":46.224,
            "인구수":30.45,
            "인구증감":-12.79,
            "인구총점":17.478,
            "일자리":12.28,
            "소득수준":58.69,
            "일자리총점":26.203,
            "가치 총점":40.6836,
            "매매실거래년":20200325.0,
            "매매실거래가":31200.0,
            "전세실거래년":20210815.0,
            "전세실거래가":15750.0,
            "전세가율":98.44,
            "장기전세가율평균":75.23,
            "전세가율거품지수":-23.21,
            "검색코드":2622,
            "세대수":562.0,
            "준공년월":"1990-09-19",
            "준공년차":33.0,
            "가까운역이름":"산본",
            "가까운역거리":808.04,
            "역세권여부":"준역세권",
            "30분이내주요거점역":0,
            "30분거점역이름":"[]",
            "1시간이내주요거점역":4,
            "1시간거점역이름":"['평촌', '가산디지털단지', '수원', '안산']",
            "3km이내백화점수":0,
            "5km이내아울렛몰수":1,
            "1km이내대형먀트수":2,
            "500m이내은행수":0,
            "500m이내병원수":9,
            "5km이내대형병원수":5,
            "500m이내공원수":10,
            "3km이내혐오시설수":0,
            "초등학교학업성취도":90.0,
            "중학교학업성취도":58.8,
            "용적률":293,
            "건폐율":28,
            "Y":37.361695,
            "X":126.940933,
            "rank":70.0,
            "area_info":"19평(64.99), 23평(76.13), 26평(86.66), 27평(89.44), 28평(95.72), 30평(101.07), 31평(102.58), 31평(102.57)",
            "last_sales":"2020-03-25,31200.0,31평(102.57)",
            "rank_history":[
                [
                    "202203",
                    70
                ],
                [
                    "202202",
                    56
                ],
                [
                    "202201",
                    55
                ]
            ],
            "rank_gap":-14
        },
        {
            "index":107,
            "아파트명":"동막마을군포제일",
            "투자타입":"일반",
            "전용면적(m2)":"80.26",
            "전용면적(평)":"24평",
            "법정동주소":"경기도 군포시 당동 734",
            "도로명주소":"경기도 군포시 당산로 66-3",
            "세대수":0,
            "입주년차":20,
            "용적률점수":"--",
            "건폐율점수":"--",
            "세대당주차수":0,
            "난방방식":30,
            "공급면적":"--",
            "전용률":"--",
            "욕실수":50,
            "현관타입":100,
            "주거총점":22.0,
            "지역구공급총점":100.0,
            "역세권":80,
            "30분내 이동가능 거점":20,
            "1시간내 이동가능 거점":40,
            "교통총점":54.0,
            "백화점":0,
            "아울렛몰":80,
            "대형마트":0,
            "은행":0,
            "병원":30,
            "종합병원":100,
            "공원":100,
            "혐오시설":0,
            "인프라총점":34.0,
            "초등학군":90.0,
            "중학군":35.28,
            "학군총점":46.224,
            "인구수":30.45,
            "인구증감":-12.79,
            "인구총점":17.478,
            "일자리":12.28,
            "소득수준":58.69,
            "일자리총점":26.203,
            "가치 총점":40.4336,
            "매매실거래년":20210727.0,
            "매매실거래가":39000.0,
            "전세실거래년":20141107.0,
            "전세실거래가":13000.0,
            "전세가율":53.06,
            "장기전세가율평균":75.23,
            "전세가율거품지수":22.17,
            "검색코드":12917,
            "세대수":97.0,
            "준공년월":"2003-05-13",
            "준공년차":20.0,
            "가까운역이름":"군포",
            "가까운역거리":451.93,
            "역세권여부":"역세권",
            "30분이내주요거점역":1,
            "30분거점역이름":"['수원']",
            "1시간이내주요거점역":4,
            "1시간거점역이름":"['평촌', '가산디지털단지', '수원', '안산']",
            "3km이내백화점수":0,
            "5km이내아울렛몰수":1,
            "1km이내대형먀트수":0,
            "500m이내은행수":1,
            "500m이내병원수":8,
            "5km이내대형병원수":5,
            "500m이내공원수":8,
            "3km이내혐오시설수":0,
            "초등학교학업성취도":90.0,
            "중학교학업성취도":58.8,
            "용적률":378,
            "건폐율":41,
            "Y":37.357694,
            "X":126.945922,
            "rank":71.0,
            "area_info":"24평(80.26), 26평(86.25), 28평(93.2), 28평(94.76)",
            "last_sales":"2021-07-27,39000.0,28평(94.76)",
            "rank_history":[
                [
                    "202203",
                    71
                ],
                [
                    "202202",
                    9999
                ]
            ],
            "rank_gap":9999
        },
        {
            "index":15,
            "아파트명":"목화",
            "투자타입":"재건축",
            "전용면적(m2)":"121.84",
            "전용면적(평)":"36평",
            "법정동주소":"경기도 군포시 금정동 850",
            "도로명주소":"경기도 군포시 번영로550번길 5",
            "세대수":50,
            "입주년차":"--",
            "용적률점수":20,
            "건폐율점수":0,
            "세대당주차수":"--",
            "난방방식":"--",
            "공급면적":100,
            "전용률":80,
            "욕실수":"--",
            "현관타입":"--",
            "주거총점":32.0,
            "지역구공급총점":100.0,
            "역세권":50,
            "30분내 이동가능 거점":0,
            "1시간내 이동가능 거점":30,
            "교통총점":31.0,
            "백화점":0,
            "아울렛몰":80,
            "대형마트":100,
            "은행":20,
            "병원":30,
            "종합병원":100,
            "공원":100,
            "혐오시설":0,
            "인프라총점":51.0,
            "초등학군":90.0,
            "중학군":42.9,
            "학군총점":52.32,
            "인구수":30.45,
            "인구증감":-12.79,
            "인구총점":17.478,
            "일자리":12.28,
            "소득수준":58.69,
            "일자리총점":26.203,
            "가치 총점":40.398,
            "매매실거래년":20210911.0,
            "매매실거래가":79500.0,
            "전세실거래년":20211023.0,
            "전세실거래가":50000.0,
            "전세가율":70.42,
            "장기전세가율평균":75.23,
            "전세가율거품지수":4.81,
            "검색코드":2878,
            "세대수":420.0,
            "준공년월":"1992-12-15",
            "준공년차":31.0,
            "가까운역이름":"산본",
            "가까운역거리":571.42,
            "역세권여부":"준역세권",
            "30분이내주요거점역":0,
            "30분거점역이름":"[]",
            "1시간이내주요거점역":3,
            "1시간거점역이름":"['평촌', '가산디지털단지', '수원']",
            "3km이내백화점수":0,
            "5km이내아울렛몰수":1,
            "1km이내대형먀트수":2,
            "500m이내은행수":2,
            "500m이내병원수":7,
            "5km이내대형병원수":5,
            "500m이내공원수":9,
            "3km이내혐오시설수":0,
            "초등학교학업성취도":90.0,
            "중학교학업성취도":71.5,
            "용적률":214,
            "건폐율":0,
            "Y":37.360316,
            "X":126.93883,
            "rank":72.0,
            "area_info":"36평(121.84), 47평(157.32)",
            "last_sales":"2021-09-11,79500.0,47평(157.32)",
            "rank_history":[
                [
                    "202203",
                    72
                ],
                [
                    "202202",
                    50
                ],
                [
                    "202201",
                    54
                ]
            ],
            "rank_gap":-22
        },
        {
            "index":91,
            "아파트명":"덕산",
            "투자타입":"일반",
            "전용면적(m2)":"50.74",
            "전용면적(평)":"15평",
            "법정동주소":"경기도 군포시 당동 901-1",
            "도로명주소":"경기도 군포시 고산로250번길 36-1",
            "세대수":0,
            "입주년차":20,
            "용적률점수":"--",
            "건폐율점수":"--",
            "세대당주차수":0,
            "난방방식":30,
            "공급면적":"--",
            "전용률":"--",
            "욕실수":50,
            "현관타입":100,
            "주거총점":22.0,
            "지역구공급총점":100.0,
            "역세권":50,
            "30분내 이동가능 거점":20,
            "1시간내 이동가능 거점":30,
            "교통총점":37.0,
            "백화점":0,
            "아울렛몰":80,
            "대형마트":0,
            "은행":70,
            "병원":80,
            "종합병원":100,
            "공원":100,
            "혐오시설":0,
            "인프라총점":46.0,
            "초등학군":90.01,
            "중학군":49.9,
            "학군총점":57.922,
            "인구수":30.45,
            "인구증감":-12.79,
            "인구총점":17.478,
            "일자리":12.28,
            "소득수준":58.69,
            "일자리총점":26.203,
            "가치 총점":39.8383,
            "매매실거래년":20210710.0,
            "매매실거래가":54800.0,
            "전세실거래년":null,
            "전세실거래가":null,
            "전세가율":null,
            "장기전세가율평균":75.23,
            "전세가율거품지수":null,
            "검색코드":14470,
            "세대수":236.0,
            "준공년월":"2000-08-16",
            "준공년차":23.0,
            "가까운역이름":"군포",
            "가까운역거리":646.79,
            "역세권여부":"준역세권",
            "30분이내주요거점역":1,
            "30분거점역이름":"['수원']",
            "1시간이내주요거점역":3,
            "1시간거점역이름":"['평촌', '가산디지털단지', '수원']",
            "3km이내백화점수":0,
            "5km이내아울렛몰수":1,
            "1km이내대형먀트수":0,
            "500m이내은행수":3,
            "500m이내병원수":43,
            "5km이내대형병원수":4,
            "500m이내공원수":11,
            "3km이내혐오시설수":0,
            "초등학교학업성취도":90.01,
            "중학교학업성취도":82.5,
            "용적률":289,
            "건폐율":0,
            "Y":37.349311,
            "X":126.944538,
            "rank":73.0,
            "area_info":"15평(50.74), 22평(73.43), 22평(73.82), 23평(76.45), 23평(79.02), 25평(84.84), 26평(86.56), 27평(89.95), 27평(89.3), 27평(91.89), 27평(92.54), 29평(96.84), 29평(96.45), 29평(97.47), 44평(146.4), 48평(158.73)",
            "last_sales":"2021-07-10,54800.0,48평(158.73)",
            "rank_history":[
                [
                    "202203",
                    73
                ],
                [
                    "202202",
                    53
                ],
                [
                    "202201",
                    53
                ]
            ],
            "rank_gap":-20
        },
        {
            "index":498,
            "아파트명":"한양백두",
            "투자타입":"일반",
            "전용면적(m2)":"99.64",
            "전용면적(평)":"30평",
            "법정동주소":"경기도 군포시 산본동 1119",
            "도로명주소":"경기도 군포시 수리산로 244",
            "세대수":90,
            "입주년차":0,
            "용적률점수":"--",
            "건폐율점수":"--",
            "세대당주차수":80,
            "난방방식":100,
            "공급면적":"--",
            "전용률":"--",
            "욕실수":100,
            "현관타입":100,
            "주거총점":73.5,
            "지역구공급총점":100.0,
            "역세권":0,
            "30분내 이동가능 거점":0,
            "1시간내 이동가능 거점":10,
            "교통총점":2.0,
            "백화점":0,
            "아울렛몰":80,
            "대형마트":100,
            "은행":0,
            "병원":30,
            "종합병원":100,
            "공원":100,
            "혐오시설":0,
            "인프라총점":49.0,
            "초등학군":90.02,
            "중학군":56.52,
            "학군총점":63.22,
            "인구수":30.45,
            "인구증감":-12.79,
            "인구총점":17.478,
            "일자리":12.28,
            "소득수준":58.69,
            "일자리총점":26.203,
            "가치 총점":39.583,
            "매매실거래년":20200530.0,
            "매매실거래가":64500.0,
            "전세실거래년":null,
            "전세실거래가":null,
            "전세가율":null,
            "장기전세가율평균":75.23,
            "전세가율거품지수":null,
            "검색코드":2893,
            "세대수":930.0,
            "준공년월":"1994-09-14",
            "준공년차":29.0,
            "가까운역이름":"산본",
            "가까운역거리":1156.56,
            "역세권여부":"비역세권",
            "30분이내주요거점역":0,
            "30분거점역이름":"[]",
            "1시간이내주요거점역":1,
            "1시간거점역이름":"['평촌']",
            "3km이내백화점수":0,
            "5km이내아울렛몰수":1,
            "1km이내대형먀트수":2,
            "500m이내은행수":1,
            "500m이내병원수":8,
            "5km이내대형병원수":5,
            "500m이내공원수":4,
            "3km이내혐오시설수":0,
            "초등학교학업성취도":90.02,
            "중학교학업성취도":89.0,
            "용적률":217,
            "건폐율":13,
            "Y":37.365142,
            "X":126.92351,
            "rank":74.0,
            "area_info":"30평(99.64), 30평(99.64), 31평(103.55), 32평(107.5), 32평(107.5), 35평(118.45), 35평(118.45), 39평(129.83), 40평(132.73), 41평(137.27), 46평(153.88), 46평(153.8), 46평(153.88), 46평(154.16), 47평(156.0), 54평(181.07), 54평(181.02), 54평(181.07)",
            "last_sales":"2020-05-30,64500.0,54평(181.02)",
            "rank_history":[
                [
                    "202203",
                    74
                ],
                [
                    "202202",
                    65
                ],
                [
                    "202201",
                    66
                ]
            ],
            "rank_gap":-9
        },
        {
            "index":426,
            "아파트명":"설악주공8단지",
            "투자타입":"일반",
            "전용면적(m2)":"52.88",
            "전용면적(평)":"15평",
            "법정동주소":"경기도 군포시 산본동 1151-9",
            "도로명주소":"경기도 군포시 수리산로 102",
            "세대수":90,
            "입주년차":0,
            "용적률점수":"--",
            "건폐율점수":"--",
            "세대당주차수":30,
            "난방방식":100,
            "공급면적":"--",
            "전용률":"--",
            "욕실수":50,
            "현관타입":10,
            "주거총점":52.0,
            "지역구공급총점":100.0,
            "역세권":50,
            "30분내 이동가능 거점":0,
            "1시간내 이동가능 거점":10,
            "교통총점":27.0,
            "백화점":0,
            "아울렛몰":80,
            "대형마트":0,
            "은행":0,
            "병원":30,
            "종합병원":100,
            "공원":100,
            "혐오시설":0,
            "인프라총점":34.0,
            "초등학군":90.06,
            "중학군":54.84,
            "학군총점":61.884,
            "인구수":30.45,
            "인구증감":-12.79,
            "인구총점":17.478,
            "일자리":12.28,
            "소득수준":58.69,
            "일자리총점":26.203,
            "가치 총점":39.3326,
            "매매실거래년":20220129.0,
            "매매실거래가":33500.0,
            "전세실거래년":20220218.0,
            "전세실거래가":16500.0,
            "전세가율":55.0,
            "장기전세가율평균":75.23,
            "전세가율거품지수":20.23,
            "검색코드":2630,
            "세대수":1471.0,
            "준공년월":"1996-06-25",
            "준공년차":27.0,
            "가까운역이름":"수리산",
            "가까운역거리":968.33,
            "역세권여부":"준역세권",
            "30분이내주요거점역":0,
            "30분거점역이름":"[]",
            "1시간이내주요거점역":1,
            "1시간거점역이름":"['안산']",
            "3km이내백화점수":0,
            "5km이내아울렛몰수":1,
            "1km이내대형먀트수":0,
            "500m이내은행수":1,
            "500m이내병원수":8,
            "5km이내대형병원수":4,
            "500m이내공원수":6,
            "3km이내혐오시설수":0,
            "초등학교학업성취도":90.06,
            "중학교학업성취도":89.8,
            "용적률":233,
            "건폐율":13,
            "Y":37.358028,
            "X":126.92,
            "rank":75.0,
            "area_info":"15평(52.88), 18평(60.74), 20평(68.31)",
            "last_sales":"2022-01-29,33500.0,18평(60.74)",
            "rank_history":[
                [
                    "202203",
                    75
                ],
                [
                    "202202",
                    76
                ],
                [
                    "202201",
                    78
                ]
            ],
            "rank_gap":1
        },
        {
            "index":347,
            "아파트명":"가야주공5단지3차",
            "투자타입":"일반",
            "전용면적(m2)":"61.83",
            "전용면적(평)":"18평",
            "법정동주소":"경기도 군포시 산본동 1155-7",
            "도로명주소":"경기도 군포시 번영로 353",
            "세대수":90,
            "입주년차":0,
            "용적률점수":"--",
            "건폐율점수":"--",
            "세대당주차수":0,
            "난방방식":100,
            "공급면적":"--",
            "전용률":"--",
            "욕실수":50,
            "현관타입":100,
            "주거총점":56.5,
            "지역구공급총점":100.0,
            "역세권":50,
            "30분내 이동가능 거점":0,
            "1시간내 이동가능 거점":10,
            "교통총점":27.0,
            "백화점":0,
            "아울렛몰":80,
            "대형마트":0,
            "은행":0,
            "병원":0,
            "종합병원":100,
            "공원":100,
            "혐오시설":-50,
            "인프라총점":30.0,
            "초등학군":89.95,
            "중학군":52.16,
            "학군총점":59.718,
            "인구수":30.45,
            "인구증감":-12.79,
            "인구총점":17.478,
            "일자리":12.28,
            "소득수준":58.69,
            "일자리총점":26.203,
            "가치 총점":38.7077,
            "매매실거래년":20220102.0,
            "매매실거래가":29000.0,
            "전세실거래년":20220125.0,
            "전세실거래가":13125.0,
            "전세가율":45.26,
            "장기전세가율평균":75.23,
            "전세가율거품지수":29.97,
            "검색코드":114454,
            "세대수":949.0,
            "준공년월":"1993-08-19",
            "준공년차":30.0,
            "가까운역이름":"수리산",
            "가까운역거리":730.68,
            "역세권여부":"준역세권",
            "30분이내주요거점역":0,
            "30분거점역이름":"[]",
            "1시간이내주요거점역":1,
            "1시간거점역이름":"['안산']",
            "3km이내백화점수":0,
            "5km이내아울렛몰수":1,
            "1km이내대형먀트수":0,
            "500m이내은행수":0,
            "500m이내병원수":0,
            "5km이내대형병원수":3,
            "500m이내공원수":2,
            "3km이내혐오시설수":1,
            "초등학교학업성취도":89.95,
            "중학교학업성취도":85.4,
            "용적률":196,
            "건폐율":11,
            "Y":37.344306,
            "X":126.923086,
            "rank":76.0,
            "area_info":"18평(61.83)",
            "last_sales":"2022-01-02,29000.0,18평(61.83)",
            "rank_history":[
                [
                    "202203",
                    76
                ],
                [
                    "202202",
                    60
                ],
                [
                    "202201",
                    62
                ]
            ],
            "rank_gap":-16
        },
        {
            "index":156,
            "아파트명":"용호마을쌍용",
            "투자타입":"일반",
            "전용면적(m2)":"105.03",
            "전용면적(평)":"31평",
            "법정동주소":"경기도 군포시 당동 957-1",
            "도로명주소":"경기도 군포시 용호1로 57",
            "세대수":0,
            "입주년차":20,
            "용적률점수":"--",
            "건폐율점수":"--",
            "세대당주차수":30,
            "난방방식":100,
            "공급면적":"--",
            "전용률":"--",
            "욕실수":100,
            "현관타입":100,
            "주거총점":38.5,
            "지역구공급총점":100.0,
            "역세권":50,
            "30분내 이동가능 거점":0,
            "1시간내 이동가능 거점":30,
            "교통총점":31.0,
            "백화점":0,
            "아울렛몰":80,
            "대형마트":0,
            "은행":0,
            "병원":60,
            "종합병원":100,
            "공원":100,
            "혐오시설":0,
            "인프라총점":37.0,
            "초등학군":90.0,
            "중학군":52.8,
            "학군총점":60.24,
            "인구수":30.45,
            "인구증감":-12.79,
            "인구총점":17.478,
            "일자리":12.28,
            "소득수준":58.69,
            "일자리총점":26.203,
            "가치 총점":38.686,
            "매매실거래년":20210720.0,
            "매매실거래가":53800.0,
            "전세실거래년":20220128.0,
            "전세실거래가":40000.0,
            "전세가율":74.35,
            "장기전세가율평균":75.23,
            "전세가율거품지수":0.88,
            "검색코드":8605,
            "세대수":115.0,
            "준공년월":"2003-02-18",
            "준공년차":20.0,
            "가까운역이름":"당정",
            "가까운역거리":992.62,
            "역세권여부":"준역세권",
            "30분이내주요거점역":0,
            "30분거점역이름":"[]",
            "1시간이내주요거점역":3,
            "1시간거점역이름":"['가산디지털단지', '수원', '안산']",
            "3km이내백화점수":0,
            "5km이내아울렛몰수":1,
            "1km이내대형먀트수":0,
            "500m이내은행수":1,
            "500m이내병원수":10,
            "5km이내대형병원수":3,
            "500m이내공원수":6,
            "3km이내혐오시설수":0,
            "초등학교학업성취도":90.0,
            "중학교학업성취도":85.0,
            "용적률":241,
            "건폐율":18,
            "Y":37.34825,
            "X":126.938718,
            "rank":77.0,
            "area_info":"31평(105.03)",
            "last_sales":"2021-07-20,53800.0,31평(105.03)",
            "rank_history":[
                [
                    "202203",
                    77
                ],
                [
                    "202202",
                    61
                ],
                [
                    "202201",
                    65
                ]
            ],
            "rank_gap":-16
        },
        {
            "index":457,
            "아파트명":"장미",
            "투자타입":"일반",
            "전용면적(m2)":"122.67",
            "전용면적(평)":"37평",
            "법정동주소":"경기도 군포시 산본동 1092",
            "도로명주소":"경기도 군포시 산본로386번길 21",
            "세대수":80,
            "입주년차":0,
            "용적률점수":"--",
            "건폐율점수":"--",
            "세대당주차수":0,
            "난방방식":100,
            "공급면적":"--",
            "전용률":"--",
            "욕실수":100,
            "현관타입":100,
            "주거총점":58.0,
            "지역구공급총점":100.0,
            "역세권":0,
            "30분내 이동가능 거점":0,
            "1시간내 이동가능 거점":30,
            "교통총점":6.0,
            "백화점":0,
            "아울렛몰":80,
            "대형마트":100,
            "은행":0,
            "병원":60,
            "종합병원":100,
            "공원":100,
            "혐오시설":0,
            "인프라총점":52.0,
            "초등학군":89.97,
            "중학군":53.8,
            "학군총점":61.034,
            "인구수":30.45,
            "인구증감":-12.79,
            "인구총점":17.478,
            "일자리":12.28,
            "소득수준":58.69,
            "일자리총점":26.203,
            "가치 총점":38.4551,
            "매매실거래년":20211209.0,
            "매매실거래가":79500.0,
            "전세실거래년":20220215.0,
            "전세실거래가":48000.0,
            "전세가율":60.38,
            "장기전세가율평균":75.23,
            "전세가율거품지수":14.85,
            "검색코드":2903,
            "세대수":822.0,
            "준공년월":"1993-07-06",
            "준공년차":30.0,
            "가까운역이름":"산본",
            "가까운역거리":1026.19,
            "역세권여부":"비역세권",
            "30분이내주요거점역":0,
            "30분거점역이름":"[]",
            "1시간이내주요거점역":3,
            "1시간거점역이름":"['양재', '평촌', '안산']",
            "3km이내백화점수":0,
            "5km이내아울렛몰수":1,
            "1km이내대형먀트수":2,
            "500m이내은행수":1,
            "500m이내병원수":14,
            "5km이내대형병원수":5,
            "500m이내공원수":9,
            "3km이내혐오시설수":0,
            "초등학교학업성취도":89.97,
            "중학교학업성취도":88.6,
            "용적률":220,
            "건폐율":16,
            "Y":37.367141,
            "X":126.931283,
            "rank":78.0,
            "area_info":"37평(122.67), 37평(122.52), 48평(159.93)",
            "last_sales":"2021-12-09,79500.0,37평(122.67)",
            "rank_history":[
                [
                    "202203",
                    78
                ],
                [
                    "202202",
                    49
                ],
                [
                    "202201",
                    51
                ]
            ],
            "rank_gap":-29
        },
        {
            "index":243,
            "아파트명":"건양1차",
            "투자타입":"일반",
            "전용면적(m2)":"85.87",
            "전용면적(평)":"25평",
            "법정동주소":"경기도 군포시 대야미동 654-14",
            "도로명주소":"경기도 군포시 대야1로22번길 8-1",
            "세대수":0,
            "입주년차":0,
            "용적률점수":"--",
            "건폐율점수":"--",
            "세대당주차수":0,
            "난방방식":30,
            "공급면적":"--",
            "전용률":"--",
            "욕실수":50,
            "현관타입":10,
            "주거총점":9.0,
            "지역구공급총점":100.0,
            "역세권":80,
            "30분내 이동가능 거점":20,
            "1시간내 이동가능 거점":30,
            "교통총점":52.0,
            "백화점":0,
            "아울렛몰":80,
            "대형마트":0,
            "은행":0,
            "병원":10,
            "종합병원":100,
            "공원":100,
            "혐오시설":0,
            "인프라총점":32.0,
            "초등학군":89.99,
            "중학군":48.36,
            "학군총점":56.686,
            "인구수":30.45,
            "인구증감":-12.79,
            "인구총점":17.478,
            "일자리":12.28,
            "소득수준":58.69,
            "일자리총점":26.203,
            "가치 총점":38.1029,
            "매매실거래년":20210828.0,
            "매매실거래가":32000.0,
            "전세실거래년":20211112.0,
            "전세실거래가":25000.0,
            "전세가율":78.12,
            "장기전세가율평균":75.23,
            "전세가율거품지수":-2.89,
            "검색코드":9583,
            "세대수":154.0,
            "준공년월":"1997-02-14",
            "준공년차":26.0,
            "가까운역이름":"대야미",
            "가까운역거리":128.33,
            "역세권여부":"역세권",
            "30분이내주요거점역":1,
            "30분거점역이름":"['안산']",
            "1시간이내주요거점역":3,
            "1시간거점역이름":"['가산디지털단지', '수원', '안산']",
            "3km이내백화점수":0,
            "5km이내아울렛몰수":1,
            "1km이내대형먀트수":0,
            "500m이내은행수":0,
            "500m이내병원수":4,
            "5km이내대형병원수":3,
            "500m이내공원수":4,
            "3km이내혐오시설수":0,
            "초등학교학업성취도":89.99,
            "중학교학업성취도":79.2,
            "용적률":324,
            "건폐율":24,
            "Y":37.32759,
            "X":126.91827,
            "rank":79.0,
            "area_info":"25평(85.87), 32평(107.41)",
            "last_sales":"2021-08-28,32000.0,25평(85.87)",
            "rank_history":[
                [
                    "202203",
                    79
                ],
                [
                    "202202",
                    57
                ],
                [
                    "202201",
                    58
                ]
            ],
            "rank_gap":-22
        },
        {
            "index":245,
            "아파트명":"건양타워2차",
            "투자타입":"일반",
            "전용면적(m2)":"85.17",
            "전용면적(평)":"25평",
            "법정동주소":"경기도 군포시 대야미동 659-1",
            "도로명주소":"경기도 군포시 대야1로15번길 6",
            "세대수":0,
            "입주년차":0,
            "용적률점수":"--",
            "건폐율점수":"--",
            "세대당주차수":0,
            "난방방식":30,
            "공급면적":"--",
            "전용률":"--",
            "욕실수":50,
            "현관타입":10,
            "주거총점":9.0,
            "지역구공급총점":100.0,
            "역세권":80,
            "30분내 이동가능 거점":20,
            "1시간내 이동가능 거점":30,
            "교통총점":52.0,
            "백화점":0,
            "아울렛몰":80,
            "대형마트":0,
            "은행":0,
            "병원":10,
            "종합병원":100,
            "공원":100,
            "혐오시설":0,
            "인프라총점":32.0,
            "초등학군":89.99,
            "중학군":48.36,
            "학군총점":56.686,
            "인구수":30.45,
            "인구증감":-12.79,
            "인구총점":17.478,
            "일자리":12.28,
            "소득수준":58.69,
            "일자리총점":26.203,
            "가치 총점":38.1029,
            "매매실거래년":20210903.0,
            "매매실거래가":45000.0,
            "전세실거래년":20220121.0,
            "전세실거래가":22000.0,
            "전세가율":77.74,
            "장기전세가율평균":75.23,
            "전세가율거품지수":-2.51,
            "검색코드":9584,
            "세대수":157.0,
            "준공년월":"1998-08-24",
            "준공년차":25.0,
            "가까운역이름":"대야미",
            "가까운역거리":121.0,
            "역세권여부":"역세권",
            "30분이내주요거점역":1,
            "30분거점역이름":"['안산']",
            "1시간이내주요거점역":3,
            "1시간거점역이름":"['가산디지털단지', '수원', '안산']",
            "3km이내백화점수":0,
            "5km이내아울렛몰수":1,
            "1km이내대형먀트수":0,
            "500m이내은행수":0,
            "500m이내병원수":4,
            "5km이내대형병원수":3,
            "500m이내공원수":4,
            "3km이내혐오시설수":0,
            "초등학교학업성취도":89.99,
            "중학교학업성취도":79.2,
            "용적률":384,
            "건폐율":35,
            "Y":37.32688,
            "X":126.917,
            "rank":79.0,
            "area_info":"25평(85.17), 33평(110.45)",
            "last_sales":"2021-09-03,45000.0,33평(110.45)",
            "rank_history":[
                [
                    "202203",
                    79
                ],
                [
                    "202202",
                    59
                ],
                [
                    "202201",
                    61
                ]
            ],
            "rank_gap":-20
        },
        {
            "index":166,
            "아파트명":"풍성2차",
            "투자타입":"재건축",
            "전용면적(m2)":"55.14",
            "전용면적(평)":"16평",
            "법정동주소":"경기도 군포시 당동 755-1",
            "도로명주소":"경기도 군포시 당산로19번길 24",
            "세대수":0,
            "입주년차":"--",
            "용적률점수":0,
            "건폐율점수":0,
            "세대당주차수":"--",
            "난방방식":"--",
            "공급면적":50,
            "전용률":60,
            "욕실수":"--",
            "현관타입":"--",
            "주거총점":5.5,
            "지역구공급총점":100.0,
            "역세권":80,
            "30분내 이동가능 거점":20,
            "1시간내 이동가능 거점":40,
            "교통총점":54.0,
            "백화점":0,
            "아울렛몰":80,
            "대형마트":0,
            "은행":0,
            "병원":60,
            "종합병원":100,
            "공원":100,
            "혐오시설":0,
            "인프라총점":37.0,
            "초등학군":90.01,
            "중학군":35.28,
            "학군총점":46.226,
            "인구수":30.45,
            "인구증감":-12.79,
            "인구총점":17.478,
            "일자리":12.28,
            "소득수준":58.69,
            "일자리총점":26.203,
            "가치 총점":38.0339,
            "매매실거래년":20220122.0,
            "매매실거래가":23300.0,
            "전세실거래년":20211027.0,
            "전세실거래가":12000.0,
            "전세가율":44.44,
            "장기전세가율평균":75.23,
            "전세가율거품지수":30.79,
            "검색코드":10549,
            "세대수":55.0,
            "준공년월":"1988-01-19",
            "준공년차":35.0,
            "가까운역이름":"군포",
            "가까운역거리":467.87,
            "역세권여부":"역세권",
            "30분이내주요거점역":1,
            "30분거점역이름":"['수원']",
            "1시간이내주요거점역":4,
            "1시간거점역이름":"['평촌', '가산디지털단지', '수원', '안산']",
            "3km이내백화점수":0,
            "5km이내아울렛몰수":1,
            "1km이내대형먀트수":0,
            "500m이내은행수":1,
            "500m이내병원수":25,
            "5km이내대형병원수":5,
            "500m이내공원수":13,
            "3km이내혐오시설수":0,
            "초등학교학업성취도":90.01,
            "중학교학업성취도":58.8,
            "용적률":0,
            "건폐율":0,
            "Y":37.35364,
            "X":126.94327,
            "rank":80.0,
            "area_info":"16평(55.14), 18평(60.82), 19평(65.16), 22평(75.2)",
            "last_sales":"2022-01-22,23300.0,19평(65.16)",
            "rank_history":[
                [
                    "202203",
                    80
                ],
                [
                    "202202",
                    9999
                ]
            ],
            "rank_gap":9999
        },
        {
            "index":162,
            "아파트명":"풍성",
            "투자타입":"재건축",
            "전용면적(m2)":"48.87",
            "전용면적(평)":"14평",
            "법정동주소":"경기도 군포시 당동 740-1",
            "도로명주소":"경기도 군포시 산본로216번길 18",
            "세대수":0,
            "입주년차":"--",
            "용적률점수":0,
            "건폐율점수":0,
            "세대당주차수":"--",
            "난방방식":"--",
            "공급면적":50,
            "전용률":60,
            "욕실수":"--",
            "현관타입":"--",
            "주거총점":5.5,
            "지역구공급총점":100.0,
            "역세권":80,
            "30분내 이동가능 거점":20,
            "1시간내 이동가능 거점":40,
            "교통총점":54.0,
            "백화점":0,
            "아울렛몰":80,
            "대형마트":0,
            "은행":0,
            "병원":60,
            "종합병원":100,
            "공원":100,
            "혐오시설":0,
            "인프라총점":37.0,
            "초등학군":90.0,
            "중학군":35.28,
            "학군총점":46.224,
            "인구수":30.45,
            "인구증감":-12.79,
            "인구총점":17.478,
            "일자리":12.28,
            "소득수준":58.69,
            "일자리총점":26.203,
            "가치 총점":38.0336,
            "매매실거래년":20210818.0,
            "매매실거래가":13000.0,
            "전세실거래년":20210628.0,
            "전세실거래가":2000.0,
            "전세가율":15.38,
            "장기전세가율평균":75.23,
            "전세가율거품지수":59.85,
            "검색코드":1668,
            "세대수":90.0,
            "준공년월":"1986-10-02",
            "준공년차":37.0,
            "가까운역이름":"군포",
            "가까운역거리":460.96,
            "역세권여부":"역세권",
            "30분이내주요거점역":1,
            "30분거점역이름":"['수원']",
            "1시간이내주요거점역":4,
            "1시간거점역이름":"['평촌', '가산디지털단지', '수원', '안산']",
            "3km이내백화점수":0,
            "5km이내아울렛몰수":1,
            "1km이내대형먀트수":0,
            "500m이내은행수":1,
            "500m이내병원수":13,
            "5km이내대형병원수":5,
            "500m이내공원수":10,
            "3km이내혐오시설수":0,
            "초등학교학업성취도":90.0,
            "중학교학업성취도":58.8,
            "용적률":0,
            "건폐율":0,
            "Y":37.35647,
            "X":126.94416,
            "rank":81.0,
            "area_info":"14평(48.87), 17평(57.61), 17평(58.59), 18평(59.99)",
            "last_sales":"2021-08-18,13000.0,18평(59.99)",
            "rank_history":[
                [
                    "202203",
                    81
                ],
                [
                    "202202",
                    9999
                ]
            ],
            "rank_gap":9999
        },
        {
            "index":176,
            "아파트명":"누리에뜰",
            "투자타입":"일반",
            "전용면적(m2)":"106.06",
            "전용면적(평)":"32평",
            "법정동주소":"경기도 군포시 당정동 981-1",
            "도로명주소":"경기도 군포시 한세로66번길 12",
            "세대수":0,
            "입주년차":40,
            "용적률점수":"--",
            "건폐율점수":"--",
            "세대당주차수":0,
            "난방방식":30,
            "공급면적":"--",
            "전용률":"--",
            "욕실수":100,
            "현관타입":100,
            "주거총점":31.0,
            "지역구공급총점":100.0,
            "역세권":50,
            "30분내 이동가능 거점":20,
            "1시간내 이동가능 거점":30,
            "교통총점":37.0,
            "백화점":0,
            "아울렛몰":80,
            "대형마트":0,
            "은행":0,
            "병원":30,
            "종합병원":100,
            "공원":100,
            "혐오시설":0,
            "인프라총점":34.0,
            "초등학군":90.0,
            "중학군":49.68,
            "학군총점":57.744,
            "인구수":30.45,
            "인구증감":-12.79,
            "인구총점":17.478,
            "일자리":12.28,
            "소득수준":58.69,
            "일자리총점":26.203,
            "가치 총점":38.0116,
            "매매실거래년":20210316.0,
            "매매실거래가":45500.0,
            "전세실거래년":null,
            "전세실거래가":null,
            "전세가율":null,
            "장기전세가율평균":75.23,
            "전세가율거품지수":null,
            "검색코드":26000,
            "세대수":160.0,
            "준공년월":"2007-05-11",
            "준공년차":16.0,
            "가까운역이름":"당정",
            "가까운역거리":865.81,
            "역세권여부":"준역세권",
            "30분이내주요거점역":1,
            "30분거점역이름":"['수원']",
            "1시간이내주요거점역":3,
            "1시간거점역이름":"['평촌', '가산디지털단지', '수원']",
            "3km이내백화점수":0,
            "5km이내아울렛몰수":1,
            "1km이내대형먀트수":0,
            "500m이내은행수":1,
            "500m이내병원수":8,
            "5km이내대형병원수":4,
            "500m이내공원수":5,
            "3km이내혐오시설수":0,
            "초등학교학업성취도":90.0,
            "중학교학업성취도":81.0,
            "용적률":233,
            "건폐율":56,
            "Y":37.348208,
            "X":126.956348,
            "rank":82.0,
            "area_info":"32평(106.06), 33평(111.91), 34평(115.35), 38평(126.76), 40평(132.71), 41평(136.01), 43평(145.14), 44평(147.53), 44평(147.11), 46평(152.56)",
            "last_sales":"2021-03-16,45500.0,44평(147.11)",
            "rank_history":[
                [
                    "202203",
                    82
                ],
                [
                    "202202",
                    66
                ],
                [
                    "202201",
                    67
                ]
            ],
            "rank_gap":-16
        },
        {
            "index":473,
            "아파트명":"한라주공4단지2차",
            "투자타입":"일반",
            "전용면적(m2)":"53.72",
            "전용면적(평)":"16평",
            "법정동주소":"경기도 군포시 산본동 1156-15",
            "도로명주소":"경기도 군포시 번영로 328",
            "세대수":100,
            "입주년차":0,
            "용적률점수":"--",
            "건폐율점수":"--",
            "세대당주차수":0,
            "난방방식":100,
            "공급면적":"--",
            "전용률":"--",
            "욕실수":50,
            "현관타입":10,
            "주거총점":51.0,
            "지역구공급총점":100.0,
            "역세권":50,
            "30분내 이동가능 거점":0,
            "1시간내 이동가능 거점":10,
            "교통총점":27.0,
            "백화점":0,
            "아울렛몰":80,
            "대형마트":0,
            "은행":0,
            "병원":0,
            "종합병원":100,
            "공원":100,
            "혐오시설":0,
            "인프라총점":31.0,
            "초등학군":89.95,
            "중학군":52.8,
            "학군총점":60.23,
            "인구수":30.45,
            "인구증감":-12.79,
            "인구총점":17.478,
            "일자리":12.28,
            "소득수준":58.69,
            "일자리총점":26.203,
            "가치 총점":37.9845,
            "매매실거래년":20220209.0,
            "매매실거래가":30000.0,
            "전세실거래년":20220111.0,
            "전세실거래가":10500.0,
            "전세가율":35.0,
            "장기전세가율평균":75.23,
            "전세가율거품지수":40.23,
            "검색코드":8960,
            "세대수":1639.0,
            "준공년월":"1997-11-29",
            "준공년차":26.0,
            "가까운역이름":"수리산",
            "가까운역거리":680.84,
            "역세권여부":"준역세권",
            "30분이내주요거점역":0,
            "30분거점역이름":"[]",
            "1시간이내주요거점역":1,
            "1시간거점역이름":"['안산']",
            "3km이내백화점수":0,
            "5km이내아울렛몰수":1,
            "1km이내대형먀트수":0,
            "500m이내은행수":0,
            "500m이내병원수":0,
            "5km이내대형병원수":3,
            "500m이내공원수":3,
            "3km이내혐오시설수":0,
            "초등학교학업성취도":89.95,
            "중학교학업성취도":85.0,
            "용적률":209,
            "건폐율":13,
            "Y":37.344451,
            "X":126.926187,
            "rank":83.0,
            "area_info":"16평(53.72), 24평(80.63), 25평(83.43), 25평(84.7), 25평(85.59), 26평(86.59)",
            "last_sales":"2022-02-09,30000.0,16평(53.72)",
            "rank_history":[
                [
                    "202203",
                    83
                ],
                [
                    "202202",
                    62
                ],
                [
                    "202201",
                    63
                ]
            ],
            "rank_gap":-21
        },
        {
            "index":446,
            "아파트명":"우방목련",
            "투자타입":"일반",
            "전용면적(m2)":"93.16",
            "전용면적(평)":"28평",
            "법정동주소":"경기도 군포시 산본동 1091-1",
            "도로명주소":"경기도 군포시 고산로643번길 9",
            "세대수":80,
            "입주년차":0,
            "용적률점수":"--",
            "건폐율점수":"--",
            "세대당주차수":0,
            "난방방식":100,
            "공급면적":"--",
            "전용률":"--",
            "욕실수":50,
            "현관타입":100,
            "주거총점":53.0,
            "지역구공급총점":100.0,
            "역세권":0,
            "30분내 이동가능 거점":0,
            "1시간내 이동가능 거점":30,
            "교통총점":6.0,
            "백화점":0,
            "아울렛몰":80,
            "대형마트":100,
            "은행":0,
            "병원":60,
            "종합병원":100,
            "공원":100,
            "혐오시설":0,
            "인프라총점":52.0,
            "초등학군":89.97,
            "중학군":53.8,
            "학군총점":61.034,
            "인구수":30.45,
            "인구증감":-12.79,
            "인구총점":17.478,
            "일자리":12.28,
            "소득수준":58.69,
            "일자리총점":26.203,
            "가치 총점":37.4551,
            "매매실거래년":20220205.0,
            "매매실거래가":57000.0,
            "전세실거래년":20220221.0,
            "전세실거래가":33075.0,
            "전세가율":58.03,
            "장기전세가율평균":75.23,
            "전세가율거품지수":17.2,
            "검색코드":2887,
            "세대수":792.0,
            "준공년월":"1994-10-08",
            "준공년차":29.0,
            "가까운역이름":"산본",
            "가까운역거리":1119.84,
            "역세권여부":"비역세권",
            "30분이내주요거점역":0,
            "30분거점역이름":"[]",
            "1시간이내주요거점역":3,
            "1시간거점역이름":"['양재', '평촌', '안산']",
            "3km이내백화점수":0,
            "5km이내아울렛몰수":1,
            "1km이내대형먀트수":2,
            "500m이내은행수":1,
            "500m이내병원수":13,
            "5km이내대형병원수":5,
            "500m이내공원수":7,
            "3km이내혐오시설수":0,
            "초등학교학업성취도":89.97,
            "중학교학업성취도":88.6,
            "용적률":220,
            "건폐율":19,
            "Y":37.367553,
            "X":126.928963,
            "rank":84.0,
            "area_info":"28평(93.16), 32평(108.5)",
            "last_sales":"2022-02-05,57000.0,28평(93.16)",
            "rank_history":[
                [
                    "202203",
                    84
                ],
                [
                    "202202",
                    54
                ],
                [
                    "202201",
                    56
                ]
            ],
            "rank_gap":-30
        },
        {
            "index":388,
            "아파트명":"묘향롯데",
            "투자타입":"일반",
            "전용면적(m2)":"114.33",
            "전용면적(평)":"34평",
            "법정동주소":"경기도 군포시 산본동 1148",
            "도로명주소":"경기도 군포시 고산로539번길 7-12",
            "세대수":80,
            "입주년차":0,
            "용적률점수":"--",
            "건폐율점수":"--",
            "세대당주차수":30,
            "난방방식":100,
            "공급면적":"--",
            "전용률":"--",
            "욕실수":100,
            "현관타입":100,
            "주거총점":62.5,
            "지역구공급총점":100.0,
            "역세권":0,
            "30분내 이동가능 거점":0,
            "1시간내 이동가능 거점":10,
            "교통총점":2.0,
            "백화점":0,
            "아울렛몰":80,
            "대형마트":100,
            "은행":0,
            "병원":30,
            "종합병원":100,
            "공원":100,
            "혐오시설":0,
            "인프라총점":49.0,
            "초등학군":90.02,
            "중학군":56.52,
            "학군총점":63.22,
            "인구수":30.45,
            "인구증감":-12.79,
            "인구총점":17.478,
            "일자리":12.28,
            "소득수준":58.69,
            "일자리총점":26.203,
            "가치 총점":37.383,
            "매매실거래년":20211016.0,
            "매매실거래가":75000.0,
            "전세실거래년":20211218.0,
            "전세실거래가":39900.0,
            "전세가율":53.2,
            "장기전세가율평균":75.23,
            "전세가율거품지수":22.03,
            "검색코드":2889,
            "세대수":784.0,
            "준공년월":"1993-07-21",
            "준공년차":30.0,
            "가까운역이름":"산본",
            "가까운역거리":1159.44,
            "역세권여부":"비역세권",
            "30분이내주요거점역":0,
            "30분거점역이름":"[]",
            "1시간이내주요거점역":1,
            "1시간거점역이름":"['안산']",
            "3km이내백화점수":0,
            "5km이내아울렛몰수":1,
            "1km이내대형먀트수":2,
            "500m이내은행수":1,
            "500m이내병원수":8,
            "5km이내대형병원수":5,
            "500m이내공원수":6,
            "3km이내혐오시설수":0,
            "초등학교학업성취도":90.02,
            "중학교학업성취도":89.0,
            "용적률":220,
            "건폐율":15,
            "Y":37.362517,
            "X":126.921211,
            "rank":85.0,
            "area_info":"34평(114.33), 36평(122.13), 47평(157.01), 52평(172.83), 54평(179.11), 66평(218.5)",
            "last_sales":"2021-10-16,75000.0,34평(114.33)",
            "rank_history":[
                [
                    "202203",
                    85
                ],
                [
                    "202202",
                    63
                ],
                [
                    "202201",
                    59
                ]
            ],
            "rank_gap":-22
        },
        {
            "index":170,
            "아파트명":"거성에이플",
            "투자타입":"일반",
            "전용면적(m2)":"99.54",
            "전용면적(평)":"30평",
            "법정동주소":"경기도 군포시 당정동 985-1",
            "도로명주소":"경기도 군포시 한세로78번길 17",
            "세대수":0,
            "입주년차":40,
            "용적률점수":"--",
            "건폐율점수":"--",
            "세대당주차수":30,
            "난방방식":30,
            "공급면적":"--",
            "전용률":"--",
            "욕실수":100,
            "현관타입":100,
            "주거총점":35.5,
            "지역구공급총점":100.0,
            "역세권":50,
            "30분내 이동가능 거점":0,
            "1시간내 이동가능 거점":20,
            "교통총점":29.0,
            "백화점":0,
            "아울렛몰":80,
            "대형마트":0,
            "은행":0,
            "병원":30,
            "종합병원":100,
            "공원":100,
            "혐오시설":0,
            "인프라총점":34.0,
            "초등학군":90.0,
            "중학군":49.68,
            "학군총점":57.744,
            "인구수":30.45,
            "인구증감":-12.79,
            "인구총점":17.478,
            "일자리":12.28,
            "소득수준":58.69,
            "일자리총점":26.203,
            "가치 총점":36.1116,
            "매매실거래년":20210515.0,
            "매매실거래가":36000.0,
            "전세실거래년":null,
            "전세실거래가":null,
            "전세가율":null,
            "장기전세가율평균":75.23,
            "전세가율거품지수":null,
            "검색코드":100801,
            "세대수":76.0,
            "준공년월":"2004-06-09",
            "준공년차":19.0,
            "가까운역이름":"당정",
            "가까운역거리":958.25,
            "역세권여부":"준역세권",
            "30분이내주요거점역":0,
            "30분거점역이름":"[]",
            "1시간이내주요거점역":2,
            "1시간거점역이름":"['평촌', '가산디지털단지']",
            "3km이내백화점수":0,
            "5km이내아울렛몰수":1,
            "1km이내대형먀트수":0,
            "500m이내은행수":1,
            "500m이내병원수":7,
            "5km이내대형병원수":4,
            "500m이내공원수":4,
            "3km이내혐오시설수":0,
            "초등학교학업성취도":90.0,
            "중학교학업성취도":81.0,
            "용적률":0,
            "건폐율":0,
            "Y":37.347915,
            "X":126.957819,
            "rank":86.0,
            "area_info":"30평(99.54), 30평(100.06), 39평(130.42), 43평(143.71), 50평(167.24), 58평(192.76)",
            "last_sales":"2021-05-15,36000.0,30평(100.06)",
            "rank_history":[
                [
                    "202203",
                    86
                ],
                [
                    "202202",
                    9999
                ]
            ],
            "rank_gap":9999
        },
        {
            "index":221,
            "아파트명":"덕산",
            "투자타입":"일반",
            "전용면적(m2)":"98.04",
            "전용면적(평)":"29평",
            "법정동주소":"경기도 군포시 당정동 987-1",
            "도로명주소":"경기도 군포시 한세로66번길 28",
            "세대수":0,
            "입주년차":40,
            "용적률점수":"--",
            "건폐율점수":"--",
            "세대당주차수":30,
            "난방방식":30,
            "공급면적":"--",
            "전용률":"--",
            "욕실수":100,
            "현관타입":100,
            "주거총점":35.5,
            "지역구공급총점":100.0,
            "역세권":50,
            "30분내 이동가능 거점":0,
            "1시간내 이동가능 거점":20,
            "교통총점":29.0,
            "백화점":0,
            "아울렛몰":80,
            "대형마트":0,
            "은행":0,
            "병원":30,
            "종합병원":100,
            "공원":100,
            "혐오시설":0,
            "인프라총점":34.0,
            "초등학군":90.0,
            "중학군":49.68,
            "학군총점":57.744,
            "인구수":30.45,
            "인구증감":-12.79,
            "인구총점":17.478,
            "일자리":12.28,
            "소득수준":58.69,
            "일자리총점":26.203,
            "가치 총점":36.1116,
            "매매실거래년":20210726.0,
            "매매실거래가":43500.0,
            "전세실거래년":20160321.0,
            "전세실거래가":24000.0,
            "전세가율":80.27,
            "장기전세가율평균":75.23,
            "전세가율거품지수":-5.04,
            "검색코드":102666,
            "세대수":54.0,
            "준공년월":"2006-06-28",
            "준공년차":17.0,
            "가까운역이름":"당정",
            "가까운역거리":831.93,
            "역세권여부":"준역세권",
            "30분이내주요거점역":0,
            "30분거점역이름":"[]",
            "1시간이내주요거점역":2,
            "1시간거점역이름":"['가산디지털단지', '수원']",
            "3km이내백화점수":0,
            "5km이내아울렛몰수":1,
            "1km이내대형먀트수":0,
            "500m이내은행수":1,
            "500m이내병원수":8,
            "5km이내대형병원수":3,
            "500m이내공원수":4,
            "3km이내혐오시설수":0,
            "초등학교학업성취도":90.0,
            "중학교학업성취도":81.0,
            "용적률":0,
            "건폐율":0,
            "Y":37.346566,
            "X":126.957059,
            "rank":86.0,
            "area_info":"29평(98.04), 29평(98.08)",
            "last_sales":"2021-07-26,43500.0,29평(98.08)",
            "rank_history":[
                [
                    "202203",
                    86
                ],
                [
                    "202202",
                    9999
                ]
            ],
            "rank_gap":9999
        },
        {
            "index":77,
            "아파트명":"한양",
            "투자타입":"재건축",
            "전용면적(m2)":"75.43",
            "전용면적(평)":"22평",
            "법정동주소":"경기도 군포시 금정동 713",
            "도로명주소":"경기도 군포시 번영로561번길 14",
            "세대수":0,
            "입주년차":"--",
            "용적률점수":0,
            "건폐율점수":0,
            "세대당주차수":"--",
            "난방방식":"--",
            "공급면적":50,
            "전용률":60,
            "욕실수":"--",
            "현관타입":"--",
            "주거총점":5.5,
            "지역구공급총점":100.0,
            "역세권":50,
            "30분내 이동가능 거점":0,
            "1시간내 이동가능 거점":40,
            "교통총점":33.0,
            "백화점":0,
            "아울렛몰":80,
            "대형마트":100,
            "은행":0,
            "병원":60,
            "종합병원":100,
            "공원":100,
            "혐오시설":0,
            "인프라총점":52.0,
            "초등학군":90.0,
            "중학군":42.9,
            "학군총점":52.32,
            "인구수":30.45,
            "인구증감":-12.79,
            "인구총점":17.478,
            "일자리":12.28,
            "소득수준":58.69,
            "일자리총점":26.203,
            "가치 총점":36.098,
            "매매실거래년":20220204.0,
            "매매실거래가":31000.0,
            "전세실거래년":20190107.0,
            "전세실거래가":15000.0,
            "전세가율":57.69,
            "장기전세가율평균":75.23,
            "전세가율거품지수":17.54,
            "검색코드":8863,
            "세대수":72.0,
            "준공년월":"1989-10-18",
            "준공년차":34.0,
            "가까운역이름":"산본",
            "가까운역거리":612.83,
            "역세권여부":"준역세권",
            "30분이내주요거점역":0,
            "30분거점역이름":"[]",
            "1시간이내주요거점역":4,
            "1시간거점역이름":"['평촌', '가산디지털단지', '수원', '안산']",
            "3km이내백화점수":0,
            "5km이내아울렛몰수":1,
            "1km이내대형먀트수":3,
            "500m이내은행수":1,
            "500m이내병원수":11,
            "5km이내대형병원수":5,
            "500m이내공원수":8,
            "3km이내혐오시설수":0,
            "초등학교학업성취도":90.0,
            "중학교학업성취도":71.5,
            "용적률":0,
            "건폐율":0,
            "Y":37.361716,
            "X":126.938189,
            "rank":87.0,
            "area_info":"22평(75.43), 23평(76.24)",
            "last_sales":"2022-02-04,31000.0,23평(76.24)",
            "rank_history":[
                [
                    "202203",
                    87
                ],
                [
                    "202202",
                    9999
                ]
            ],
            "rank_gap":9999
        },
        {
            "index":27,
            "아파트명":"상훈휴팰리스",
            "투자타입":"일반",
            "전용면적(m2)":"110.78",
            "전용면적(평)":"33평",
            "법정동주소":"경기도 군포시 금정동 773",
            "도로명주소":"경기도 군포시 군포로609번안길 22",
            "세대수":0,
            "입주년차":40,
            "용적률점수":"--",
            "건폐율점수":"--",
            "세대당주차수":60,
            "난방방식":30,
            "공급면적":"--",
            "전용률":"--",
            "욕실수":100,
            "현관타입":100,
            "주거총점":40.0,
            "지역구공급총점":100.0,
            "역세권":50,
            "30분내 이동가능 거점":0,
            "1시간내 이동가능 거점":40,
            "교통총점":33.0,
            "백화점":0,
            "아울렛몰":80,
            "대형마트":0,
            "은행":0,
            "병원":0,
            "종합병원":100,
            "공원":100,
            "혐오시설":0,
            "인프라총점":31.0,
            "초등학군":90.0,
            "중학군":35.28,
            "학군총점":46.224,
            "인구수":30.45,
            "인구증감":-12.79,
            "인구총점":17.478,
            "일자리":12.28,
            "소득수준":58.69,
            "일자리총점":26.203,
            "가치 총점":35.7836,
            "매매실거래년":20211213.0,
            "매매실거래가":50000.0,
            "전세실거래년":20200708.0,
            "전세실거래가":28000.0,
            "전세가율":76.09,
            "장기전세가율평균":75.23,
            "전세가율거품지수":-0.86,
            "검색코드":103665,
            "세대수":69.0,
            "준공년월":"2008-05-15",
            "준공년차":15.0,
            "가까운역이름":"군포",
            "가까운역거리":817.21,
            "역세권여부":"준역세권",
            "30분이내주요거점역":0,
            "30분거점역이름":"[]",
            "1시간이내주요거점역":4,
            "1시간거점역이름":"['평촌', '가산디지털단지', '수원', '안산']",
            "3km이내백화점수":0,
            "5km이내아울렛몰수":1,
            "1km이내대형먀트수":0,
            "500m이내은행수":1,
            "500m이내병원수":1,
            "5km이내대형병원수":5,
            "500m이내공원수":8,
            "3km이내혐오시설수":0,
            "초등학교학업성취도":90.0,
            "중학교학업성취도":58.8,
            "용적률":229,
            "건폐율":32,
            "Y":37.361473,
            "X":126.947257,
            "rank":88.0,
            "area_info":"33평(110.78), 46평(154.55)",
            "last_sales":"2021-12-13,50000.0,46평(154.55)",
            "rank_history":[
                [
                    "202203",
                    88
                ],
                [
                    "202202",
                    9999
                ]
            ],
            "rank_gap":9999
        },
        {
            "index":121,
            "아파트명":"무궁화",
            "투자타입":"재건축",
            "전용면적(m2)":"81.19",
            "전용면적(평)":"24평",
            "법정동주소":"경기도 군포시 당동 787-1",
            "도로명주소":"경기도 군포시 당동로 19",
            "세대수":0,
            "입주년차":"--",
            "용적률점수":0,
            "건폐율점수":0,
            "세대당주차수":"--",
            "난방방식":"--",
            "공급면적":70,
            "전용률":60,
            "욕실수":"--",
            "현관타입":"--",
            "주거총점":6.5,
            "지역구공급총점":100.0,
            "역세권":50,
            "30분내 이동가능 거점":20,
            "1시간내 이동가능 거점":40,
            "교통총점":39.0,
            "백화점":0,
            "아울렛몰":80,
            "대형마트":0,
            "은행":20,
            "병원":80,
            "종합병원":100,
            "공원":100,
            "혐오시설":0,
            "인프라총점":41.0,
            "초등학군":90.01,
            "중학군":42.9,
            "학군총점":52.322,
            "인구수":30.45,
            "인구증감":-12.79,
            "인구총점":17.478,
            "일자리":12.28,
            "소득수준":58.69,
            "일자리총점":26.203,
            "가치 총점":35.0983,
            "매매실거래년":20160503.0,
            "매매실거래가":21500.0,
            "전세실거래년":20161025.0,
            "전세실거래가":14500.0,
            "전세가율":74.36,
            "장기전세가율평균":75.23,
            "전세가율거품지수":0.87,
            "검색코드":11860,
            "세대수":92.0,
            "준공년월":"1985-12-26",
            "준공년차":38.0,
            "가까운역이름":"군포",
            "가까운역거리":676.22,
            "역세권여부":"준역세권",
            "30분이내주요거점역":1,
            "30분거점역이름":"['수원']",
            "1시간이내주요거점역":4,
            "1시간거점역이름":"['평촌', '가산디지털단지', '수원', '안산']",
            "3km이내백화점수":0,
            "5km이내아울렛몰수":1,
            "1km이내대형먀트수":0,
            "500m이내은행수":2,
            "500m이내병원수":31,
            "5km이내대형병원수":4,
            "500m이내공원수":12,
            "3km이내혐오시설수":0,
            "초등학교학업성취도":90.01,
            "중학교학업성취도":71.5,
            "용적률":0,
            "건폐율":0,
            "Y":37.350705,
            "X":126.94225,
            "rank":89.0,
            "area_info":"24평(81.19), 26평(88.89), 28평(93.98)",
            "last_sales":"2016-05-03,21500.0,26평(88.89)",
            "rank_history":[
                [
                    "202203",
                    89
                ],
                [
                    "202202",
                    9999
                ]
            ],
            "rank_gap":9999
        },
        {
            "index":394,
            "아파트명":"백두극동",
            "투자타입":"일반",
            "전용면적(m2)":"114.62",
            "전용면적(평)":"34평",
            "법정동주소":"경기도 군포시 산본동 1119-3",
            "도로명주소":"경기도 군포시 고산로539번길 6",
            "세대수":50,
            "입주년차":0,
            "용적률점수":"--",
            "건폐율점수":"--",
            "세대당주차수":0,
            "난방방식":100,
            "공급면적":"--",
            "전용률":"--",
            "욕실수":100,
            "현관타입":100,
            "주거총점":47.5,
            "지역구공급총점":100.0,
            "역세권":0,
            "30분내 이동가능 거점":0,
            "1시간내 이동가능 거점":20,
            "교통총점":4.0,
            "백화점":0,
            "아울렛몰":80,
            "대형마트":100,
            "은행":0,
            "병원":30,
            "종합병원":100,
            "공원":100,
            "혐오시설":0,
            "인프라총점":49.0,
            "초등학군":89.99,
            "중학군":56.52,
            "학군총점":63.214,
            "인구수":30.45,
            "인구증감":-12.79,
            "인구총점":17.478,
            "일자리":12.28,
            "소득수준":58.69,
            "일자리총점":26.203,
            "가치 총점":35.0821,
            "매매실거래년":20210930.0,
            "매매실거래가":79000.0,
            "전세실거래년":20211115.0,
            "전세실거래가":42000.0,
            "전세가율":53.16,
            "장기전세가율평균":75.23,
            "전세가율거품지수":22.07,
            "검색코드":2891,
            "세대수":472.0,
            "준공년월":"1993-09-16",
            "준공년차":30.0,
            "가까운역이름":"산본",
            "가까운역거리":1045.23,
            "역세권여부":"비역세권",
            "30분이내주요거점역":0,
            "30분거점역이름":"[]",
            "1시간이내주요거점역":2,
            "1시간거점역이름":"['평촌', '안산']",
            "3km이내백화점수":0,
            "5km이내아울렛몰수":1,
            "1km이내대형먀트수":2,
            "500m이내은행수":1,
            "500m이내병원수":8,
            "5km이내대형병원수":5,
            "500m이내공원수":7,
            "3km이내혐오시설수":0,
            "초등학교학업성취도":89.99,
            "중학교학업성취도":89.0,
            "용적률":220,
            "건폐율":15,
            "Y":37.363238,
            "X":126.92321,
            "rank":90.0,
            "area_info":"34평(114.62), 41평(138.06), 48평(160.68)",
            "last_sales":"2021-09-30,79000.0,34평(114.62)",
            "rank_history":[
                [
                    "202203",
                    90
                ],
                [
                    "202202",
                    68
                ],
                [
                    "202201",
                    69
                ]
            ],
            "rank_gap":-22
        },
        {
            "index":11,
            "아파트명":"대흥",
            "투자타입":"재건축",
            "전용면적(m2)":"83.28",
            "전용면적(평)":"25평",
            "법정동주소":"경기도 군포시 금정동 716",
            "도로명주소":"경기도 군포시 번영로561번길 59",
            "세대수":0,
            "입주년차":"--",
            "용적률점수":0,
            "건폐율점수":0,
            "세대당주차수":"--",
            "난방방식":"--",
            "공급면적":70,
            "전용률":60,
            "욕실수":"--",
            "현관타입":"--",
            "주거총점":6.5,
            "지역구공급총점":100.0,
            "역세권":50,
            "30분내 이동가능 거점":0,
            "1시간내 이동가능 거점":20,
            "교통총점":29.0,
            "백화점":0,
            "아울렛몰":80,
            "대형마트":100,
            "은행":0,
            "병원":60,
            "종합병원":100,
            "공원":100,
            "혐오시설":0,
            "인프라총점":52.0,
            "초등학군":89.98,
            "중학군":42.9,
            "학군총점":52.316,
            "인구수":30.45,
            "인구증감":-12.79,
            "인구총점":17.478,
            "일자리":12.28,
            "소득수준":58.69,
            "일자리총점":26.203,
            "가치 총점":34.8974,
            "매매실거래년":20210818.0,
            "매매실거래가":32000.0,
            "전세실거래년":20220219.0,
            "전세실거래가":20000.0,
            "전세가율":62.5,
            "장기전세가율평균":75.23,
            "전세가율거품지수":12.73,
            "검색코드":2885,
            "세대수":72.0,
            "준공년월":"1990-05-24",
            "준공년차":33.0,
            "가까운역이름":"산본",
            "가까운역거리":651.35,
            "역세권여부":"준역세권",
            "30분이내주요거점역":0,
            "30분거점역이름":"[]",
            "1시간이내주요거점역":2,
            "1시간거점역이름":"['평촌', '가산디지털단지']",
            "3km이내백화점수":0,
            "5km이내아울렛몰수":1,
            "1km이내대형먀트수":3,
            "500m이내은행수":1,
            "500m이내병원수":14,
            "5km이내대형병원수":5,
            "500m이내공원수":8,
            "3km이내혐오시설수":0,
            "초등학교학업성취도":89.98,
            "중학교학업성취도":71.5,
            "용적률":0,
            "건폐율":0,
            "Y":37.362887,
            "X":126.937146,
            "rank":91.0,
            "area_info":"25평(83.28), 26평(89.15), 30평(99.58), 32평(107.1)",
            "last_sales":"2021-08-18,32000.0,25평(83.28)",
            "rank_history":[
                [
                    "202203",
                    91
                ],
                [
                    "202202",
                    9999
                ]
            ],
            "rank_gap":9999
        },
        {
            "index":281,
            "아파트명":"금강펜테리움센트럴파크3차",
            "투자타입":"일반",
            "전용면적(m2)":"102.09",
            "전용면적(평)":"30평",
            "법정동주소":"경기도 군포시 도마교동 471",
            "도로명주소":"경기도 군포시 송부로96번길 13",
            "세대수":80,
            "입주년차":100,
            "용적률점수":"--",
            "건폐율점수":"--",
            "세대당주차수":60,
            "난방방식":30,
            "공급면적":"--",
            "전용률":"--",
            "욕실수":100,
            "현관타입":100,
            "주거총점":80.0,
            "지역구공급총점":100.0,
            "역세권":0,
            "30분내 이동가능 거점":0,
            "1시간내 이동가능 거점":10,
            "교통총점":2.0,
            "백화점":0,
            "아울렛몰":80,
            "대형마트":0,
            "은행":0,
            "병원":10,
            "종합병원":100,
            "공원":100,
            "혐오시설":0,
            "인프라총점":32.0,
            "초등학군":90.0,
            "중학군":48.36,
            "학군총점":56.688,
            "인구수":30.45,
            "인구증감":-12.79,
            "인구총점":17.478,
            "일자리":12.28,
            "소득수준":58.69,
            "일자리총점":26.203,
            "가치 총점":34.8032,
            "매매실거래년":20211013.0,
            "매매실거래가":53000.0,
            "전세실거래년":20211214.0,
            "전세실거래가":28900.0,
            "전세가율":54.53,
            "장기전세가율평균":75.23,
            "전세가율거품지수":20.7,
            "검색코드":118123,
            "세대수":750.0,
            "준공년월":"2019-09-23",
            "준공년차":4.0,
            "가까운역이름":"대야미",
            "가까운역거리":1514.67,
            "역세권여부":"비역세권",
            "30분이내주요거점역":0,
            "30분거점역이름":"[]",
            "1시간이내주요거점역":1,
            "1시간거점역이름":"['안산']",
            "3km이내백화점수":0,
            "5km이내아울렛몰수":1,
            "1km이내대형먀트수":0,
            "500m이내은행수":0,
            "500m이내병원수":3,
            "5km이내대형병원수":2,
            "500m이내공원수":3,
            "3km이내혐오시설수":0,
            "초등학교학업성취도":90.0,
            "중학교학업성취도":79.2,
            "용적률":177,
            "건폐율":13,
            "Y":37.316464,
            "X":126.926076,
            "rank":92.0,
            "area_info":"30평(102.09), 34평(112.62), 34평(113.29)",
            "last_sales":"2021-10-13,53000.0,30평(102.09)",
            "rank_history":[
                [
                    "202203",
                    92
                ],
                [
                    "202202",
                    72
                ],
                [
                    "202201",
                    72
                ]
            ],
            "rank_gap":-20
        },
        {
            "index":25,
            "아파트명":"상안",
            "투자타입":"재건축",
            "전용면적(m2)":"55.28",
            "전용면적(평)":"16평",
            "법정동주소":"경기도 군포시 금정동 710",
            "도로명주소":"경기도 군포시 번영로587번길 39",
            "세대수":0,
            "입주년차":"--",
            "용적률점수":0,
            "건폐율점수":0,
            "세대당주차수":"--",
            "난방방식":"--",
            "공급면적":50,
            "전용률":60,
            "욕실수":"--",
            "현관타입":"--",
            "주거총점":5.5,
            "지역구공급총점":100.0,
            "역세권":50,
            "30분내 이동가능 거점":0,
            "1시간내 이동가능 거점":30,
            "교통총점":31.0,
            "백화점":0,
            "아울렛몰":80,
            "대형마트":100,
            "은행":0,
            "병원":30,
            "종합병원":100,
            "공원":100,
            "혐오시설":0,
            "인프라총점":49.0,
            "초등학군":89.99,
            "중학군":42.9,
            "학군총점":52.318,
            "인구수":30.45,
            "인구증감":-12.79,
            "인구총점":17.478,
            "일자리":12.28,
            "소득수준":58.69,
            "일자리총점":26.203,
            "가치 총점":34.4977,
            "매매실거래년":20210802.0,
            "매매실거래가":20200.0,
            "전세실거래년":20220115.0,
            "전세실거래가":14000.0,
            "전세가율":93.33,
            "장기전세가율평균":75.23,
            "전세가율거품지수":-18.1,
            "검색코드":2883,
            "세대수":84.0,
            "준공년월":"1987-12-30",
            "준공년차":36.0,
            "가까운역이름":"산본",
            "가까운역거리":877.06,
            "역세권여부":"준역세권",
            "30분이내주요거점역":0,
            "30분거점역이름":"[]",
            "1시간이내주요거점역":3,
            "1시간거점역이름":"['평촌', '가산디지털단지', '수원']",
            "3km이내백화점수":0,
            "5km이내아울렛몰수":1,
            "1km이내대형먀트수":3,
            "500m이내은행수":0,
            "500m이내병원수":8,
            "5km이내대형병원수":5,
            "500m이내공원수":11,
            "3km이내혐오시설수":0,
            "초등학교학업성취도":89.99,
            "중학교학업성취도":71.5,
            "용적률":0,
            "건폐율":0,
            "Y":37.363892,
            "X":126.939671,
            "rank":93.0,
            "area_info":"16평(55.28), 19평(65.17)",
            "last_sales":"2021-08-02,20200.0,19평(65.17)",
            "rank_history":[
                [
                    "202203",
                    93
                ],
                [
                    "202202",
                    9999
                ]
            ],
            "rank_gap":9999
        },
        {
            "index":43,
            "아파트명":"장미",
            "투자타입":"재건축",
            "전용면적(m2)":"60.86",
            "전용면적(평)":"18평",
            "법정동주소":"경기도 군포시 금정동 706-19",
            "도로명주소":"경기도 군포시 금산로21번길 4",
            "세대수":0,
            "입주년차":"--",
            "용적률점수":0,
            "건폐율점수":0,
            "세대당주차수":"--",
            "난방방식":"--",
            "공급면적":50,
            "전용률":80,
            "욕실수":"--",
            "현관타입":"--",
            "주거총점":6.5,
            "지역구공급총점":100.0,
            "역세권":50,
            "30분내 이동가능 거점":0,
            "1시간내 이동가능 거점":40,
            "교통총점":33.0,
            "백화점":0,
            "아울렛몰":80,
            "대형마트":100,
            "은행":0,
            "병원":30,
            "종합병원":100,
            "공원":100,
            "혐오시설":0,
            "인프라총점":49.0,
            "초등학군":89.99,
            "중학군":35.28,
            "학군총점":46.222,
            "인구수":30.45,
            "인구증감":-12.79,
            "인구총점":17.478,
            "일자리":12.28,
            "소득수준":58.69,
            "일자리총점":26.203,
            "가치 총점":34.4833,
            "매매실거래년":20201113.0,
            "매매실거래가":33500.0,
            "전세실거래년":20191108.0,
            "전세실거래가":12000.0,
            "전세가율":66.67,
            "장기전세가율평균":75.23,
            "전세가율거품지수":8.56,
            "검색코드":8640,
            "세대수":50.0,
            "준공년월":"1989-07-25",
            "준공년차":34.0,
            "가까운역이름":"산본",
            "가까운역거리":930.43,
            "역세권여부":"준역세권",
            "30분이내주요거점역":0,
            "30분거점역이름":"[]",
            "1시간이내주요거점역":4,
            "1시간거점역이름":"['평촌', '가산디지털단지', '수원', '안산']",
            "3km이내백화점수":0,
            "5km이내아울렛몰수":1,
            "1km이내대형먀트수":3,
            "500m이내은행수":0,
            "500m이내병원수":9,
            "5km이내대형병원수":5,
            "500m이내공원수":12,
            "3km이내혐오시설수":0,
            "초등학교학업성취도":89.99,
            "중학교학업성취도":58.8,
            "용적률":0,
            "건폐율":0,
            "Y":37.364416,
            "X":126.939833,
            "rank":94.0,
            "area_info":"18평(60.86), 19평(65.0), 24평(80.3), 25평(85.06)",
            "last_sales":"2020-11-13,33500.0,25평(85.06)",
            "rank_history":[
                [
                    "202203",
                    94
                ],
                [
                    "202202",
                    9999
                ]
            ],
            "rank_gap":9999
        },
        {
            "index":372,
            "아파트명":"동성백두",
            "투자타입":"일반",
            "전용면적(m2)":"109.25",
            "전용면적(평)":"33평",
            "법정동주소":"경기도 군포시 산본동 1119-4",
            "도로명주소":"경기도 군포시 고산로539번길 24",
            "세대수":50,
            "입주년차":0,
            "용적률점수":"--",
            "건폐율점수":"--",
            "세대당주차수":0,
            "난방방식":100,
            "공급면적":"--",
            "전용률":"--",
            "욕실수":100,
            "현관타입":100,
            "주거총점":47.5,
            "지역구공급총점":100.0,
            "역세권":0,
            "30분내 이동가능 거점":0,
            "1시간내 이동가능 거점":10,
            "교통총점":2.0,
            "백화점":0,
            "아울렛몰":80,
            "대형마트":100,
            "은행":0,
            "병원":30,
            "종합병원":100,
            "공원":100,
            "혐오시설":0,
            "인프라총점":49.0,
            "초등학군":90.02,
            "중학군":56.52,
            "학군총점":63.22,
            "인구수":30.45,
            "인구증감":-12.79,
            "인구총점":17.478,
            "일자리":12.28,
            "소득수준":58.69,
            "일자리총점":26.203,
            "가치 총점":34.383,
            "매매실거래년":20220210.0,
            "매매실거래가":66000.0,
            "전세실거래년":20211218.0,
            "전세실거래가":39375.0,
            "전세가율":59.66,
            "장기전세가율평균":75.23,
            "전세가율거품지수":15.57,
            "검색코드":2892,
            "세대수":460.0,
            "준공년월":"1993-03-27",
            "준공년차":30.0,
            "가까운역이름":"산본",
            "가까운역거리":1203.61,
            "역세권여부":"비역세권",
            "30분이내주요거점역":0,
            "30분거점역이름":"[]",
            "1시간이내주요거점역":1,
            "1시간거점역이름":"['안산']",
            "3km이내백화점수":0,
            "5km이내아울렛몰수":1,
            "1km이내대형먀트수":2,
            "500m이내은행수":1,
            "500m이내병원수":8,
            "5km이내대형병원수":5,
            "500m이내공원수":5,
            "3km이내혐오시설수":0,
            "초등학교학업성취도":90.02,
            "중학교학업성취도":89.0,
            "용적률":220,
            "건폐율":14,
            "Y":37.36399,
            "X":126.921687,
            "rank":95.0,
            "area_info":"33평(109.25), 36평(121.63), 46평(155.27)",
            "last_sales":"2022-02-10,66000.0,33평(109.25)",
            "rank_history":[
                [
                    "202203",
                    95
                ],
                [
                    "202202",
                    70
                ],
                [
                    "202201",
                    70
                ]
            ],
            "rank_gap":-25
        },
        {
            "index":151,
            "아파트명":"용호마을e-편한세상",
            "투자타입":"일반",
            "전용면적(m2)":"79.35",
            "전용면적(평)":"24평",
            "법정동주소":"경기도 군포시 당동 979-1",
            "도로명주소":"경기도 군포시 용호1로21번길 15",
            "세대수":90,
            "입주년차":40,
            "용적률점수":"--",
            "건폐율점수":"--",
            "세대당주차수":30,
            "난방방식":100,
            "공급면적":"--",
            "전용률":"--",
            "욕실수":100,
            "현관타입":100,
            "주거총점":74.0,
            "지역구공급총점":100.0,
            "역세권":0,
            "30분내 이동가능 거점":0,
            "1시간내 이동가능 거점":0,
            "교통총점":0.0,
            "백화점":0,
            "아울렛몰":80,
            "대형마트":0,
            "은행":0,
            "병원":10,
            "종합병원":100,
            "공원":100,
            "혐오시설":0,
            "인프라총점":32.0,
            "초등학군":90.0,
            "중학군":52.8,
            "학군총점":60.24,
            "인구수":30.45,
            "인구증감":-12.79,
            "인구총점":17.478,
            "일자리":12.28,
            "소득수준":58.69,
            "일자리총점":26.203,
            "가치 총점":33.436,
            "매매실거래년":20220128.0,
            "매매실거래가":70000.0,
            "전세실거래년":20220219.0,
            "전세실거래가":32000.0,
            "전세가율":50.0,
            "장기전세가율평균":75.23,
            "전세가율거품지수":25.23,
            "검색코드":12089,
            "세대수":1247.0,
            "준공년월":"2005-09-22",
            "준공년차":18.0,
            "가까운역이름":"당정",
            "가까운역거리":1017.97,
            "역세권여부":"비역세권",
            "30분이내주요거점역":0,
            "30분거점역이름":"[]",
            "1시간이내주요거점역":0,
            "1시간거점역이름":"[]",
            "3km이내백화점수":0,
            "5km이내아울렛몰수":1,
            "1km이내대형먀트수":0,
            "500m이내은행수":1,
            "500m이내병원수":3,
            "5km이내대형병원수":3,
            "500m이내공원수":5,
            "3km이내혐오시설수":0,
            "초등학교학업성취도":90.0,
            "중학교학업성취도":85.0,
            "용적률":228,
            "건폐율":19,
            "Y":37.343737,
            "X":126.936856,
            "rank":96.0,
            "area_info":"24평(79.35), 33평(109.12), 45평(151.74), 45평(151.74)",
            "last_sales":"2022-01-28,70000.0,33평(109.12)",
            "rank_history":[
                [
                    "202203",
                    96
                ],
                [
                    "202202",
                    67
                ],
                [
                    "202201",
                    68
                ]
            ],
            "rank_gap":-29
        },
        {
            "index":309,
            "아파트명":"삼성마을센트럴파크",
            "투자타입":"일반",
            "전용면적(m2)":"108.55",
            "전용면적(평)":"32평",
            "법정동주소":"경기도 군포시 부곡동 1201",
            "도로명주소":"경기도 군포시 삼성로 31",
            "세대수":50,
            "입주년차":80,
            "용적률점수":"--",
            "건폐율점수":"--",
            "세대당주차수":30,
            "난방방식":100,
            "공급면적":"--",
            "전용률":"--",
            "욕실수":100,
            "현관타입":100,
            "주거총점":68.0,
            "지역구공급총점":100.0,
            "역세권":0,
            "30분내 이동가능 거점":0,
            "1시간내 이동가능 거점":0,
            "교통총점":0.0,
            "백화점":0,
            "아울렛몰":80,
            "대형마트":0,
            "은행":0,
            "병원":30,
            "종합병원":100,
            "공원":100,
            "혐오시설":-50,
            "인프라총점":33.0,
            "초등학군":89.98,
            "중학군":52.8,
            "학군총점":60.236,
            "인구수":30.45,
            "인구증감":-12.79,
            "인구총점":17.478,
            "일자리":12.28,
            "소득수준":58.69,
            "일자리총점":26.203,
            "가치 총점":32.5354,
            "매매실거래년":20210723.0,
            "매매실거래가":66600.0,
            "전세실거래년":null,
            "전세실거래가":null,
            "전세가율":null,
            "장기전세가율평균":75.23,
            "전세가율거품지수":null,
            "검색코드":104998,
            "세대수":488.0,
            "준공년월":"2014-04-28",
            "준공년차":9.0,
            "가까운역이름":"수리산",
            "가까운역거리":1519.53,
            "역세권여부":"비역세권",
            "30분이내주요거점역":0,
            "30분거점역이름":"[]",
            "1시간이내주요거점역":0,
            "1시간거점역이름":"[]",
            "3km이내백화점수":0,
            "5km이내아울렛몰수":1,
            "1km이내대형먀트수":0,
            "500m이내은행수":0,
            "500m이내병원수":5,
            "5km이내대형병원수":3,
            "500m이내공원수":3,
            "3km이내혐오시설수":1,
            "초등학교학업성취도":89.98,
            "중학교학업성취도":85.0,
            "용적률":174,
            "건폐율":18,
            "Y":37.33764,
            "X":126.931238,
            "rank":97.0,
            "area_info":"32평(108.55), 32평(108.87), 32평(108.77), 32평(108.55), 32평(108.86)",
            "last_sales":"2021-07-23,66600.0,32평(108.86)",
            "rank_history":[
                [
                    "202203",
                    97
                ],
                [
                    "202202",
                    73
                ],
                [
                    "202201",
                    74
                ]
            ],
            "rank_gap":-24
        },
        {
            "index":284,
            "아파트명":"삼성LH5단지",
            "투자타입":"일반",
            "전용면적(m2)":"128.93",
            "전용면적(평)":"39평",
            "법정동주소":"경기도 군포시 부곡동 1181",
            "도로명주소":"경기도 군포시 번영로200번길 31",
            "세대수":50,
            "입주년차":60,
            "용적률점수":"--",
            "건폐율점수":"--",
            "세대당주차수":60,
            "난방방식":100,
            "공급면적":"--",
            "전용률":"--",
            "욕실수":100,
            "현관타입":100,
            "주거총점":68.5,
            "지역구공급총점":100.0,
            "역세권":0,
            "30분내 이동가능 거점":0,
            "1시간내 이동가능 거점":10,
            "교통총점":2.0,
            "백화점":0,
            "아울렛몰":80,
            "대형마트":0,
            "은행":0,
            "병원":0,
            "종합병원":100,
            "공원":100,
            "혐오시설":-50,
            "인프라총점":30.0,
            "초등학군":89.98,
            "중학군":52.8,
            "학군총점":60.236,
            "인구수":30.45,
            "인구증감":-12.79,
            "인구총점":17.478,
            "일자리":12.28,
            "소득수준":58.69,
            "일자리총점":26.203,
            "가치 총점":32.4354,
            "매매실거래년":20210714.0,
            "매매실거래가":78800.0,
            "전세실거래년":20210825.0,
            "전세실거래가":55000.0,
            "전세가율":88.71,
            "장기전세가율평균":75.23,
            "전세가율거품지수":-13.48,
            "검색코드":102615,
            "세대수":489.0,
            "준공년월":"2012-04-01",
            "준공년차":11.0,
            "가까운역이름":"대야미",
            "가까운역거리":1310.69,
            "역세권여부":"비역세권",
            "30분이내주요거점역":0,
            "30분거점역이름":"[]",
            "1시간이내주요거점역":1,
            "1시간거점역이름":"['안산']",
            "3km이내백화점수":0,
            "5km이내아울렛몰수":1,
            "1km이내대형먀트수":0,
            "500m이내은행수":0,
            "500m이내병원수":1,
            "5km이내대형병원수":3,
            "500m이내공원수":2,
            "3km이내혐오시설수":1,
            "초등학교학업성취도":89.98,
            "중학교학업성취도":85.0,
            "용적률":198,
            "건폐율":17,
            "Y":37.334799,
            "X":126.928976,
            "rank":98.0,
            "area_info":"39평(128.93), 39평(128.99), 38평(128.66), 39평(128.99), 46평(152.87), 46평(152.49), 46평(153.14), 52평(173.57), 52평(173.57), 58평(194.91)",
            "last_sales":"2021-07-14,78800.0,52평(173.57)",
            "rank_history":[
                [
                    "202203",
                    98
                ],
                [
                    "202202",
                    74
                ],
                [
                    "202201",
                    75
                ]
            ],
            "rank_gap":-24
        },
        {
            "index":279,
            "아파트명":"금강펜테리움센트럴파크2차",
            "투자타입":"일반",
            "전용면적(m2)":"98.16",
            "전용면적(평)":"29평",
            "법정동주소":"경기도 군포시 도마교동 458",
            "도로명주소":"경기도 군포시 송부로49번길 16",
            "세대수":50,
            "입주년차":80,
            "용적률점수":"--",
            "건폐율점수":"--",
            "세대당주차수":60,
            "난방방식":30,
            "공급면적":"--",
            "전용률":"--",
            "욕실수":100,
            "현관타입":100,
            "주거총점":65.5,
            "지역구공급총점":100.0,
            "역세권":0,
            "30분내 이동가능 거점":0,
            "1시간내 이동가능 거점":10,
            "교통총점":2.0,
            "백화점":0,
            "아울렛몰":80,
            "대형마트":0,
            "은행":0,
            "병원":10,
            "종합병원":100,
            "공원":100,
            "혐오시설":0,
            "인프라총점":32.0,
            "초등학군":90.0,
            "중학군":48.36,
            "학군총점":56.688,
            "인구수":30.45,
            "인구증감":-12.79,
            "인구총점":17.478,
            "일자리":12.28,
            "소득수준":58.69,
            "일자리총점":26.203,
            "가치 총점":31.9032,
            "매매실거래년":20210828.0,
            "매매실거래가":69000.0,
            "전세실거래년":20220127.0,
            "전세실거래가":29000.0,
            "전세가율":42.03,
            "장기전세가율평균":75.23,
            "전세가율거품지수":33.2,
            "검색코드":113266,
            "세대수":447.0,
            "준공년월":"2018-10-24",
            "준공년차":5.0,
            "가까운역이름":"대야미",
            "가까운역거리":1032.25,
            "역세권여부":"비역세권",
            "30분이내주요거점역":0,
            "30분거점역이름":"[]",
            "1시간이내주요거점역":1,
            "1시간거점역이름":"['안산']",
            "3km이내백화점수":0,
            "5km이내아울렛몰수":1,
            "1km이내대형먀트수":0,
            "500m이내은행수":0,
            "500m이내병원수":2,
            "5km이내대형병원수":2,
            "500m이내공원수":4,
            "3km이내혐오시설수":0,
            "초등학교학업성취도":90.0,
            "중학교학업성취도":79.2,
            "용적률":174,
            "건폐율":13,
            "Y":37.318953,
            "X":126.919698,
            "rank":99.0,
            "area_info":"29평(98.16), 33평(109.7)",
            "last_sales":"2021-08-28,69000.0,29평(98.16)",
            "rank_history":[
                [
                    "202203",
                    99
                ],
                [
                    "202202",
                    78
                ],
                [
                    "202201",
                    76
                ]
            ],
            "rank_gap":-21
        },
        {
            "index":294,
            "아파트명":"삼성LH6단지",
            "투자타입":"일반",
            "전용면적(m2)":"72.96",
            "전용면적(평)":"22평",
            "법정동주소":"경기도 군포시 부곡동 1204",
            "도로명주소":"경기도 군포시 삼성로 41",
            "세대수":50,
            "입주년차":80,
            "용적률점수":"--",
            "건폐율점수":"--",
            "세대당주차수":0,
            "난방방식":100,
            "공급면적":"--",
            "전용률":"--",
            "욕실수":50,
            "현관타입":100,
            "주거총점":58.5,
            "지역구공급총점":100.0,
            "역세권":0,
            "30분내 이동가능 거점":0,
            "1시간내 이동가능 거점":10,
            "교통총점":2.0,
            "백화점":0,
            "아울렛몰":80,
            "대형마트":0,
            "은행":0,
            "병원":30,
            "종합병원":100,
            "공원":100,
            "혐오시설":0,
            "인프라총점":34.0,
            "초등학군":89.98,
            "중학군":52.8,
            "학군총점":60.236,
            "인구수":30.45,
            "인구증감":-12.79,
            "인구총점":17.478,
            "일자리":12.28,
            "소득수준":58.69,
            "일자리총점":26.203,
            "가치 총점":31.6354,
            "매매실거래년":20211005.0,
            "매매실거래가":52300.0,
            "전세실거래년":20220118.0,
            "전세실거래가":35000.0,
            "전세가율":67.31,
            "장기전세가율평균":75.23,
            "전세가율거품지수":7.92,
            "검색코드":138694,
            "세대수":522.0,
            "준공년월":"2014-06-10",
            "준공년차":9.0,
            "가까운역이름":"수리산",
            "가까운역거리":1363.1,
            "역세권여부":"비역세권",
            "30분이내주요거점역":0,
            "30분거점역이름":"[]",
            "1시간이내주요거점역":1,
            "1시간거점역이름":"['안산']",
            "3km이내백화점수":0,
            "5km이내아울렛몰수":1,
            "1km이내대형먀트수":0,
            "500m이내은행수":0,
            "500m이내병원수":5,
            "5km이내대형병원수":3,
            "500m이내공원수":3,
            "3km이내혐오시설수":0,
            "초등학교학업성취도":89.98,
            "중학교학업성취도":85.0,
            "용적률":177,
            "건폐율":17,
            "Y":37.338987,
            "X":126.930723,
            "rank":100.0,
            "area_info":"22평(72.96), 22평(72.96), 21평(72.62), 21평(72.62), 25평(84.21), 25평(84.21), 25평(84.16), 25평(84.21), 25평(84.16)",
            "last_sales":"2021-10-05,52300.0,21평(72.62)",
            "rank_history":[
                [
                    "202203",
                    100
                ],
                [
                    "202202",
                    75
                ],
                [
                    "202201",
                    81
                ]
            ],
            "rank_gap":-25
        },
        {
            "index":369,
            "아파트명":"덕유주공8단지",
            "투자타입":"일반",
            "전용면적(m2)":"78.89",
            "전용면적(평)":"23평",
            "법정동주소":"경기도 군포시 산본동 1152-2",
            "도로명주소":"경기도 군포시 수리산로 71",
            "세대수":0,
            "입주년차":0,
            "용적률점수":"--",
            "건폐율점수":"--",
            "세대당주차수":0,
            "난방방식":100,
            "공급면적":"--",
            "전용률":"--",
            "욕실수":50,
            "현관타입":10,
            "주거총점":16.0,
            "지역구공급총점":100.0,
            "역세권":50,
            "30분내 이동가능 거점":0,
            "1시간내 이동가능 거점":10,
            "교통총점":27.0,
            "백화점":0,
            "아울렛몰":80,
            "대형마트":0,
            "은행":0,
            "병원":0,
            "종합병원":100,
            "공원":100,
            "혐오시설":0,
            "인프라총점":31.0,
            "초등학군":90.01,
            "중학군":54.84,
            "학군총점":61.874,
            "인구수":30.45,
            "인구증감":-12.79,
            "인구총점":17.478,
            "일자리":12.28,
            "소득수준":58.69,
            "일자리총점":26.203,
            "가치 총점":31.2311,
            "매매실거래년":20211221.0,
            "매매실거래가":50500.0,
            "전세실거래년":20220225.0,
            "전세실거래가":32000.0,
            "전세가율":63.37,
            "장기전세가율평균":75.23,
            "전세가율거품지수":11.86,
            "검색코드":2627,
            "세대수":267.0,
            "준공년월":"1996-06-11",
            "준공년차":27.0,
            "가까운역이름":"수리산",
            "가까운역거리":975.53,
            "역세권여부":"준역세권",
            "30분이내주요거점역":0,
            "30분거점역이름":"[]",
            "1시간이내주요거점역":1,
            "1시간거점역이름":"['안산']",
            "3km이내백화점수":0,
            "5km이내아울렛몰수":1,
            "1km이내대형먀트수":0,
            "500m이내은행수":1,
            "500m이내병원수":0,
            "5km이내대형병원수":4,
            "500m이내공원수":3,
            "3km이내혐오시설수":0,
            "초등학교학업성취도":90.01,
            "중학교학업성취도":89.8,
            "용적률":187,
            "건폐율":16,
            "Y":37.355882,
            "X":126.916859,
            "rank":101.0,
            "area_info":"23평(78.89)",
            "last_sales":"2021-12-21,50500.0,23평(78.89)",
            "rank_history":[
                [
                    "202203",
                    101
                ],
                [
                    "202202",
                    84
                ],
                [
                    "202201",
                    85
                ]
            ],
            "rank_gap":-17
        },
        {
            "index":272,
            "아파트명":"LH송정마을",
            "투자타입":"일반",
            "전용면적(m2)":"72.62",
            "전용면적(평)":"21평",
            "법정동주소":"경기도 군포시 도마교동 471-1",
            "도로명주소":"경기도 군포시 송부로96번길 29",
            "세대수":80,
            "입주년차":100,
            "용적률점수":"--",
            "건폐율점수":"--",
            "세대당주차수":30,
            "난방방식":30,
            "공급면적":"--",
            "전용률":"--",
            "욕실수":50,
            "현관타입":100,
            "주거총점":70.5,
            "지역구공급총점":100.0,
            "역세권":0,
            "30분내 이동가능 거점":0,
            "1시간내 이동가능 거점":0,
            "교통총점":0.0,
            "백화점":0,
            "아울렛몰":80,
            "대형마트":0,
            "은행":0,
            "병원":10,
            "종합병원":80,
            "공원":100,
            "혐오시설":0,
            "인프라총점":28.0,
            "초등학군":90.0,
            "중학군":48.36,
            "학군총점":56.688,
            "인구수":30.45,
            "인구증감":-12.79,
            "인구총점":17.478,
            "일자리":12.28,
            "소득수준":58.69,
            "일자리총점":26.203,
            "가치 총점":31.0032,
            "매매실거래년":20210717.0,
            "매매실거래가":57800.0,
            "전세실거래년":20220218.0,
            "전세실거래가":33000.0,
            "전세가율":82.5,
            "장기전세가율평균":75.23,
            "전세가율거품지수":-7.27,
            "검색코드":118214,
            "세대수":726.0,
            "준공년월":"2019-07-19",
            "준공년차":4.0,
            "가까운역이름":"대야미",
            "가까운역거리":1787.34,
            "역세권여부":"비역세권",
            "30분이내주요거점역":0,
            "30분거점역이름":"[]",
            "1시간이내주요거점역":0,
            "1시간거점역이름":"[]",
            "3km이내백화점수":0,
            "5km이내아울렛몰수":1,
            "1km이내대형먀트수":0,
            "500m이내은행수":0,
            "500m이내병원수":3,
            "5km이내대형병원수":1,
            "500m이내공원수":2,
            "3km이내혐오시설수":0,
            "초등학교학업성취도":90.0,
            "중학교학업성취도":79.2,
            "용적률":179,
            "건폐율":13,
            "Y":37.313687,
            "X":126.926181,
            "rank":102.0,
            "area_info":"21평(72.62), 21평(72.49), 25평(83.57), 25평(83.68)",
            "last_sales":"2021-07-17,57800.0,25평(83.68)",
            "rank_history":[
                [
                    "202203",
                    102
                ],
                [
                    "202202",
                    81
                ],
                [
                    "202201",
                    77
                ]
            ],
            "rank_gap":-21
        },
        {
            "index":276,
            "아파트명":"금강펜테리움센트럴파크1차",
            "투자타입":"일반",
            "전용면적(m2)":"100.18",
            "전용면적(평)":"30평",
            "법정동주소":"경기도 군포시 도마교동 456",
            "도로명주소":"경기도 군포시 송부로49번길 15",
            "세대수":50,
            "입주년차":80,
            "용적률점수":"--",
            "건폐율점수":"--",
            "세대당주차수":30,
            "난방방식":30,
            "공급면적":"--",
            "전용률":"--",
            "욕실수":100,
            "현관타입":100,
            "주거총점":61.0,
            "지역구공급총점":100.0,
            "역세권":0,
            "30분내 이동가능 거점":0,
            "1시간내 이동가능 거점":10,
            "교통총점":2.0,
            "백화점":0,
            "아울렛몰":80,
            "대형마트":0,
            "은행":0,
            "병원":10,
            "종합병원":100,
            "공원":100,
            "혐오시설":0,
            "인프라총점":32.0,
            "초등학군":90.0,
            "중학군":48.36,
            "학군총점":56.688,
            "인구수":30.45,
            "인구증감":-12.79,
            "인구총점":17.478,
            "일자리":12.28,
            "소득수준":58.69,
            "일자리총점":26.203,
            "가치 총점":31.0032,
            "매매실거래년":20211214.0,
            "매매실거래가":68000.0,
            "전세실거래년":20220225.0,
            "전세실거래가":42000.0,
            "전세가율":61.76,
            "장기전세가율평균":75.23,
            "전세가율거품지수":13.47,
            "검색코드":111115,
            "세대수":658.0,
            "준공년월":"2018-01-12",
            "준공년차":5.0,
            "가까운역이름":"대야미",
            "가까운역거리":1187.16,
            "역세권여부":"비역세권",
            "30분이내주요거점역":0,
            "30분거점역이름":"[]",
            "1시간이내주요거점역":1,
            "1시간거점역이름":"['안산']",
            "3km이내백화점수":0,
            "5km이내아울렛몰수":1,
            "1km이내대형먀트수":0,
            "500m이내은행수":0,
            "500m이내병원수":2,
            "5km이내대형병원수":2,
            "500m이내공원수":5,
            "3km이내혐오시설수":0,
            "초등학교학업성취도":90.0,
            "중학교학업성취도":79.2,
            "용적률":179,
            "건폐율":12,
            "Y":37.317303,
            "X":126.91759,
            "rank":102.0,
            "area_info":"30평(100.18), 34평(112.71), 34평(112.72)",
            "last_sales":"2021-12-14,68000.0,30평(100.18)",
            "rank_history":[
                [
                    "202203",
                    102
                ],
                [
                    "202202",
                    81
                ],
                [
                    "202201",
                    77
                ]
            ],
            "rank_gap":-21
        },
        {
            "index":303,
            "아파트명":"삼성마을2단지",
            "투자타입":"일반",
            "전용면적(m2)":"72.96",
            "전용면적(평)":"22평",
            "법정동주소":"경기도 군포시 부곡동 1199",
            "도로명주소":"경기도 군포시 번영로200번길 71",
            "세대수":50,
            "입주년차":60,
            "용적률점수":"--",
            "건폐율점수":"--",
            "세대당주차수":0,
            "난방방식":100,
            "공급면적":"--",
            "전용률":"--",
            "욕실수":50,
            "현관타입":100,
            "주거총점":54.5,
            "지역구공급총점":100.0,
            "역세권":0,
            "30분내 이동가능 거점":0,
            "1시간내 이동가능 거점":10,
            "교통총점":2.0,
            "백화점":0,
            "아울렛몰":80,
            "대형마트":0,
            "은행":0,
            "병원":30,
            "종합병원":100,
            "공원":100,
            "혐오시설":-50,
            "인프라총점":33.0,
            "초등학군":89.98,
            "중학군":52.8,
            "학군총점":60.236,
            "인구수":30.45,
            "인구증감":-12.79,
            "인구총점":17.478,
            "일자리":12.28,
            "소득수준":58.69,
            "일자리총점":26.203,
            "가치 총점":30.5354,
            "매매실거래년":20210908.0,
            "매매실거래가":63000.0,
            "전세실거래년":20220115.0,
            "전세실거래가":26000.0,
            "전세가율":55.32,
            "장기전세가율평균":75.23,
            "전세가율거품지수":19.91,
            "검색코드":104996,
            "세대수":422.0,
            "준공년월":"2013-12-16",
            "준공년차":10.0,
            "가까운역이름":"당정",
            "가까운역거리":1589.63,
            "역세권여부":"비역세권",
            "30분이내주요거점역":0,
            "30분거점역이름":"[]",
            "1시간이내주요거점역":1,
            "1시간거점역이름":"['안산']",
            "3km이내백화점수":0,
            "5km이내아울렛몰수":1,
            "1km이내대형먀트수":0,
            "500m이내은행수":0,
            "500m이내병원수":5,
            "5km이내대형병원수":3,
            "500m이내공원수":3,
            "3km이내혐오시설수":1,
            "초등학교학업성취도":89.98,
            "중학교학업성취도":85.0,
            "용적률":162,
            "건폐율":16,
            "Y":37.336734,
            "X":126.932662,
            "rank":103.0,
            "area_info":"22평(72.96), 22평(72.96), 25평(83.93), 25평(83.93), 25평(84.19), 25평(84.15)",
            "last_sales":"2021-09-08,63000.0,25평(84.15)",
            "rank_history":[
                [
                    "202203",
                    103
                ],
                [
                    "202202",
                    79
                ],
                [
                    "202201",
                    83
                ]
            ],
            "rank_gap":-24
        },
        {
            "index":314,
            "아파트명":"송부센트럴시티",
            "투자타입":"일반",
            "전용면적(m2)":"126.99",
            "전용면적(평)":"38평",
            "법정동주소":"경기도 군포시 부곡동 1080",
            "도로명주소":"경기도 군포시 송부로221번길 3-13",
            "세대수":50,
            "입주년차":60,
            "용적률점수":"--",
            "건폐율점수":"--",
            "세대당주차수":60,
            "난방방식":30,
            "공급면적":"--",
            "전용률":"--",
            "욕실수":100,
            "현관타입":100,
            "주거총점":61.5,
            "지역구공급총점":100.0,
            "역세권":0,
            "30분내 이동가능 거점":0,
            "1시간내 이동가능 거점":10,
            "교통총점":2.0,
            "백화점":0,
            "아울렛몰":80,
            "대형마트":0,
            "은행":0,
            "병원":0,
            "종합병원":100,
            "공원":100,
            "혐오시설":-50,
            "인프라총점":30.0,
            "초등학군":90.01,
            "중학군":48.36,
            "학군총점":56.69,
            "인구수":30.45,
            "인구증감":-12.79,
            "인구총점":17.478,
            "일자리":12.28,
            "소득수준":58.69,
            "일자리총점":26.203,
            "가치 총점":30.5035,
            "매매실거래년":20211231.0,
            "매매실거래가":76000.0,
            "전세실거래년":20220122.0,
            "전세실거래가":45000.0,
            "전세가율":59.21,
            "장기전세가율평균":75.23,
            "전세가율거품지수":16.02,
            "검색코드":101482,
            "세대수":402.0,
            "준공년월":"2010-04-15",
            "준공년차":13.0,
            "가까운역이름":"의왕",
            "가까운역거리":1282.57,
            "역세권여부":"비역세권",
            "30분이내주요거점역":0,
            "30분거점역이름":"[]",
            "1시간이내주요거점역":1,
            "1시간거점역이름":"['수원']",
            "3km이내백화점수":0,
            "5km이내아울렛몰수":1,
            "1km이내대형먀트수":0,
            "500m이내은행수":0,
            "500m이내병원수":0,
            "5km이내대형병원수":2,
            "500m이내공원수":3,
            "3km이내혐오시설수":1,
            "초등학교학업성취도":90.01,
            "중학교학업성취도":79.2,
            "용적률":150,
            "건폐율":21,
            "Y":37.323916,
            "X":126.934186,
            "rank":104.0,
            "area_info":"38평(126.99), 38평(126.99), 38평(126.89), 38평(127.03), 45평(151.63), 45평(151.55), 45평(151.63), 45평(151.55), 51평(168.97)",
            "last_sales":"2021-12-31,76000.0,38평(126.99)",
            "rank_history":[
                [
                    "202203",
                    104
                ],
                [
                    "202202",
                    77
                ],
                [
                    "202201",
                    79
                ]
            ],
            "rank_gap":-27
        },
        {
            "index":136,
            "아파트명":"삼성마을시티프라디움",
            "투자타입":"일반",
            "전용면적(m2)":"43.96",
            "전용면적(평)":"13평",
            "법정동주소":"경기도 군포시 당동 1020",
            "도로명주소":"경기도 군포시 삼성로59번길 16",
            "세대수":30,
            "입주년차":80,
            "용적률점수":"--",
            "건폐율점수":"--",
            "세대당주차수":30,
            "난방방식":100,
            "공급면적":"--",
            "전용률":"--",
            "욕실수":50,
            "현관타입":100,
            "주거총점":56.0,
            "지역구공급총점":100.0,
            "역세권":0,
            "30분내 이동가능 거점":0,
            "1시간내 이동가능 거점":10,
            "교통총점":2.0,
            "백화점":0,
            "아울렛몰":80,
            "대형마트":0,
            "은행":0,
            "병원":0,
            "종합병원":100,
            "공원":100,
            "혐오시설":0,
            "인프라총점":31.0,
            "초등학군":89.98,
            "중학군":52.8,
            "학군총점":60.236,
            "인구수":30.45,
            "인구증감":-12.79,
            "인구총점":17.478,
            "일자리":12.28,
            "소득수준":58.69,
            "일자리총점":26.203,
            "가치 총점":30.2354,
            "매매실거래년":20211125.0,
            "매매실거래가":29500.0,
            "전세실거래년":20210623.0,
            "전세실거래가":21400.0,
            "전세가율":72.54,
            "장기전세가율평균":75.23,
            "전세가율거품지수":2.69,
            "검색코드":104999,
            "세대수":342.0,
            "준공년월":"2014-05-27",
            "준공년차":9.0,
            "가까운역이름":"수리산",
            "가까운역거리":1204.71,
            "역세권여부":"비역세권",
            "30분이내주요거점역":0,
            "30분거점역이름":"[]",
            "1시간이내주요거점역":1,
            "1시간거점역이름":"['안산']",
            "3km이내백화점수":0,
            "5km이내아울렛몰수":1,
            "1km이내대형먀트수":0,
            "500m이내은행수":0,
            "500m이내병원수":0,
            "5km이내대형병원수":3,
            "500m이내공원수":3,
            "3km이내혐오시설수":0,
            "초등학교학업성취도":89.98,
            "중학교학업성취도":85.0,
            "용적률":156,
            "건폐율":19,
            "Y":37.340981,
            "X":126.932003,
            "rank":105.0,
            "area_info":"13평(43.96), 18평(60.51), 33평(109.8), 33평(109.8), 33평(110.13), 33평(110.11), 33평(110.14)",
            "last_sales":"2021-11-25,29500.0,13평(43.96)",
            "rank_history":[
                [
                    "202203",
                    105
                ],
                [
                    "202202",
                    82
                ],
                [
                    "202201",
                    82
                ]
            ],
            "rank_gap":-23
        },
        {
            "index":362,
            "아파트명":"금강주공9단지1차",
            "투자타입":"일반",
            "전용면적(m2)":"57.28",
            "전용면적(평)":"17평",
            "법정동주소":"경기도 군포시 산본동 1148-4",
            "도로명주소":"경기도 군포시 고산로517번길 20",
            "세대수":90,
            "입주년차":0,
            "용적률점수":"--",
            "건폐율점수":"--",
            "세대당주차수":0,
            "난방방식":100,
            "공급면적":"--",
            "전용률":"--",
            "욕실수":50,
            "현관타입":10,
            "주거총점":47.5,
            "지역구공급총점":100.0,
            "역세권":0,
            "30분내 이동가능 거점":0,
            "1시간내 이동가능 거점":10,
            "교통총점":2.0,
            "백화점":0,
            "아울렛몰":80,
            "대형마트":0,
            "은행":0,
            "병원":30,
            "종합병원":100,
            "공원":100,
            "혐오시설":0,
            "인프라총점":34.0,
            "초등학군":90.06,
            "중학군":54.84,
            "학군총점":61.884,
            "인구수":30.45,
            "인구증감":-12.79,
            "인구총점":17.478,
            "일자리":12.28,
            "소득수준":58.69,
            "일자리총점":26.203,
            "가치 총점":29.6826,
            "매매실거래년":20211210.0,
            "매매실거래가":51000.0,
            "전세실거래년":20220121.0,
            "전세실거래가":18000.0,
            "전세가율":78.26,
            "장기전세가율평균":75.23,
            "전세가율거품지수":-3.03,
            "검색코드":2626,
            "세대수":1318.0,
            "준공년월":"1994-07-07",
            "준공년차":29.0,
            "가까운역이름":"수리산",
            "가까운역거리":1162.32,
            "역세권여부":"비역세권",
            "30분이내주요거점역":0,
            "30분거점역이름":"[]",
            "1시간이내주요거점역":1,
            "1시간거점역이름":"['안산']",
            "3km이내백화점수":0,
            "5km이내아울렛몰수":1,
            "1km이내대형먀트수":0,
            "500m이내은행수":1,
            "500m이내병원수":8,
            "5km이내대형병원수":4,
            "500m이내공원수":5,
            "3km이내혐오시설수":0,
            "초등학교학업성취도":90.06,
            "중학교학업성취도":89.8,
            "용적률":214,
            "건폐율":15,
            "Y":37.360048,
            "X":126.920118,
            "rank":106.0,
            "area_info":"17평(57.28), 18평(61.03), 24평(80.93), 25평(85.35)",
            "last_sales":"2021-12-10,51000.0,24평(80.93)",
            "rank_history":[
                [
                    "202203",
                    106
                ],
                [
                    "202202",
                    80
                ],
                [
                    "202201",
                    80
                ]
            ],
            "rank_gap":-26
        },
        {
            "index":328,
            "아파트명":"휴먼시아5단지",
            "투자타입":"일반",
            "전용면적(m2)":"97.82",
            "전용면적(평)":"29평",
            "법정동주소":"경기도 군포시 부곡동 1086",
            "도로명주소":"경기도 군포시 송부로 222",
            "세대수":50,
            "입주년차":60,
            "용적률점수":"--",
            "건폐율점수":"--",
            "세대당주차수":30,
            "난방방식":30,
            "공급면적":"--",
            "전용률":"--",
            "욕실수":100,
            "현관타입":100,
            "주거총점":57.0,
            "지역구공급총점":100.0,
            "역세권":0,
            "30분내 이동가능 거점":0,
            "1시간내 이동가능 거점":10,
            "교통총점":2.0,
            "백화점":0,
            "아울렛몰":80,
            "대형마트":0,
            "은행":0,
            "병원":0,
            "종합병원":100,
            "공원":100,
            "혐오시설":-50,
            "인프라총점":30.0,
            "초등학군":90.01,
            "중학군":48.36,
            "학군총점":56.69,
            "인구수":30.45,
            "인구증감":-12.79,
            "인구총점":17.478,
            "일자리":12.28,
            "소득수준":58.69,
            "일자리총점":26.203,
            "가치 총점":29.6035,
            "매매실거래년":20211025.0,
            "매매실거래가":65000.0,
            "전세실거래년":20210910.0,
            "전세실거래가":39500.0,
            "전세가율":60.77,
            "장기전세가율평균":75.23,
            "전세가율거품지수":14.46,
            "검색코드":101481,
            "세대수":415.0,
            "준공년월":"2010-05-18",
            "준공년차":13.0,
            "가까운역이름":"의왕",
            "가까운역거리":1254.55,
            "역세권여부":"비역세권",
            "30분이내주요거점역":0,
            "30분거점역이름":"[]",
            "1시간이내주요거점역":1,
            "1시간거점역이름":"['수원']",
            "3km이내백화점수":0,
            "5km이내아울렛몰수":1,
            "1km이내대형먀트수":0,
            "500m이내은행수":0,
            "500m이내병원수":0,
            "5km이내대형병원수":2,
            "500m이내공원수":3,
            "3km이내혐오시설수":1,
            "초등학교학업성취도":90.01,
            "중학교학업성취도":79.2,
            "용적률":155,
            "건폐율":20,
            "Y":37.322157,
            "X":126.933974,
            "rank":107.0,
            "area_info":"29평(97.82), 29평(97.93), 29평(97.93), 33평(110.92), 33평(110.93), 33평(110.93)",
            "last_sales":"2021-10-25,65000.0,29평(97.82)",
            "rank_history":[
                [
                    "202203",
                    107
                ],
                [
                    "202202",
                    83
                ],
                [
                    "202201",
                    84
                ]
            ],
            "rank_gap":-24
        },
        {
            "index":0,
            "아파트명":"경아",
            "투자타입":"재건축",
            "전용면적(m2)":"69.9",
            "전용면적(평)":"21평",
            "법정동주소":"경기도 군포시 금정동 762-5",
            "도로명주소":"경기도 군포시 당산로125번길 15",
            "세대수":0,
            "입주년차":"--",
            "용적률점수":0,
            "건폐율점수":0,
            "세대당주차수":"--",
            "난방방식":"--",
            "공급면적":50,
            "전용률":80,
            "욕실수":"--",
            "현관타입":"--",
            "주거총점":6.5,
            "지역구공급총점":100.0,
            "역세권":50,
            "30분내 이동가능 거점":0,
            "1시간내 이동가능 거점":30,
            "교통총점":31.0,
            "백화점":0,
            "아울렛몰":80,
            "대형마트":0,
            "은행":0,
            "병원":30,
            "종합병원":100,
            "공원":100,
            "혐오시설":0,
            "인프라총점":34.0,
            "초등학군":90.0,
            "중학군":35.28,
            "학군총점":46.224,
            "인구수":30.45,
            "인구증감":-12.79,
            "인구총점":17.478,
            "일자리":12.28,
            "소득수준":58.69,
            "일자리총점":26.203,
            "가치 총점":29.2836,
            "매매실거래년":20210526.0,
            "매매실거래가":32000.0,
            "전세실거래년":20211116.0,
            "전세실거래가":11500.0,
            "전세가율":35.94,
            "장기전세가율평균":75.23,
            "전세가율거품지수":39.29,
            "검색코드":9877,
            "세대수":60.0,
            "준공년월":"1984-05-28",
            "준공년차":39.0,
            "가까운역이름":"군포",
            "가까운역거리":935.86,
            "역세권여부":"준역세권",
            "30분이내주요거점역":0,
            "30분거점역이름":"[]",
            "1시간이내주요거점역":3,
            "1시간거점역이름":"['평촌', '가산디지털단지', '안산']",
            "3km이내백화점수":0,
            "5km이내아울렛몰수":1,
            "1km이내대형먀트수":0,
            "500m이내은행수":1,
            "500m이내병원수":9,
            "5km이내대형병원수":5,
            "500m이내공원수":8,
            "3km이내혐오시설수":0,
            "초등학교학업성취도":90.0,
            "중학교학업성취도":58.8,
            "용적률":0,
            "건폐율":0,
            "Y":37.362007,
            "X":126.944586,
            "rank":108.0,
            "area_info":"21평(69.9)",
            "last_sales":"2021-05-26,32000.0,21평(69.9)",
            "rank_history":[
                [
                    "202203",
                    108
                ],
                [
                    "202202",
                    9999
                ]
            ],
            "rank_gap":9999
        }
    ]
}