{
    "schema":{
        "fields":[
            {
                "name":"index",
                "type":"integer"
            },
            {
                "name":"아파트명",
                "type":"string"
            },
            {
                "name":"투자타입",
                "type":"string"
            },
            {
                "name":"전용면적(m2)",
                "type":"string"
            },
            {
                "name":"전용면적(평)",
                "type":"string"
            },
            {
                "name":"법정동주소",
                "type":"string"
            },
            {
                "name":"도로명주소",
                "type":"string"
            },
            {
                "name":"세대수",
                "type":"integer"
            },
            {
                "name":"입주년차",
                "type":"string"
            },
            {
                "name":"용적률점수",
                "type":"string"
            },
            {
                "name":"건폐율점수",
                "type":"string"
            },
            {
                "name":"세대당주차수",
                "type":"string"
            },
            {
                "name":"난방방식",
                "type":"string"
            },
            {
                "name":"공급면적",
                "type":"string"
            },
            {
                "name":"전용률",
                "type":"string"
            },
            {
                "name":"욕실수",
                "type":"string"
            },
            {
                "name":"현관타입",
                "type":"string"
            },
            {
                "name":"주거총점",
                "type":"number"
            },
            {
                "name":"지역구공급총점",
                "type":"number"
            },
            {
                "name":"역세권",
                "type":"integer"
            },
            {
                "name":"30분내 이동가능 거점",
                "type":"integer"
            },
            {
                "name":"1시간내 이동가능 거점",
                "type":"integer"
            },
            {
                "name":"교통총점",
                "type":"number"
            },
            {
                "name":"백화점",
                "type":"integer"
            },
            {
                "name":"아울렛몰",
                "type":"integer"
            },
            {
                "name":"대형마트",
                "type":"integer"
            },
            {
                "name":"은행",
                "type":"integer"
            },
            {
                "name":"병원",
                "type":"integer"
            },
            {
                "name":"종합병원",
                "type":"integer"
            },
            {
                "name":"공원",
                "type":"integer"
            },
            {
                "name":"혐오시설",
                "type":"integer"
            },
            {
                "name":"인프라총점",
                "type":"number"
            },
            {
                "name":"초등학군",
                "type":"number"
            },
            {
                "name":"중학군",
                "type":"number"
            },
            {
                "name":"학군총점",
                "type":"number"
            },
            {
                "name":"인구수",
                "type":"number"
            },
            {
                "name":"인구증감",
                "type":"number"
            },
            {
                "name":"인구총점",
                "type":"number"
            },
            {
                "name":"일자리",
                "type":"number"
            },
            {
                "name":"소득수준",
                "type":"number"
            },
            {
                "name":"일자리총점",
                "type":"number"
            },
            {
                "name":"가치 총점",
                "type":"number"
            },
            {
                "name":"매매실거래년",
                "type":"string"
            },
            {
                "name":"매매실거래가",
                "type":"number"
            },
            {
                "name":"전세실거래년",
                "type":"number"
            },
            {
                "name":"전세실거래가",
                "type":"number"
            },
            {
                "name":"전세가율",
                "type":"number"
            },
            {
                "name":"장기전세가율평균",
                "type":"number"
            },
            {
                "name":"전세가율거품지수",
                "type":"number"
            },
            {
                "name":"검색코드",
                "type":"integer"
            },
            {
                "name":"세대수",
                "type":"number"
            },
            {
                "name":"준공년월",
                "type":"string"
            },
            {
                "name":"준공년차",
                "type":"number"
            },
            {
                "name":"가까운역이름",
                "type":"string"
            },
            {
                "name":"가까운역거리",
                "type":"number"
            },
            {
                "name":"역세권여부",
                "type":"string"
            },
            {
                "name":"30분이내주요거점역",
                "type":"integer"
            },
            {
                "name":"30분거점역이름",
                "type":"string"
            },
            {
                "name":"1시간이내주요거점역",
                "type":"integer"
            },
            {
                "name":"1시간거점역이름",
                "type":"string"
            },
            {
                "name":"3km이내백화점수",
                "type":"integer"
            },
            {
                "name":"5km이내아울렛몰수",
                "type":"integer"
            },
            {
                "name":"1km이내대형먀트수",
                "type":"integer"
            },
            {
                "name":"500m이내은행수",
                "type":"integer"
            },
            {
                "name":"500m이내병원수",
                "type":"integer"
            },
            {
                "name":"5km이내대형병원수",
                "type":"integer"
            },
            {
                "name":"500m이내공원수",
                "type":"integer"
            },
            {
                "name":"3km이내혐오시설수",
                "type":"integer"
            },
            {
                "name":"초등학교학업성취도",
                "type":"number"
            },
            {
                "name":"중학교학업성취도",
                "type":"number"
            },
            {
                "name":"용적률",
                "type":"integer"
            },
            {
                "name":"건폐율",
                "type":"integer"
            },
            {
                "name":"Y",
                "type":"number"
            },
            {
                "name":"X",
                "type":"number"
            },
            {
                "name":"rank",
                "type":"number"
            },
            {
                "name":"area_info",
                "type":"string"
            },
            {
                "name":"last_sales",
                "type":"string"
            },
            {
                "name":"rank_history",
                "type":"string"
            },
            {
                "name":"rank_gap",
                "type":"integer"
            }
        ],
        "primaryKey":[
            "index"
        ],
        "pandas_version":"1.4.0"
    },
    "data":[
        {
            "index":44,
            "아파트명":"인덕원센트럴자이",
            "투자타입":"일반",
            "전용면적(m2)":"85.69",
            "전용면적(평)":"25평",
            "법정동주소":"경기도 의왕시 내손동 844",
            "도로명주소":"경기도 의왕시 내손로 13",
            "세대수":100,
            "입주년차":60,
            "용적률점수":"--",
            "건폐율점수":"--",
            "세대당주차수":60,
            "난방방식":100,
            "공급면적":"--",
            "전용률":"--",
            "욕실수":100,
            "현관타입":100,
            "주거총점":86.0,
            "지역구공급총점":0.0,
            "역세권":80,
            "30분내 이동가능 거점":20,
            "1시간내 이동가능 거점":100,
            "교통총점":66.0,
            "백화점":100,
            "아울렛몰":100,
            "대형마트":80,
            "은행":20,
            "병원":30,
            "종합병원":100,
            "공원":100,
            "혐오시설":0,
            "인프라총점":80.0,
            "초등학군":89.98,
            "중학군":54.82,
            "학군총점":61.852,
            "인구수":18.23,
            "인구증감":-1.61,
            "인구총점":12.278,
            "일자리":7.78,
            "소득수준":61.54,
            "일자리총점":23.908,
            "가치 총점":73.5778,
            "매매실거래년":20220219.0,
            "매매실거래가":143000.0,
            "전세실거래년":20220218.0,
            "전세실거래가":50000.0,
            "전세가율":52.63,
            "장기전세가율평균":73.25,
            "전세가율거품지수":20.62,
            "검색코드":25842,
            "세대수":2540.0,
            "준공년월":"2009-11-24",
            "준공년차":14.0,
            "가까운역이름":"안양농수산물시장 (2028년 예정)",
            "가까운역거리":300.74,
            "역세권여부":"역세권",
            "30분이내주요거점역":1,
            "30분거점역이름":"['평촌']",
            "1시간이내주요거점역":11,
            "1시간거점역이름":"['강남', '역삼', '판교', '여의도', '양재', '수원시청', '평촌', '가산디지털단지', '수원', '명동', '안산']",
            "3km이내백화점수":1,
            "5km이내아울렛몰수":2,
            "1km이내대형먀트수":1,
            "500m이내은행수":2,
            "500m이내병원수":8,
            "5km이내대형병원수":5,
            "500m이내공원수":7,
            "3km이내혐오시설수":0,
            "초등학교학업성취도":89.98,
            "중학교학업성취도":87.9,
            "용적률":247,
            "건폐율":16,
            "Y":37.384045,
            "X":126.975014,
            "rank":1.0,
            "area_info":"25평(85.69), 25평(85.79), 34평(113.89), 34평(113.19), 34평(115.4), 43평(145.08), 45평(151.49), 45평(151.82), 52평(174.34), 62평(207.47)",
            "last_sales":"2022-02-19,143000.0,52평(174.34)",
            "rank_history":[
                [
                    "202203",
                    1
                ],
                [
                    "202202",
                    3
                ],
                [
                    "202201",
                    1
                ]
            ],
            "rank_gap":2
        },
        {
            "index":0,
            "아파트명":"e편한세상인덕원더퍼스트",
            "투자타입":"일반",
            "전용면적(m2)":"83.3",
            "전용면적(평)":"25평",
            "법정동주소":"경기도 의왕시 내손동 846",
            "도로명주소":"경기도 의왕시 내손중앙로 11",
            "세대수":100,
            "입주년차":60,
            "용적률점수":"--",
            "건폐율점수":"--",
            "세대당주차수":60,
            "난방방식":100,
            "공급면적":"--",
            "전용률":"--",
            "욕실수":100,
            "현관타입":100,
            "주거총점":86.0,
            "지역구공급총점":0.0,
            "역세권":50,
            "30분내 이동가능 거점":20,
            "1시간내 이동가능 거점":90,
            "교통총점":49.0,
            "백화점":100,
            "아울렛몰":80,
            "대형마트":80,
            "은행":20,
            "병원":80,
            "종합병원":100,
            "공원":100,
            "혐오시설":0,
            "인프라총점":83.0,
            "초등학군":89.99,
            "중학군":51.8,
            "학군총점":59.438,
            "인구수":18.23,
            "인구증감":-1.61,
            "인구총점":12.278,
            "일자리":7.78,
            "소득수준":61.54,
            "일자리총점":23.908,
            "가치 총점":68.1657,
            "매매실거래년":20220111.0,
            "매매실거래가":135000.0,
            "전세실거래년":20220115.0,
            "전세실거래가":56000.0,
            "전세가율":72.73,
            "장기전세가율평균":73.25,
            "전세가율거품지수":0.52,
            "검색코드":103281,
            "세대수":2422.0,
            "준공년월":"2012-10-29",
            "준공년차":11.0,
            "가까운역이름":"안양농수산물시장 (2028년 예정)",
            "가까운역거리":803.94,
            "역세권여부":"준역세권",
            "30분이내주요거점역":1,
            "30분거점역이름":"['평촌']",
            "1시간이내주요거점역":9,
            "1시간거점역이름":"['강남', '역삼', '여의도', '양재', '평촌', '가산디지털단지', '수원', '구로디지털단지', '안산']",
            "3km이내백화점수":1,
            "5km이내아울렛몰수":1,
            "1km이내대형먀트수":1,
            "500m이내은행수":2,
            "500m이내병원수":30,
            "5km이내대형병원수":4,
            "500m이내공원수":10,
            "3km이내혐오시설수":0,
            "초등학교학업성취도":89.99,
            "중학교학업성취도":81.8,
            "용적률":246,
            "건폐율":16,
            "Y":37.387806,
            "X":126.978599,
            "rank":2.0,
            "area_info":"25평(83.3), 25평(84.23), 25평(84.76), 35평(118.9), 35평(118.5), 39평(130.59), 43평(142.23), 48평(160.3), 48평(160.99), 58평(193.62), 58평(194.26), 67평(224.08)",
            "last_sales":"2022-01-11,135000.0,58평(194.26)",
            "rank_history":[
                [
                    "202203",
                    2
                ],
                [
                    "202202",
                    6
                ],
                [
                    "202201",
                    3
                ]
            ],
            "rank_gap":4
        },
        {
            "index":16,
            "아파트명":"래미안에버하임",
            "투자타입":"일반",
            "전용면적(m2)":"80.09",
            "전용면적(평)":"24평",
            "법정동주소":"경기도 의왕시 내손동 842",
            "도로명주소":"경기도 의왕시 내손순환로 7",
            "세대수":50,
            "입주년차":60,
            "용적률점수":"--",
            "건폐율점수":"--",
            "세대당주차수":60,
            "난방방식":100,
            "공급면적":"--",
            "전용률":"--",
            "욕실수":100,
            "현관타입":100,
            "주거총점":68.5,
            "지역구공급총점":0.0,
            "역세권":50,
            "30분내 이동가능 거점":20,
            "1시간내 이동가능 거점":90,
            "교통총점":49.0,
            "백화점":100,
            "아울렛몰":80,
            "대형마트":80,
            "은행":70,
            "병원":60,
            "종합병원":100,
            "공원":100,
            "혐오시설":0,
            "인프라총점":86.0,
            "초등학군":89.97,
            "중학군":51.8,
            "학군총점":59.434,
            "인구수":18.23,
            "인구증감":-1.61,
            "인구총점":12.278,
            "일자리":7.78,
            "소득수준":61.54,
            "일자리총점":23.908,
            "가치 총점":65.5651,
            "매매실거래년":20210118.0,
            "매매실거래가":118500.0,
            "전세실거래년":20211117.0,
            "전세실거래가":37000.0,
            "전세가율":57.99,
            "장기전세가율평균":73.25,
            "전세가율거품지수":15.26,
            "검색코드":26061,
            "세대수":696.0,
            "준공년월":"2009-03-31",
            "준공년차":14.0,
            "가까운역이름":"안양농수산물시장 (2028년 예정)",
            "가까운역거리":737.67,
            "역세권여부":"준역세권",
            "30분이내주요거점역":1,
            "30분거점역이름":"['평촌']",
            "1시간이내주요거점역":9,
            "1시간거점역이름":"['강남', '역삼', '판교', '여의도', '양재', '평촌', '가산디지털단지', '수원', '안산']",
            "3km이내백화점수":1,
            "5km이내아울렛몰수":1,
            "1km이내대형먀트수":1,
            "500m이내은행수":3,
            "500m이내병원수":26,
            "5km이내대형병원수":5,
            "500m이내공원수":8,
            "3km이내혐오시설수":0,
            "초등학교학업성취도":89.97,
            "중학교학업성취도":81.8,
            "용적률":249,
            "건폐율":19,
            "Y":37.388153,
            "X":126.977002,
            "rank":3.0,
            "area_info":"24평(80.09), 24평(80.09), 32평(108.5), 32평(108.28), 42평(140.95), 43평(144.8)",
            "last_sales":"2021-01-18,118500.0,43평(144.8)",
            "rank_history":[
                [
                    "202203",
                    3
                ],
                [
                    "202202",
                    7
                ],
                [
                    "202201",
                    2
                ]
            ],
            "rank_gap":4
        },
        {
            "index":37,
            "아파트명":"우미린",
            "투자타입":"일반",
            "전용면적(m2)":"99.92",
            "전용면적(평)":"30평",
            "법정동주소":"경기도 의왕시 내손동 843",
            "도로명주소":"경기도 의왕시 내손순환로 8",
            "세대수":0,
            "입주년차":60,
            "용적률점수":"--",
            "건폐율점수":"--",
            "세대당주차수":60,
            "난방방식":100,
            "공급면적":"--",
            "전용률":"--",
            "욕실수":100,
            "현관타입":100,
            "주거총점":51.0,
            "지역구공급총점":0.0,
            "역세권":50,
            "30분내 이동가능 거점":20,
            "1시간내 이동가능 거점":100,
            "교통총점":51.0,
            "백화점":100,
            "아울렛몰":80,
            "대형마트":80,
            "은행":70,
            "병원":60,
            "종합병원":100,
            "공원":100,
            "혐오시설":0,
            "인프라총점":86.0,
            "초등학군":89.98,
            "중학군":62.48,
            "학군총점":67.98,
            "인구수":18.23,
            "인구증감":-1.61,
            "인구총점":12.278,
            "일자리":7.78,
            "소득수준":61.54,
            "일자리총점":23.908,
            "가치 총점":64.047,
            "매매실거래년":20191213.0,
            "매매실거래가":64000.0,
            "전세실거래년":20210225.0,
            "전세실거래가":47000.0,
            "전세가율":94.0,
            "장기전세가율평균":73.25,
            "전세가율거품지수":-20.75,
            "검색코드":27036,
            "세대수":166.0,
            "준공년월":"2009-08-12",
            "준공년차":14.0,
            "가까운역이름":"안양농수산물시장 (2028년 예정)",
            "가까운역거리":611.81,
            "역세권여부":"준역세권",
            "30분이내주요거점역":1,
            "30분거점역이름":"['평촌']",
            "1시간이내주요거점역":12,
            "1시간거점역이름":"['강남', '역삼', '판교', '여의도', '양재', '수원시청', '평촌', '가산디지털단지', '수원', '구로디지털단지', '명동', '안산']",
            "3km이내백화점수":1,
            "5km이내아울렛몰수":1,
            "1km이내대형먀트수":1,
            "500m이내은행수":4,
            "500m이내병원수":28,
            "5km이내대형병원수":5,
            "500m이내공원수":3,
            "3km이내혐오시설수":0,
            "초등학교학업성취도":89.98,
            "중학교학업성취도":95.4,
            "용적률":246,
            "건폐율":24,
            "Y":37.387952,
            "X":126.974611,
            "rank":4.0,
            "area_info":"30평(99.92), 33평(110.1), 33평(111.06), 49평(162.78), 51평(168.98), 51평(169.06)",
            "last_sales":"2019-12-13,64000.0,51평(169.06)",
            "rank_history":[
                [
                    "202203",
                    4
                ],
                [
                    "202202",
                    9
                ],
                [
                    "202201",
                    5
                ]
            ],
            "rank_gap":5
        },
        {
            "index":24,
            "아파트명":"반도보라빌리지2단지",
            "투자타입":"일반",
            "전용면적(m2)":"114.21",
            "전용면적(평)":"34평",
            "법정동주소":"경기도 의왕시 내손동 774",
            "도로명주소":"경기도 의왕시 갈미로 32",
            "세대수":80,
            "입주년차":20,
            "용적률점수":"--",
            "건폐율점수":"--",
            "세대당주차수":30,
            "난방방식":100,
            "공급면적":"--",
            "전용률":"--",
            "욕실수":100,
            "현관타입":100,
            "주거총점":66.5,
            "지역구공급총점":0.0,
            "역세권":50,
            "30분내 이동가능 거점":20,
            "1시간내 이동가능 거점":60,
            "교통총점":43.0,
            "백화점":100,
            "아울렛몰":100,
            "대형마트":80,
            "은행":20,
            "병원":60,
            "종합병원":100,
            "공원":100,
            "혐오시설":0,
            "인프라총점":83.0,
            "초등학군":89.97,
            "중학군":54.82,
            "학군총점":61.85,
            "인구수":18.23,
            "인구증감":-1.61,
            "인구총점":12.278,
            "일자리":7.78,
            "소득수준":61.54,
            "일자리총점":23.908,
            "가치 총점":62.5275,
            "매매실거래년":20220122.0,
            "매매실거래가":73500.0,
            "전세실거래년":20220221.0,
            "전세실거래가":39900.0,
            "전세가율":54.29,
            "장기전세가율평균":73.25,
            "전세가율거품지수":18.96,
            "검색코드":3883,
            "세대수":766.0,
            "준공년월":"2002-06-21",
            "준공년차":21.0,
            "가까운역이름":"안양농수산물시장 (2028년 예정)",
            "가까운역거리":809.34,
            "역세권여부":"준역세권",
            "30분이내주요거점역":1,
            "30분거점역이름":"['평촌']",
            "1시간이내주요거점역":6,
            "1시간거점역이름":"['강남', '양재', '수원시청', '평촌', '가산디지털단지', '수원']",
            "3km이내백화점수":1,
            "5km이내아울렛몰수":2,
            "1km이내대형먀트수":1,
            "500m이내은행수":2,
            "500m이내병원수":15,
            "5km이내대형병원수":5,
            "500m이내공원수":2,
            "3km이내혐오시설수":0,
            "초등학교학업성취도":89.97,
            "중학교학업성취도":87.9,
            "용적률":229,
            "건폐율":15,
            "Y":37.375617,
            "X":126.972656,
            "rank":5.0,
            "area_info":"34평(114.21)",
            "last_sales":"2022-01-22,73500.0,34평(114.21)",
            "rank_history":[
                [
                    "202203",
                    5
                ],
                [
                    "202202",
                    11
                ],
                [
                    "202201",
                    6
                ]
            ],
            "rank_gap":6
        },
        {
            "index":43,
            "아파트명":"의왕상록",
            "투자타입":"일반",
            "전용면적(m2)":"109.64",
            "전용면적(평)":"33평",
            "법정동주소":"경기도 의왕시 내손동 790",
            "도로명주소":"경기도 의왕시 갈미1로 17",
            "세대수":50,
            "입주년차":20,
            "용적률점수":"--",
            "건폐율점수":"--",
            "세대당주차수":30,
            "난방방식":100,
            "공급면적":"--",
            "전용률":"--",
            "욕실수":100,
            "현관타입":100,
            "주거총점":56.0,
            "지역구공급총점":0.0,
            "역세권":50,
            "30분내 이동가능 거점":20,
            "1시간내 이동가능 거점":70,
            "교통총점":45.0,
            "백화점":100,
            "아울렛몰":100,
            "대형마트":80,
            "은행":20,
            "병원":60,
            "종합병원":100,
            "공원":100,
            "혐오시설":0,
            "인프라총점":83.0,
            "초등학군":89.97,
            "중학군":54.82,
            "학군총점":61.85,
            "인구수":18.23,
            "인구증감":-1.61,
            "인구총점":12.278,
            "일자리":7.78,
            "소득수준":61.54,
            "일자리총점":23.908,
            "가치 총점":61.1275,
            "매매실거래년":20211012.0,
            "매매실거래가":81500.0,
            "전세실거래년":20220218.0,
            "전세실거래가":48000.0,
            "전세가율":58.9,
            "장기전세가율평균":73.25,
            "전세가율거품지수":14.35,
            "검색코드":3884,
            "세대수":447.0,
            "준공년월":"2002-12-04",
            "준공년차":21.0,
            "가까운역이름":"안양농수산물시장 (2028년 예정)",
            "가까운역거리":549.72,
            "역세권여부":"준역세권",
            "30분이내주요거점역":1,
            "30분거점역이름":"['평촌']",
            "1시간이내주요거점역":7,
            "1시간거점역이름":"['강남', '역삼', '양재', '수원시청', '평촌', '가산디지털단지', '수원']",
            "3km이내백화점수":1,
            "5km이내아울렛몰수":2,
            "1km이내대형먀트수":1,
            "500m이내은행수":2,
            "500m이내병원수":17,
            "5km이내대형병원수":5,
            "500m이내공원수":2,
            "3km이내혐오시설수":0,
            "초등학교학업성취도":89.97,
            "중학교학업성취도":87.9,
            "용적률":229,
            "건폐율":16,
            "Y":37.378085,
            "X":126.973492,
            "rank":6.0,
            "area_info":"33평(109.64)",
            "last_sales":"2021-10-12,81500.0,33평(109.64)",
            "rank_history":[
                [
                    "202203",
                    6
                ],
                [
                    "202202",
                    15
                ],
                [
                    "202201",
                    9
                ]
            ],
            "rank_gap":9
        },
        {
            "index":256,
            "아파트명":"푸른마을인덕원대우",
            "투자타입":"일반",
            "전용면적(m2)":"82.63",
            "전용면적(평)":"24평",
            "법정동주소":"경기도 의왕시 포일동 523",
            "도로명주소":"경기도 의왕시 새롬길 21",
            "세대수":50,
            "입주년차":20,
            "용적률점수":"--",
            "건폐율점수":"--",
            "세대당주차수":30,
            "난방방식":30,
            "공급면적":"--",
            "전용률":"--",
            "욕실수":100,
            "현관타입":100,
            "주거총점":49.0,
            "지역구공급총점":0.0,
            "역세권":50,
            "30분내 이동가능 거점":20,
            "1시간내 이동가능 거점":100,
            "교통총점":51.0,
            "백화점":100,
            "아울렛몰":80,
            "대형마트":80,
            "은행":0,
            "병원":60,
            "종합병원":100,
            "공원":100,
            "혐오시설":0,
            "인프라총점":79.0,
            "초등학군":89.98,
            "중학군":51.8,
            "학군총점":59.436,
            "인구수":18.23,
            "인구증감":-1.61,
            "인구총점":12.278,
            "일자리":7.78,
            "소득수준":61.54,
            "일자리총점":23.908,
            "가치 총점":60.2654,
            "매매실거래년":20211218.0,
            "매매실거래가":86000.0,
            "전세실거래년":20220215.0,
            "전세실거래가":33600.0,
            "전세가율":51.69,
            "장기전세가율평균":73.25,
            "전세가율거품지수":21.56,
            "검색코드":10965,
            "세대수":408.0,
            "준공년월":"2001-04-28",
            "준공년차":22.0,
            "가까운역이름":"인덕원",
            "가까운역거리":992.42,
            "역세권여부":"준역세권",
            "30분이내주요거점역":1,
            "30분거점역이름":"['평촌']",
            "1시간이내주요거점역":13,
            "1시간거점역이름":"['강남', '역삼', '판교', '여의도', '양재', '수원시청', '평촌', '가산디지털단지', '수원', '구로디지털단지', '명동', '안산', 'GTX성남(2023년)']",
            "3km이내백화점수":1,
            "5km이내아울렛몰수":1,
            "1km이내대형먀트수":1,
            "500m이내은행수":1,
            "500m이내병원수":16,
            "5km이내대형병원수":3,
            "500m이내공원수":5,
            "3km이내혐오시설수":0,
            "초등학교학업성취도":89.98,
            "중학교학업성취도":81.8,
            "용적률":301,
            "건폐율":19,
            "Y":37.393464,
            "X":126.981583,
            "rank":7.0,
            "area_info":"24평(82.63), 25평(82.74), 32평(108.86)",
            "last_sales":"2021-12-18,86000.0,32평(108.86)",
            "rank_history":[
                [
                    "202203",
                    7
                ],
                [
                    "202202",
                    2
                ],
                [
                    "202201",
                    4
                ]
            ],
            "rank_gap":-5
        },
        {
            "index":27,
            "아파트명":"세양청마루",
            "투자타입":"일반",
            "전용면적(m2)":"75.77",
            "전용면적(평)":"22평",
            "법정동주소":"경기도 의왕시 내손동 401-1",
            "도로명주소":"경기도 의왕시 포일로 17",
            "세대수":0,
            "입주년차":40,
            "용적률점수":"--",
            "건폐율점수":"--",
            "세대당주차수":30,
            "난방방식":30,
            "공급면적":"--",
            "전용률":"--",
            "욕실수":50,
            "현관타입":100,
            "주거총점":30.5,
            "지역구공급총점":0.0,
            "역세권":50,
            "30분내 이동가능 거점":20,
            "1시간내 이동가능 거점":100,
            "교통총점":51.0,
            "백화점":100,
            "아울렛몰":80,
            "대형마트":80,
            "은행":70,
            "병원":60,
            "종합병원":100,
            "공원":100,
            "혐오시설":0,
            "인프라총점":86.0,
            "초등학군":89.97,
            "중학군":62.48,
            "학군총점":67.978,
            "인구수":18.23,
            "인구증감":-1.61,
            "인구총점":12.278,
            "일자리":7.78,
            "소득수준":61.54,
            "일자리총점":23.908,
            "가치 총점":59.9467,
            "매매실거래년":20211111.0,
            "매매실거래가":60000.0,
            "전세실거래년":null,
            "전세실거래가":null,
            "전세가율":null,
            "장기전세가율평균":73.25,
            "전세가율거품지수":null,
            "검색코드":14264,
            "세대수":105.0,
            "준공년월":"2005-04-16",
            "준공년차":18.0,
            "가까운역이름":"안양농수산물시장 (2028년 예정)",
            "가까운역거리":712.28,
            "역세권여부":"준역세권",
            "30분이내주요거점역":1,
            "30분거점역이름":"['평촌']",
            "1시간이내주요거점역":11,
            "1시간거점역이름":"['강남', '역삼', '판교', '여의도', '양재', '평촌', '가산디지털단지', '수원', '구로디지털단지', '명동', '안산']",
            "3km이내백화점수":1,
            "5km이내아울렛몰수":1,
            "1km이내대형먀트수":1,
            "500m이내은행수":4,
            "500m이내병원수":23,
            "5km이내대형병원수":5,
            "500m이내공원수":5,
            "3km이내혐오시설수":0,
            "초등학교학업성취도":89.97,
            "중학교학업성취도":95.4,
            "용적률":374,
            "건폐율":35,
            "Y":37.388811,
            "X":126.974972,
            "rank":8.0,
            "area_info":"22평(75.77), 24평(80.62), 27평(89.79), 28평(92.7), 32평(106.1), 32평(107.34), 32평(107.29), 33평(109.44), 33평(110.85), 33평(110.43)",
            "last_sales":"2021-11-11,60000.0,33평(110.85)",
            "rank_history":[
                [
                    "202203",
                    8
                ],
                [
                    "202202",
                    18
                ],
                [
                    "202201",
                    13
                ]
            ],
            "rank_gap":10
        },
        {
            "index":252,
            "아파트명":"인덕원푸르지오엘센트로",
            "투자타입":"일반",
            "전용면적(m2)":"112.75",
            "전용면적(평)":"34평",
            "법정동주소":"경기도 의왕시 포일동 685",
            "도로명주소":"경기도 의왕시 안양판교로 100",
            "세대수":100,
            "입주년차":100,
            "용적률점수":"--",
            "건폐율점수":"--",
            "세대당주차수":30,
            "난방방식":100,
            "공급면적":"--",
            "전용률":"--",
            "욕실수":100,
            "현관타입":100,
            "주거총점":89.5,
            "지역구공급총점":0.0,
            "역세권":0,
            "30분내 이동가능 거점":20,
            "1시간내 이동가능 거점":100,
            "교통총점":26.0,
            "백화점":100,
            "아울렛몰":80,
            "대형마트":80,
            "은행":0,
            "병원":60,
            "종합병원":100,
            "공원":100,
            "혐오시설":0,
            "인프라총점":79.0,
            "초등학군":89.98,
            "중학군":51.8,
            "학군총점":59.436,
            "인구수":18.23,
            "인구증감":-1.61,
            "인구총점":12.278,
            "일자리":7.78,
            "소득수준":61.54,
            "일자리총점":23.908,
            "가치 총점":59.6154,
            "매매실거래년":20210606.0,
            "매매실거래가":163000.0,
            "전세실거래년":20220225.0,
            "전세실거래가":68000.0,
            "전세가율":41.72,
            "장기전세가율평균":73.25,
            "전세가율거품지수":31.53,
            "검색코드":114329,
            "세대수":1774.0,
            "준공년월":"2019-11-29",
            "준공년차":4.0,
            "가까운역이름":"인덕원",
            "가까운역거리":1012.08,
            "역세권여부":"비역세권",
            "30분이내주요거점역":1,
            "30분거점역이름":"['평촌']",
            "1시간이내주요거점역":15,
            "1시간거점역이름":"['강남', '역삼', '판교', '여의도', '양재', '평촌', '가산디지털단지', '왕십리', '홍대입구', '수원', '구로디지털단지', '명동', '안산', '서현', 'GTX성남(2023년)']",
            "3km이내백화점수":1,
            "5km이내아울렛몰수":1,
            "1km이내대형먀트수":1,
            "500m이내은행수":1,
            "500m이내병원수":16,
            "5km이내대형병원수":2,
            "500m이내공원수":3,
            "3km이내혐오시설수":0,
            "초등학교학업성취도":89.98,
            "중학교학업성취도":81.8,
            "용적률":284,
            "건폐율":15,
            "Y":37.394433,
            "X":126.983909,
            "rank":9.0,
            "area_info":"34평(112.75), 34평(112.89), 34평(113.95), 40평(133.21)",
            "last_sales":"2021-06-06,163000.0,34평(112.75)",
            "rank_history":[
                [
                    "202203",
                    9
                ],
                [
                    "202202",
                    1
                ],
                [
                    "202201",
                    24
                ]
            ],
            "rank_gap":-8
        },
        {
            "index":12,
            "아파트명":"대원칸타빌1단지",
            "투자타입":"일반",
            "전용면적(m2)":"78.58",
            "전용면적(평)":"23평",
            "법정동주소":"경기도 의왕시 내손동 795",
            "도로명주소":"경기도 의왕시 갈미로 7",
            "세대수":30,
            "입주년차":20,
            "용적률점수":"--",
            "건폐율점수":"--",
            "세대당주차수":0,
            "난방방식":100,
            "공급면적":"--",
            "전용률":"--",
            "욕실수":50,
            "현관타입":100,
            "주거총점":39.5,
            "지역구공급총점":0.0,
            "역세권":50,
            "30분내 이동가능 거점":20,
            "1시간내 이동가능 거점":90,
            "교통총점":49.0,
            "백화점":100,
            "아울렛몰":100,
            "대형마트":80,
            "은행":20,
            "병원":60,
            "종합병원":100,
            "공원":100,
            "혐오시설":0,
            "인프라총점":83.0,
            "초등학군":89.97,
            "중학군":54.82,
            "학군총점":61.85,
            "인구수":18.23,
            "인구증감":-1.61,
            "인구총점":12.278,
            "일자리":7.78,
            "소득수준":61.54,
            "일자리총점":23.908,
            "가치 총점":59.2275,
            "매매실거래년":20220205.0,
            "매매실거래가":56000.0,
            "전세실거래년":20220115.0,
            "전세실거래가":31500.0,
            "전세가율":56.25,
            "장기전세가율평균":73.25,
            "전세가율거품지수":17.0,
            "검색코드":102014,
            "세대수":394.0,
            "준공년월":"2002-10-19",
            "준공년차":21.0,
            "가까운역이름":"안양농수산물시장 (2028년 예정)",
            "가까운역거리":636.7,
            "역세권여부":"준역세권",
            "30분이내주요거점역":1,
            "30분거점역이름":"['평촌']",
            "1시간이내주요거점역":9,
            "1시간거점역이름":"['강남', '역삼', '여의도', '양재', '수원시청', '평촌', '가산디지털단지', '수원', '안산']",
            "3km이내백화점수":1,
            "5km이내아울렛몰수":2,
            "1km이내대형먀트수":1,
            "500m이내은행수":2,
            "500m이내병원수":17,
            "5km이내대형병원수":5,
            "500m이내공원수":2,
            "3km이내혐오시설수":0,
            "초등학교학업성취도":89.97,
            "중학교학업성취도":87.9,
            "용적률":229,
            "건폐율":16,
            "Y":37.377257,
            "X":126.970545,
            "rank":10.0,
            "area_info":"23평(78.58), 23평(78.43)",
            "last_sales":"2022-02-05,56000.0,23평(78.58)",
            "rank_history":[
                [
                    "202203",
                    10
                ],
                [
                    "202202",
                    24
                ],
                [
                    "202201",
                    14
                ]
            ],
            "rank_gap":14
        },
        {
            "index":62,
            "아파트명":"신우(B동)",
            "투자타입":"재건축",
            "전용면적(m2)":"58.32",
            "전용면적(평)":"17평",
            "법정동주소":"경기도 의왕시 삼동 168-7",
            "도로명주소":"경기도 의왕시 부곡중앙남4길 18",
            "세대수":0,
            "입주년차":"--",
            "용적률점수":100,
            "건폐율점수":80,
            "세대당주차수":"--",
            "난방방식":"--",
            "공급면적":50,
            "전용률":60,
            "욕실수":"--",
            "현관타입":"--",
            "주거총점":61.5,
            "지역구공급총점":0.0,
            "역세권":80,
            "30분내 이동가능 거점":40,
            "1시간내 이동가능 거점":70,
            "교통총점":66.0,
            "백화점":0,
            "아울렛몰":80,
            "대형마트":80,
            "은행":0,
            "병원":80,
            "종합병원":100,
            "공원":80,
            "혐오시설":0,
            "인프라총점":50.4,
            "초등학군":90.01,
            "중학군":46.2,
            "학군총점":54.962,
            "인구수":18.23,
            "인구증감":-1.61,
            "인구총점":12.278,
            "일자리":7.78,
            "소득수준":61.54,
            "일자리총점":23.908,
            "가치 총점":58.7643,
            "매매실거래년":20210616.0,
            "매매실거래가":17000.0,
            "전세실거래년":20201020.0,
            "전세실거래가":9000.0,
            "전세가율":58.06,
            "장기전세가율평균":73.25,
            "전세가율거품지수":15.19,
            "검색코드":11949,
            "세대수":50.0,
            "준공년월":"1986-07-08",
            "준공년차":37.0,
            "가까운역이름":"의왕",
            "가까운역거리":358.42,
            "역세권여부":"역세권",
            "30분이내주요거점역":2,
            "30분거점역이름":"['평촌', '수원']",
            "1시간이내주요거점역":7,
            "1시간거점역이름":"['수원시청', '평촌', '가산디지털단지', '수원', '구로디지털단지', '안산', 'GTX용인(2023년)']",
            "3km이내백화점수":0,
            "5km이내아울렛몰수":1,
            "1km이내대형먀트수":1,
            "500m이내은행수":0,
            "500m이내병원수":30,
            "5km이내대형병원수":3,
            "500m이내공원수":1,
            "3km이내혐오시설수":0,
            "초등학교학업성취도":90.01,
            "중학교학업성취도":76.0,
            "용적률":134,
            "건폐율":27,
            "Y":37.318628,
            "X":126.951409,
            "rank":11.0,
            "area_info":"17평(58.32), 18평(61.23)",
            "last_sales":"2021-06-16,17000.0,18평(61.23)",
            "rank_history":[
                [
                    "202203",
                    11
                ],
                [
                    "202202",
                    9999
                ]
            ],
            "rank_gap":9999
        },
        {
            "index":22,
            "아파트명":"반도보라빌리지1단지",
            "투자타입":"일반",
            "전용면적(m2)":"114.48",
            "전용면적(평)":"34평",
            "법정동주소":"경기도 의왕시 내손동 771",
            "도로명주소":"경기도 의왕시 갈미로 64",
            "세대수":50,
            "입주년차":20,
            "용적률점수":"--",
            "건폐율점수":"--",
            "세대당주차수":60,
            "난방방식":100,
            "공급면적":"--",
            "전용률":"--",
            "욕실수":100,
            "현관타입":100,
            "주거총점":60.5,
            "지역구공급총점":0.0,
            "역세권":50,
            "30분내 이동가능 거점":20,
            "1시간내 이동가능 거점":30,
            "교통총점":37.0,
            "백화점":100,
            "아울렛몰":100,
            "대형마트":80,
            "은행":20,
            "병원":30,
            "종합병원":100,
            "공원":100,
            "혐오시설":0,
            "인프라총점":80.0,
            "초등학군":89.97,
            "중학군":54.82,
            "학군총점":61.85,
            "인구수":18.23,
            "인구증감":-1.61,
            "인구총점":12.278,
            "일자리":7.78,
            "소득수준":61.54,
            "일자리총점":23.908,
            "가치 총점":58.3275,
            "매매실거래년":20211201.0,
            "매매실거래가":108500.0,
            "전세실거래년":20220122.0,
            "전세실거래가":45000.0,
            "전세가율":56.96,
            "장기전세가율평균":73.25,
            "전세가율거품지수":16.29,
            "검색코드":101552,
            "세대수":560.0,
            "준공년월":"2002-06-21",
            "준공년차":21.0,
            "가까운역이름":"안양농수산물시장 (2028년 예정)",
            "가까운역거리":747.1,
            "역세권여부":"준역세권",
            "30분이내주요거점역":1,
            "30분거점역이름":"['평촌']",
            "1시간이내주요거점역":3,
            "1시간거점역이름":"['양재', '평촌', '수원']",
            "3km이내백화점수":1,
            "5km이내아울렛몰수":2,
            "1km이내대형먀트수":1,
            "500m이내은행수":2,
            "500m이내병원수":7,
            "5km이내대형병원수":5,
            "500m이내공원수":2,
            "3km이내혐오시설수":0,
            "초등학교학업성취도":89.97,
            "중학교학업성취도":87.9,
            "용적률":214,
            "건폐율":14,
            "Y":37.37709,
            "X":126.976249,
            "rank":12.0,
            "area_info":"34평(114.48), 50평(166.55)",
            "last_sales":"2021-12-01,108500.0,50평(166.55)",
            "rank_history":[
                [
                    "202203",
                    12
                ],
                [
                    "202202",
                    19
                ],
                [
                    "202201",
                    11
                ]
            ],
            "rank_gap":7
        },
        {
            "index":14,
            "아파트명":"대원칸타빌2단지",
            "투자타입":"일반",
            "전용면적(m2)":"82.63",
            "전용면적(평)":"24평",
            "법정동주소":"경기도 의왕시 내손동 799",
            "도로명주소":"경기도 의왕시 갈미로 8",
            "세대수":30,
            "입주년차":20,
            "용적률점수":"--",
            "건폐율점수":"--",
            "세대당주차수":0,
            "난방방식":100,
            "공급면적":"--",
            "전용률":"--",
            "욕실수":50,
            "현관타입":100,
            "주거총점":39.5,
            "지역구공급총점":0.0,
            "역세권":50,
            "30분내 이동가능 거점":20,
            "1시간내 이동가능 거점":70,
            "교통총점":45.0,
            "백화점":100,
            "아울렛몰":100,
            "대형마트":80,
            "은행":20,
            "병원":60,
            "종합병원":100,
            "공원":100,
            "혐오시설":0,
            "인프라총점":83.0,
            "초등학군":89.97,
            "중학군":58.06,
            "학군총점":64.442,
            "인구수":18.23,
            "인구증감":-1.61,
            "인구총점":12.278,
            "일자리":7.78,
            "소득수준":61.54,
            "일자리총점":23.908,
            "가치 총점":58.2163,
            "매매실거래년":20220122.0,
            "매매실거래가":67000.0,
            "전세실거래년":20211015.0,
            "전세실거래가":43000.0,
            "전세가율":64.18,
            "장기전세가율평균":73.25,
            "전세가율거품지수":9.07,
            "검색코드":26700,
            "세대수":322.0,
            "준공년월":"2002-10-19",
            "준공년차":21.0,
            "가까운역이름":"안양농수산물시장 (2028년 예정)",
            "가까운역거리":743.2,
            "역세권여부":"준역세권",
            "30분이내주요거점역":1,
            "30분거점역이름":"['평촌']",
            "1시간이내주요거점역":7,
            "1시간거점역이름":"['강남', '양재', '수원시청', '평촌', '가산디지털단지', '수원', '안산']",
            "3km이내백화점수":1,
            "5km이내아울렛몰수":2,
            "1km이내대형먀트수":1,
            "500m이내은행수":2,
            "500m이내병원수":15,
            "5km이내대형병원수":5,
            "500m이내공원수":2,
            "3km이내혐오시설수":0,
            "초등학교학업성취도":89.97,
            "중학교학업성취도":91.7,
            "용적률":227,
            "건폐율":14,
            "Y":37.376352,
            "X":126.970105,
            "rank":13.0,
            "area_info":"24평(82.63), 34평(112.99)",
            "last_sales":"2022-01-22,67000.0,24평(82.63)",
            "rank_history":[
                [
                    "202203",
                    13
                ],
                [
                    "202202",
                    25
                ],
                [
                    "202201",
                    16
                ]
            ],
            "rank_gap":12
        },
        {
            "index":225,
            "아파트명":"인덕원삼호",
            "투자타입":"재건축",
            "전용면적(m2)":"100.27",
            "전용면적(평)":"30평",
            "법정동주소":"경기도 의왕시 포일동 441-2",
            "도로명주소":"경기도 의왕시 안양판교로 64",
            "세대수":50,
            "입주년차":"--",
            "용적률점수":0,
            "건폐율점수":80,
            "세대당주차수":"--",
            "난방방식":"--",
            "공급면적":90,
            "전용률":80,
            "욕실수":"--",
            "현관타입":"--",
            "주거총점":39.5,
            "지역구공급총점":0.0,
            "역세권":50,
            "30분내 이동가능 거점":20,
            "1시간내 이동가능 거점":100,
            "교통총점":51.0,
            "백화점":100,
            "아울렛몰":80,
            "대형마트":80,
            "은행":0,
            "병원":60,
            "종합병원":100,
            "공원":80,
            "혐오시설":0,
            "인프라총점":78.4,
            "초등학군":90.0,
            "중학군":45.62,
            "학군총점":54.496,
            "인구수":18.23,
            "인구증감":-1.61,
            "인구총점":12.278,
            "일자리":7.78,
            "소득수준":61.54,
            "일자리총점":23.908,
            "가치 총점":57.4444,
            "매매실거래년":20220115.0,
            "매매실거래가":95000.0,
            "전세실거래년":20220222.0,
            "전세실거래가":33000.0,
            "전세가율":34.74,
            "장기전세가율평균":73.25,
            "전세가율거품지수":38.51,
            "검색코드":2811,
            "세대수":684.0,
            "준공년월":"1991-04-09",
            "준공년차":32.0,
            "가까운역이름":"인덕원",
            "가까운역거리":648.29,
            "역세권여부":"준역세권",
            "30분이내주요거점역":1,
            "30분거점역이름":"['평촌']",
            "1시간이내주요거점역":17,
            "1시간거점역이름":"['강남', '역삼', '잠실', '판교', '여의도', '양재', '수원시청', '평촌', '가산디지털단지', '왕십리', '홍대입구', '수원', '구로디지털단지', '명동', '안산', '서현', 'GTX성남(2023년)']",
            "3km이내백화점수":1,
            "5km이내아울렛몰수":1,
            "1km이내대형먀트수":1,
            "500m이내은행수":1,
            "500m이내병원수":13,
            "5km이내대형병원수":2,
            "500m이내공원수":1,
            "3km이내혐오시설수":0,
            "초등학교학업성취도":90.0,
            "중학교학업성취도":72.5,
            "용적률":247,
            "건폐율":21,
            "Y":37.39684,
            "X":126.9811,
            "rank":14.0,
            "area_info":"30평(100.27), 44평(145.85)",
            "last_sales":"2022-01-15,95000.0,30평(100.27)",
            "rank_history":[
                [
                    "202203",
                    14
                ],
                [
                    "202202",
                    4
                ],
                [
                    "202201",
                    7
                ]
            ],
            "rank_gap":-10
        },
        {
            "index":25,
            "아파트명":"삼성래미안",
            "투자타입":"일반",
            "전용면적(m2)":"80.76",
            "전용면적(평)":"24평",
            "법정동주소":"경기도 의왕시 내손동 414",
            "도로명주소":"경기도 의왕시 포일로 39",
            "세대수":50,
            "입주년차":20,
            "용적률점수":"--",
            "건폐율점수":"--",
            "세대당주차수":0,
            "난방방식":30,
            "공급면적":"--",
            "전용률":"--",
            "욕실수":50,
            "현관타입":100,
            "주거총점":39.5,
            "지역구공급총점":0.0,
            "역세권":50,
            "30분내 이동가능 거점":20,
            "1시간내 이동가능 거점":100,
            "교통총점":51.0,
            "백화점":100,
            "아울렛몰":80,
            "대형마트":0,
            "은행":70,
            "병원":60,
            "종합병원":100,
            "공원":100,
            "혐오시설":0,
            "인프라총점":74.0,
            "초등학군":89.97,
            "중학군":51.8,
            "학군총점":59.434,
            "인구수":18.23,
            "인구증감":-1.61,
            "인구총점":12.278,
            "일자리":7.78,
            "소득수준":61.54,
            "일자리총점":23.908,
            "가치 총점":56.8651,
            "매매실거래년":20220215.0,
            "매매실거래가":78000.0,
            "전세실거래년":20220212.0,
            "전세실거래가":39000.0,
            "전세가율":56.12,
            "장기전세가율평균":73.25,
            "전세가율거품지수":17.13,
            "검색코드":8637,
            "세대수":586.0,
            "준공년월":"2001-04-16",
            "준공년차":22.0,
            "가까운역이름":"안양농수산물시장 (2028년 예정)",
            "가까운역거리":822.54,
            "역세권여부":"준역세권",
            "30분이내주요거점역":1,
            "30분거점역이름":"['평촌']",
            "1시간이내주요거점역":10,
            "1시간거점역이름":"['강남', '역삼', '판교', '여의도', '양재', '평촌', '가산디지털단지', '수원', '명동', '안산']",
            "3km이내백화점수":1,
            "5km이내아울렛몰수":1,
            "1km이내대형먀트수":0,
            "500m이내은행수":4,
            "500m이내병원수":23,
            "5km이내대형병원수":4,
            "500m이내공원수":6,
            "3km이내혐오시설수":0,
            "초등학교학업성취도":89.97,
            "중학교학업성취도":81.8,
            "용적률":305,
            "건폐율":22,
            "Y":37.389637,
            "X":126.975717,
            "rank":15.0,
            "area_info":"24평(80.76), 32평(108.48)",
            "last_sales":"2022-02-15,78000.0,32평(108.48)",
            "rank_history":[
                [
                    "202203",
                    15
                ],
                [
                    "202202",
                    27
                ],
                [
                    "202201",
                    19
                ]
            ],
            "rank_gap":12
        },
        {
            "index":264,
            "아파트명":"호수마을위브2단지",
            "투자타입":"일반",
            "전용면적(m2)":"79.54",
            "전용면적(평)":"24평",
            "법정동주소":"경기도 의왕시 포일동 643",
            "도로명주소":"경기도 의왕시 흥안대로434번길 86",
            "세대수":50,
            "입주년차":60,
            "용적률점수":"--",
            "건폐율점수":"--",
            "세대당주차수":30,
            "난방방식":100,
            "공급면적":"--",
            "전용률":"--",
            "욕실수":100,
            "현관타입":100,
            "주거총점":64.0,
            "지역구공급총점":0.0,
            "역세권":0,
            "30분내 이동가능 거점":20,
            "1시간내 이동가능 거점":100,
            "교통총점":26.0,
            "백화점":100,
            "아울렛몰":80,
            "대형마트":80,
            "은행":70,
            "병원":60,
            "종합병원":100,
            "공원":100,
            "혐오시설":0,
            "인프라총점":86.0,
            "초등학군":89.99,
            "중학군":51.8,
            "학군총점":59.438,
            "인구수":18.23,
            "인구증감":-1.61,
            "인구총점":12.278,
            "일자리":7.78,
            "소득수준":61.54,
            "일자리총점":23.908,
            "가치 총점":56.6157,
            "매매실거래년":20211209.0,
            "매매실거래가":85000.0,
            "전세실거래년":20220214.0,
            "전세실거래가":40950.0,
            "전세가율":48.75,
            "장기전세가율평균":73.25,
            "전세가율거품지수":24.5,
            "검색코드":26414,
            "세대수":447.0,
            "준공년월":"2009-10-30",
            "준공년차":14.0,
            "가까운역이름":"인덕원",
            "가까운역거리":1143.59,
            "역세권여부":"비역세권",
            "30분이내주요거점역":1,
            "30분거점역이름":"['평촌']",
            "1시간이내주요거점역":11,
            "1시간거점역이름":"['강남', '역삼', '판교', '여의도', '양재', '수원시청', '평촌', '가산디지털단지', '수원', '구로디지털단지', '안산']",
            "3km이내백화점수":1,
            "5km이내아울렛몰수":1,
            "1km이내대형먀트수":1,
            "500m이내은행수":3,
            "500m이내병원수":24,
            "5km이내대형병원수":4,
            "500m이내공원수":6,
            "3km이내혐오시설수":0,
            "초등학교학업성취도":89.99,
            "중학교학업성취도":81.8,
            "용적률":285,
            "건폐율":21,
            "Y":37.391511,
            "X":126.979791,
            "rank":16.0,
            "area_info":"24평(79.54), 25평(83.08), 28평(92.76), 28평(92.93), 32평(106.08)",
            "last_sales":"2021-12-09,85000.0,28평(92.76)",
            "rank_history":[
                [
                    "202203",
                    16
                ],
                [
                    "202202",
                    8
                ],
                [
                    "202201",
                    12
                ]
            ],
            "rank_gap":-8
        },
        {
            "index":262,
            "아파트명":"호수마을위브1단지",
            "투자타입":"일반",
            "전용면적(m2)":"85.3",
            "전용면적(평)":"25평",
            "법정동주소":"경기도 의왕시 포일동 638",
            "도로명주소":"경기도 의왕시 평의길 48",
            "세대수":50,
            "입주년차":60,
            "용적률점수":"--",
            "건폐율점수":"--",
            "세대당주차수":30,
            "난방방식":100,
            "공급면적":"--",
            "전용률":"--",
            "욕실수":100,
            "현관타입":100,
            "주거총점":64.0,
            "지역구공급총점":0.0,
            "역세권":0,
            "30분내 이동가능 거점":20,
            "1시간내 이동가능 거점":100,
            "교통총점":26.0,
            "백화점":100,
            "아울렛몰":80,
            "대형마트":80,
            "은행":70,
            "병원":60,
            "종합병원":100,
            "공원":100,
            "혐오시설":0,
            "인프라총점":86.0,
            "초등학군":89.99,
            "중학군":51.8,
            "학군총점":59.438,
            "인구수":18.23,
            "인구증감":-1.61,
            "인구총점":12.278,
            "일자리":7.78,
            "소득수준":61.54,
            "일자리총점":23.908,
            "가치 총점":56.6157,
            "매매실거래년":20211001.0,
            "매매실거래가":83700.0,
            "전세실거래년":20211018.0,
            "전세실거래가":37000.0,
            "전세가율":44.21,
            "장기전세가율평균":73.25,
            "전세가율거품지수":29.04,
            "검색코드":24900,
            "세대수":450.0,
            "준공년월":"2009-07-10",
            "준공년차":14.0,
            "가까운역이름":"안양농수산물시장 (2028년 예정)",
            "가까운역거리":1046.1,
            "역세권여부":"비역세권",
            "30분이내주요거점역":1,
            "30분거점역이름":"['평촌']",
            "1시간이내주요거점역":11,
            "1시간거점역이름":"['강남', '역삼', '판교', '여의도', '양재', '수원시청', '평촌', '가산디지털단지', '수원', '구로디지털단지', '안산']",
            "3km이내백화점수":1,
            "5km이내아울렛몰수":1,
            "1km이내대형먀트수":1,
            "500m이내은행수":4,
            "500m이내병원수":29,
            "5km이내대형병원수":4,
            "500m이내공원수":4,
            "3km이내혐오시설수":0,
            "초등학교학업성취도":89.99,
            "중학교학업성취도":81.8,
            "용적률":277,
            "건폐율":22,
            "Y":37.390778,
            "X":126.978367,
            "rank":16.0,
            "area_info":"25평(85.3), 33평(110.35)",
            "last_sales":"2021-10-01,83700.0,25평(85.3)",
            "rank_history":[
                [
                    "202203",
                    16
                ],
                [
                    "202202",
                    6
                ],
                [
                    "202201",
                    10
                ]
            ],
            "rank_gap":-10
        },
        {
            "index":158,
            "아파트명":"의왕더샵캐슬",
            "투자타입":"일반",
            "전용면적(m2)":"83.24",
            "전용면적(평)":"25평",
            "법정동주소":"경기도 의왕시 오전동 52",
            "도로명주소":"경기도 의왕시 어내들로 5",
            "세대수":90,
            "입주년차":100,
            "용적률점수":"--",
            "건폐율점수":"--",
            "세대당주차수":30,
            "난방방식":30,
            "공급면적":"--",
            "전용률":"--",
            "욕실수":100,
            "현관타입":100,
            "주거총점":79.0,
            "지역구공급총점":0.0,
            "역세권":80,
            "30분내 이동가능 거점":0,
            "1시간내 이동가능 거점":70,
            "교통총점":54.0,
            "백화점":0,
            "아울렛몰":100,
            "대형마트":0,
            "은행":20,
            "병원":60,
            "종합병원":100,
            "공원":100,
            "혐오시설":0,
            "인프라총점":41.0,
            "초등학군":90.08,
            "중학군":53.82,
            "학군총점":61.072,
            "인구수":18.23,
            "인구증감":-1.61,
            "인구총점":12.278,
            "일자리":7.78,
            "소득수준":61.54,
            "일자리총점":23.908,
            "가치 총점":56.1608,
            "매매실거래년":20210514.0,
            "매매실거래가":78574.0,
            "전세실거래년":null,
            "전세실거래가":null,
            "전세가율":null,
            "장기전세가율평균":73.25,
            "전세가율거품지수":null,
            "검색코드":121667,
            "세대수":941.0,
            "준공년월":"2021-06-01",
            "준공년차":2.0,
            "가까운역이름":"오전 (2028년 예정)",
            "가까운역거리":398.98,
            "역세권여부":"역세권",
            "30분이내주요거점역":0,
            "30분거점역이름":"[]",
            "1시간이내주요거점역":7,
            "1시간거점역이름":"['역삼', '양재', '수원시청', '평촌', '가산디지털단지', '수원', '구로디지털단지']",
            "3km이내백화점수":0,
            "5km이내아울렛몰수":2,
            "1km이내대형먀트수":0,
            "500m이내은행수":2,
            "500m이내병원수":18,
            "5km이내대형병원수":4,
            "500m이내공원수":2,
            "3km이내혐오시설수":0,
            "초등학교학업성취도":90.08,
            "중학교학업성취도":87.3,
            "용적률":297,
            "건폐율":20,
            "Y":37.361721,
            "X":126.96464,
            "rank":17.0,
            "area_info":"25평(83.24), 25평(83.24), 34평(112.89), 34평(113.97), 42평(139.94)",
            "last_sales":"2021-05-14,78574.0,25평(83.24)",
            "rank_history":[
                [
                    "202203",
                    17
                ],
                [
                    "202202",
                    32
                ],
                [
                    "202201",
                    30
                ]
            ],
            "rank_gap":15
        },
        {
            "index":166,
            "아파트명":"의왕서해그랑블블루스퀘어",
            "투자타입":"일반",
            "전용면적(m2)":"117.22",
            "전용면적(평)":"35평",
            "법정동주소":"경기도 의왕시 오전동 892",
            "도로명주소":"경기도 의왕시 경수대로 262",
            "세대수":50,
            "입주년차":80,
            "용적률점수":"--",
            "건폐율점수":"--",
            "세대당주차수":30,
            "난방방식":30,
            "공급면적":"--",
            "전용률":"--",
            "욕실수":100,
            "현관타입":100,
            "주거총점":61.0,
            "지역구공급총점":0.0,
            "역세권":80,
            "30분내 이동가능 거점":0,
            "1시간내 이동가능 거점":70,
            "교통총점":54.0,
            "백화점":0,
            "아울렛몰":100,
            "대형마트":80,
            "은행":20,
            "병원":60,
            "종합병원":100,
            "공원":100,
            "혐오시설":0,
            "인프라총점":53.0,
            "초등학군":89.99,
            "중학군":47.1,
            "학군총점":55.678,
            "인구수":18.23,
            "인구증감":-1.61,
            "인구총점":12.278,
            "일자리":7.78,
            "소득수준":61.54,
            "일자리총점":23.908,
            "가치 총점":55.3517,
            "매매실거래년":20210727.0,
            "매매실거래가":82000.0,
            "전세실거래년":20210904.0,
            "전세실거래가":40000.0,
            "전세가율":49.69,
            "장기전세가율평균":73.25,
            "전세가율거품지수":23.56,
            "검색코드":109530,
            "세대수":536.0,
            "준공년월":"2018-11-22",
            "준공년차":5.0,
            "가까운역이름":"의왕시청 (2028년 예정)",
            "가까운역거리":298.81,
            "역세권여부":"역세권",
            "30분이내주요거점역":0,
            "30분거점역이름":"[]",
            "1시간이내주요거점역":7,
            "1시간거점역이름":"['강남', '수원시청', '평촌', '가산디지털단지', '수원', '구로디지털단지', '안산']",
            "3km이내백화점수":0,
            "5km이내아울렛몰수":2,
            "1km이내대형먀트수":1,
            "500m이내은행수":2,
            "500m이내병원수":14,
            "5km이내대형병원수":4,
            "500m이내공원수":3,
            "3km이내혐오시설수":0,
            "초등학교학업성취도":89.99,
            "중학교학업성취도":78.5,
            "용적률":701,
            "건폐율":74,
            "Y":37.350432,
            "X":126.973317,
            "rank":18.0,
            "area_info":"35평(117.22), 35평(117.83), 35평(118.05), 35평(118.28), 35평(118.16), 35평(118.02), 35평(118.25), 65평(216.93)",
            "last_sales":"2021-07-27,82000.0,35평(118.25)",
            "rank_history":[
                [
                    "202203",
                    18
                ],
                [
                    "202202",
                    30
                ],
                [
                    "202201",
                    29
                ]
            ],
            "rank_gap":12
        },
        {
            "index":119,
            "아파트명":"디에이루미체",
            "투자타입":"일반",
            "전용면적(m2)":"103.26",
            "전용면적(평)":"31평",
            "법정동주소":"경기도 의왕시 오전동 377",
            "도로명주소":"경기도 의왕시 오전천로 35",
            "세대수":0,
            "입주년차":100,
            "용적률점수":"--",
            "건폐율점수":"--",
            "세대당주차수":30,
            "난방방식":30,
            "공급면적":"--",
            "전용률":"--",
            "욕실수":100,
            "현관타입":100,
            "주거총점":47.5,
            "지역구공급총점":0.0,
            "역세권":80,
            "30분내 이동가능 거점":0,
            "1시간내 이동가능 거점":100,
            "교통총점":60.0,
            "백화점":0,
            "아울렛몰":100,
            "대형마트":80,
            "은행":0,
            "병원":60,
            "종합병원":100,
            "공원":100,
            "혐오시설":0,
            "인프라총점":51.0,
            "초등학군":89.99,
            "중학군":47.1,
            "학군총점":55.678,
            "인구수":18.23,
            "인구증감":-1.61,
            "인구총점":12.278,
            "일자리":7.78,
            "소득수준":61.54,
            "일자리총점":23.908,
            "가치 총점":54.1517,
            "매매실거래년":"18000101",
            "매매실거래가":null,
            "전세실거래년":20220204.0,
            "전세실거래가":40000.0,
            "전세가율":null,
            "장기전세가율평균":73.25,
            "전세가율거품지수":null,
            "검색코드":128971,
            "세대수":65.0,
            "준공년월":"2021-11-16",
            "준공년차":2.0,
            "가까운역이름":"의왕시청 (2028년 예정)",
            "가까운역거리":369.54,
            "역세권여부":"역세권",
            "30분이내주요거점역":0,
            "30분거점역이름":"[]",
            "1시간이내주요거점역":12,
            "1시간거점역이름":"['강남', '역삼', '잠실', '양재', '정자', '수원시청', '평촌', '가산디지털단지', '수원', '구로디지털단지', '안산', '서현']",
            "3km이내백화점수":0,
            "5km이내아울렛몰수":2,
            "1km이내대형먀트수":1,
            "500m이내은행수":1,
            "500m이내병원수":16,
            "5km이내대형병원수":4,
            "500m이내공원수":3,
            "3km이내혐오시설수":0,
            "초등학교학업성취도":89.99,
            "중학교학업성취도":78.5,
            "용적률":499,
            "건폐율":57,
            "Y":37.350223,
            "X":126.977531,
            "rank":19.0,
            "area_info":"31평(103.26), 31평(103.1)",
            "last_sales":"1800-01-01,nan,31평(103.26)",
            "rank_history":[
                [
                    "202203",
                    19
                ],
                [
                    "202202",
                    9999
                ]
            ],
            "rank_gap":9999
        },
        {
            "index":130,
            "아파트명":"민들레베스파트",
            "투자타입":"일반",
            "전용면적(m2)":"74.86",
            "전용면적(평)":"22평",
            "법정동주소":"경기도 의왕시 오전동 388-1",
            "도로명주소":"경기도 의왕시 오전천로 54",
            "세대수":30,
            "입주년차":20,
            "용적률점수":"--",
            "건폐율점수":"--",
            "세대당주차수":30,
            "난방방식":30,
            "공급면적":"--",
            "전용률":"--",
            "욕실수":100,
            "현관타입":100,
            "주거총점":42.0,
            "지역구공급총점":0.0,
            "역세권":80,
            "30분내 이동가능 거점":0,
            "1시간내 이동가능 거점":100,
            "교통총점":60.0,
            "백화점":0,
            "아울렛몰":100,
            "대형마트":80,
            "은행":0,
            "병원":30,
            "종합병원":100,
            "공원":100,
            "혐오시설":0,
            "인프라총점":48.0,
            "초등학군":89.99,
            "중학군":49.34,
            "학군총점":57.47,
            "인구수":18.23,
            "인구증감":-1.61,
            "인구총점":12.278,
            "일자리":7.78,
            "소득수준":61.54,
            "일자리총점":23.908,
            "가치 총점":52.4205,
            "매매실거래년":20211210.0,
            "매매실거래가":50000.0,
            "전세실거래년":20220121.0,
            "전세실거래가":30000.0,
            "전세가율":60.0,
            "장기전세가율평균":73.25,
            "전세가율거품지수":13.25,
            "검색코드":8533,
            "세대수":369.0,
            "준공년월":"2000-06-23",
            "준공년차":23.0,
            "가까운역이름":"의왕시청 (2028년 예정)",
            "가까운역거리":472.55,
            "역세권여부":"역세권",
            "30분이내주요거점역":0,
            "30분거점역이름":"[]",
            "1시간이내주요거점역":12,
            "1시간거점역이름":"['강남', '역삼', '잠실', '을지로3가', '양재', '정자', '평촌', '가산디지털단지', '수원', '안산', '서현', 'GTX성남(2023년)']",
            "3km이내백화점수":0,
            "5km이내아울렛몰수":2,
            "1km이내대형먀트수":1,
            "500m이내은행수":0,
            "500m이내병원수":9,
            "5km이내대형병원수":3,
            "500m이내공원수":2,
            "3km이내혐오시설수":0,
            "초등학교학업성취도":89.99,
            "중학교학업성취도":81.7,
            "용적률":307,
            "건폐율":20,
            "Y":37.349303,
            "X":126.979572,
            "rank":20.0,
            "area_info":"22평(74.86), 32평(106.02), 43평(144.35)",
            "last_sales":"2021-12-10,50000.0,22평(74.86)",
            "rank_history":[
                [
                    "202203",
                    20
                ],
                [
                    "202202",
                    37
                ],
                [
                    "202201",
                    34
                ]
            ],
            "rank_gap":17
        },
        {
            "index":127,
            "아파트명":"목화케이티이자리에",
            "투자타입":"일반",
            "전용면적(m2)":"106.76",
            "전용면적(평)":"32평",
            "법정동주소":"경기도 의왕시 오전동 333",
            "도로명주소":"경기도 의왕시 전주남이길 8",
            "세대수":0,
            "입주년차":40,
            "용적률점수":"--",
            "건폐율점수":"--",
            "세대당주차수":30,
            "난방방식":30,
            "공급면적":"--",
            "전용률":"--",
            "욕실수":100,
            "현관타입":100,
            "주거총점":35.5,
            "지역구공급총점":0.0,
            "역세권":80,
            "30분내 이동가능 거점":0,
            "1시간내 이동가능 거점":100,
            "교통총점":60.0,
            "백화점":0,
            "아울렛몰":100,
            "대형마트":80,
            "은행":20,
            "병원":60,
            "종합병원":100,
            "공원":100,
            "혐오시설":0,
            "인프라총점":53.0,
            "초등학군":89.99,
            "중학군":47.1,
            "학군총점":55.678,
            "인구수":18.23,
            "인구증감":-1.61,
            "인구총점":12.278,
            "일자리":7.78,
            "소득수준":61.54,
            "일자리총점":23.908,
            "가치 총점":52.3517,
            "매매실거래년":20211105.0,
            "매매실거래가":66000.0,
            "전세실거래년":20210901.0,
            "전세실거래가":30000.0,
            "전세가율":45.45,
            "장기전세가율평균":73.25,
            "전세가율거품지수":27.8,
            "검색코드":12916,
            "세대수":182.0,
            "준공년월":"2004-11-29",
            "준공년차":19.0,
            "가까운역이름":"의왕시청 (2028년 예정)",
            "가까운역거리":273.84,
            "역세권여부":"역세권",
            "30분이내주요거점역":0,
            "30분거점역이름":"[]",
            "1시간이내주요거점역":11,
            "1시간거점역이름":"['강남', '역삼', '잠실', '정자', '수원시청', '평촌', '가산디지털단지', '수원', '구로디지털단지', '안산', '서현']",
            "3km이내백화점수":0,
            "5km이내아울렛몰수":2,
            "1km이내대형먀트수":1,
            "500m이내은행수":2,
            "500m이내병원수":19,
            "5km이내대형병원수":4,
            "500m이내공원수":3,
            "3km이내혐오시설수":0,
            "초등학교학업성취도":89.99,
            "중학교학업성취도":78.5,
            "용적률":393,
            "건폐율":28,
            "Y":37.350268,
            "X":126.975451,
            "rank":21.0,
            "area_info":"32평(106.76)",
            "last_sales":"2021-11-05,66000.0,32평(106.76)",
            "rank_history":[
                [
                    "202203",
                    21
                ],
                [
                    "202202",
                    42
                ],
                [
                    "202201",
                    40
                ]
            ],
            "rank_gap":21
        },
        {
            "index":74,
            "아파트명":"우성5차",
            "투자타입":"재건축",
            "전용면적(m2)":"49.57",
            "전용면적(평)":"14평",
            "법정동주소":"경기도 의왕시 삼동 146",
            "도로명주소":"경기도 의왕시 부곡초등1길 16",
            "세대수":50,
            "입주년차":"--",
            "용적률점수":100,
            "건폐율점수":60,
            "세대당주차수":"--",
            "난방방식":"--",
            "공급면적":50,
            "전용률":60,
            "욕실수":"--",
            "현관타입":"--",
            "주거총점":72.5,
            "지역구공급총점":0.0,
            "역세권":50,
            "30분내 이동가능 거점":20,
            "1시간내 이동가능 거점":50,
            "교통총점":41.0,
            "백화점":0,
            "아울렛몰":80,
            "대형마트":80,
            "은행":0,
            "병원":60,
            "종합병원":100,
            "공원":100,
            "혐오시설":0,
            "인프라총점":49.0,
            "초등학군":90.01,
            "중학군":46.2,
            "학군총점":54.962,
            "인구수":18.23,
            "인구증감":-1.61,
            "인구총점":12.278,
            "일자리":7.78,
            "소득수준":61.54,
            "일자리총점":23.908,
            "가치 총점":51.7943,
            "매매실거래년":20210709.0,
            "매매실거래가":45000.0,
            "전세실거래년":20211216.0,
            "전세실거래가":8400.0,
            "전세가율":25.07,
            "장기전세가율평균":73.25,
            "전세가율거품지수":48.18,
            "검색코드":100528,
            "세대수":545.0,
            "준공년월":"1986-01-24",
            "준공년차":37.0,
            "가까운역이름":"의왕",
            "가까운역거리":624.08,
            "역세권여부":"준역세권",
            "30분이내주요거점역":1,
            "30분거점역이름":"['수원']",
            "1시간이내주요거점역":5,
            "1시간거점역이름":"['수원시청', '평촌', '가산디지털단지', '수원', '구로디지털단지']",
            "3km이내백화점수":0,
            "5km이내아울렛몰수":1,
            "1km이내대형먀트수":1,
            "500m이내은행수":0,
            "500m이내병원수":24,
            "5km이내대형병원수":2,
            "500m이내공원수":2,
            "3km이내혐오시설수":0,
            "초등학교학업성취도":90.01,
            "중학교학업성취도":76.0,
            "용적률":149,
            "건폐율":34,
            "Y":37.316926,
            "X":126.953576,
            "rank":22.0,
            "area_info":"14평(49.57), 15평(52.48), 17평(58.32), 18평(61.23), 19평(64.15), 19평(65.23), 22평(75.81)",
            "last_sales":"2021-07-09,45000.0,18평(61.23)",
            "rank_history":[
                [
                    "202203",
                    22
                ],
                [
                    "202202",
                    5
                ],
                [
                    "202201",
                    8
                ]
            ],
            "rank_gap":-17
        },
        {
            "index":190,
            "아파트명":"충무",
            "투자타입":"일반",
            "전용면적(m2)":"124.73",
            "전용면적(평)":"37평",
            "법정동주소":"경기도 의왕시 왕곡동 603",
            "도로명주소":"경기도 의왕시 왕곡로 56",
            "세대수":30,
            "입주년차":0,
            "용적률점수":"--",
            "건폐율점수":"--",
            "세대당주차수":30,
            "난방방식":30,
            "공급면적":"--",
            "전용률":"--",
            "욕실수":100,
            "현관타입":100,
            "주거총점":38.0,
            "지역구공급총점":0.0,
            "역세권":80,
            "30분내 이동가능 거점":0,
            "1시간내 이동가능 거점":100,
            "교통총점":60.0,
            "백화점":0,
            "아울렛몰":100,
            "대형마트":80,
            "은행":0,
            "병원":30,
            "종합병원":100,
            "공원":100,
            "혐오시설":0,
            "인프라총점":48.0,
            "초등학군":89.99,
            "중학군":47.1,
            "학군총점":55.678,
            "인구수":18.23,
            "인구증감":-1.61,
            "인구총점":12.278,
            "일자리":7.78,
            "소득수준":61.54,
            "일자리총점":23.908,
            "가치 총점":51.3517,
            "매매실거래년":20210810.0,
            "매매실거래가":60000.0,
            "전세실거래년":20211105.0,
            "전세실거래가":35000.0,
            "전세가율":59.32,
            "장기전세가율평균":73.25,
            "전세가율거품지수":13.93,
            "검색코드":2085,
            "세대수":332.0,
            "준공년월":"1994-03-17",
            "준공년차":29.0,
            "가까운역이름":"의왕시청 (2028년 예정)",
            "가까운역거리":447.09,
            "역세권여부":"역세권",
            "30분이내주요거점역":0,
            "30분거점역이름":"[]",
            "1시간이내주요거점역":12,
            "1시간거점역이름":"['강남', '역삼', '잠실', '을지로3가', '양재', '정자', '수원시청', '평촌', '가산디지털단지', '수원', '서현', 'GTX성남(2023년)']",
            "3km이내백화점수":0,
            "5km이내아울렛몰수":2,
            "1km이내대형먀트수":1,
            "500m이내은행수":0,
            "500m이내병원수":9,
            "5km이내대형병원수":2,
            "500m이내공원수":3,
            "3km이내혐오시설수":0,
            "초등학교학업성취도":89.99,
            "중학교학업성취도":78.5,
            "용적률":199,
            "건폐율":17,
            "Y":37.345592,
            "X":126.978641,
            "rank":23.0,
            "area_info":"37평(124.73), 47평(158.35)",
            "last_sales":"2021-08-10,60000.0,47평(158.35)",
            "rank_history":[
                [
                    "202203",
                    23
                ],
                [
                    "202202",
                    40
                ],
                [
                    "202201",
                    38
                ]
            ],
            "rank_gap":17
        },
        {
            "index":163,
            "아파트명":"의왕모락산동문굿모닝힐",
            "투자타입":"일반",
            "전용면적(m2)":"109.99",
            "전용면적(평)":"33평",
            "법정동주소":"경기도 의왕시 오전동 886",
            "도로명주소":"경기도 의왕시 전주남이4길 17",
            "세대수":0,
            "입주년차":40,
            "용적률점수":"--",
            "건폐율점수":"--",
            "세대당주차수":30,
            "난방방식":30,
            "공급면적":"--",
            "전용률":"--",
            "욕실수":100,
            "현관타입":100,
            "주거총점":35.5,
            "지역구공급총점":0.0,
            "역세권":80,
            "30분내 이동가능 거점":0,
            "1시간내 이동가능 거점":80,
            "교통총점":56.0,
            "백화점":0,
            "아울렛몰":100,
            "대형마트":80,
            "은행":20,
            "병원":60,
            "종합병원":100,
            "공원":80,
            "혐오시설":0,
            "인프라총점":52.4,
            "초등학군":89.99,
            "중학군":47.1,
            "학군총점":55.678,
            "인구수":18.23,
            "인구증감":-1.61,
            "인구총점":12.278,
            "일자리":7.78,
            "소득수준":61.54,
            "일자리총점":23.908,
            "가치 총점":50.7717,
            "매매실거래년":20211202.0,
            "매매실거래가":73700.0,
            "전세실거래년":20211002.0,
            "전세실거래가":45000.0,
            "전세가율":69.23,
            "장기전세가율평균":73.25,
            "전세가율거품지수":4.02,
            "검색코드":26673,
            "세대수":176.0,
            "준공년월":"2008-10-30",
            "준공년차":15.0,
            "가까운역이름":"의왕시청 (2028년 예정)",
            "가까운역거리":437.89,
            "역세권여부":"역세권",
            "30분이내주요거점역":0,
            "30분거점역이름":"[]",
            "1시간이내주요거점역":8,
            "1시간거점역이름":"['강남', '잠실', '양재', '수원시청', '평촌', '가산디지털단지', '수원', '서현']",
            "3km이내백화점수":0,
            "5km이내아울렛몰수":2,
            "1km이내대형먀트수":1,
            "500m이내은행수":2,
            "500m이내병원수":14,
            "5km이내대형병원수":4,
            "500m이내공원수":1,
            "3km이내혐오시설수":0,
            "초등학교학업성취도":89.99,
            "중학교학업성취도":78.5,
            "용적률":249,
            "건폐율":27,
            "Y":37.351617,
            "X":126.976223,
            "rank":24.0,
            "area_info":"33평(109.99), 33평(110.99), 33평(111.32)",
            "last_sales":"2021-12-02,73700.0,33평(110.99)",
            "rank_history":[
                [
                    "202203",
                    24
                ],
                [
                    "202202",
                    39
                ],
                [
                    "202201",
                    37
                ]
            ],
            "rank_gap":15
        },
        {
            "index":222,
            "아파트명":"인덕원동아에코빌",
            "투자타입":"일반",
            "전용면적(m2)":"81.46",
            "전용면적(평)":"24평",
            "법정동주소":"경기도 의왕시 포일동 518",
            "도로명주소":"경기도 의왕시 흥안대로456번길 125",
            "세대수":50,
            "입주년차":20,
            "용적률점수":"--",
            "건폐율점수":"--",
            "세대당주차수":0,
            "난방방식":30,
            "공급면적":"--",
            "전용률":"--",
            "욕실수":100,
            "현관타입":100,
            "주거총점":44.5,
            "지역구공급총점":0.0,
            "역세권":0,
            "30분내 이동가능 거점":20,
            "1시간내 이동가능 거점":100,
            "교통총점":26.0,
            "백화점":100,
            "아울렛몰":80,
            "대형마트":80,
            "은행":0,
            "병원":60,
            "종합병원":100,
            "공원":100,
            "혐오시설":0,
            "인프라총점":79.0,
            "초등학군":89.98,
            "중학군":51.8,
            "학군총점":59.436,
            "인구수":18.23,
            "인구증감":-1.61,
            "인구총점":12.278,
            "일자리":7.78,
            "소득수준":61.54,
            "일자리총점":23.908,
            "가치 총점":50.6154,
            "매매실거래년":20211027.0,
            "매매실거래가":71000.0,
            "전세실거래년":20211218.0,
            "전세실거래가":30400.0,
            "전세가율":42.82,
            "장기전세가율평균":73.25,
            "전세가율거품지수":30.43,
            "검색코드":8216,
            "세대수":541.0,
            "준공년월":"2001-06-25",
            "준공년차":22.0,
            "가까운역이름":"청계 (2026년 예정)",
            "가까운역거리":1049.31,
            "역세권여부":"비역세권",
            "30분이내주요거점역":1,
            "30분거점역이름":"['평촌']",
            "1시간이내주요거점역":12,
            "1시간거점역이름":"['강남', '역삼', '판교', '여의도', '양재', '수원시청', '평촌', '가산디지털단지', '수원', '구로디지털단지', '명동', 'GTX성남(2023년)']",
            "3km이내백화점수":1,
            "5km이내아울렛몰수":1,
            "1km이내대형먀트수":1,
            "500m이내은행수":1,
            "500m이내병원수":13,
            "5km이내대형병원수":3,
            "500m이내공원수":6,
            "3km이내혐오시설수":0,
            "초등학교학업성취도":89.98,
            "중학교학업성취도":81.8,
            "용적률":378,
            "건폐율":25,
            "Y":37.392418,
            "X":126.982579,
            "rank":25.0,
            "area_info":"24평(81.46), 32평(108.47), 32평(108.48)",
            "last_sales":"2021-10-27,71000.0,24평(81.46)",
            "rank_history":[
                [
                    "202203",
                    25
                ],
                [
                    "202202",
                    21
                ],
                [
                    "202201",
                    25
                ]
            ],
            "rank_gap":-4
        },
        {
            "index":236,
            "아파트명":"인덕원숲속마을4단지",
            "투자타입":"일반",
            "전용면적(m2)":"97.61",
            "전용면적(평)":"29평",
            "법정동주소":"경기도 의왕시 포일동 646",
            "도로명주소":"경기도 의왕시 포일세거리로 73",
            "세대수":50,
            "입주년차":60,
            "용적률점수":"--",
            "건폐율점수":"--",
            "세대당주차수":30,
            "난방방식":100,
            "공급면적":"--",
            "전용률":"--",
            "욕실수":100,
            "현관타입":100,
            "주거총점":64.0,
            "지역구공급총점":0.0,
            "역세권":50,
            "30분내 이동가능 거점":20,
            "1시간내 이동가능 거점":100,
            "교통총점":51.0,
            "백화점":0,
            "아울렛몰":80,
            "대형마트":80,
            "은행":0,
            "병원":0,
            "종합병원":80,
            "공원":100,
            "혐오시설":0,
            "인프라총점":39.0,
            "초등학군":89.97,
            "중학군":45.62,
            "학군총점":54.49,
            "인구수":18.23,
            "인구증감":-1.61,
            "인구총점":12.278,
            "일자리":7.78,
            "소득수준":61.54,
            "일자리총점":23.908,
            "가치 총점":50.5235,
            "매매실거래년":20211220.0,
            "매매실거래가":94000.0,
            "전세실거래년":20220121.0,
            "전세실거래가":50000.0,
            "전세가율":53.19,
            "장기전세가율평균":73.25,
            "전세가율거품지수":20.06,
            "검색코드":102631,
            "세대수":510.0,
            "준공년월":"2011-11-18",
            "준공년차":12.0,
            "가까운역이름":"인덕원",
            "가까운역거리":665.83,
            "역세권여부":"준역세권",
            "30분이내주요거점역":1,
            "30분거점역이름":"['평촌']",
            "1시간이내주요거점역":16,
            "1시간거점역이름":"['강남', '역삼', '잠실', '판교', '여의도', '양재', '수원시청', '평촌', '가산디지털단지', '왕십리', '홍대입구', '수원', '구로디지털단지', '명동', '안산', 'GTX성남(2023년)']",
            "3km이내백화점수":0,
            "5km이내아울렛몰수":1,
            "1km이내대형먀트수":1,
            "500m이내은행수":1,
            "500m이내병원수":0,
            "5km이내대형병원수":1,
            "500m이내공원수":5,
            "3km이내혐오시설수":0,
            "초등학교학업성취도":89.97,
            "중학교학업성취도":72.5,
            "용적률":164,
            "건폐율":18,
            "Y":37.401244,
            "X":126.984211,
            "rank":26.0,
            "area_info":"29평(97.61), 29평(97.61), 33평(110.63), 33평(110.72), 33평(110.54), 33평(110.73), 33평(110.73)",
            "last_sales":"2021-12-20,94000.0,29평(97.61)",
            "rank_history":[
                [
                    "202203",
                    26
                ],
                [
                    "202202",
                    17
                ],
                [
                    "202201",
                    21
                ]
            ],
            "rank_gap":-9
        },
        {
            "index":188,
            "아파트명":"인스빌2단지",
            "투자타입":"일반",
            "전용면적(m2)":"124.39",
            "전용면적(평)":"37평",
            "법정동주소":"경기도 의왕시 왕곡동 593",
            "도로명주소":"경기도 의왕시 왕곡로 53",
            "세대수":0,
            "입주년차":0,
            "용적률점수":"--",
            "건폐율점수":"--",
            "세대당주차수":30,
            "난방방식":30,
            "공급면적":"--",
            "전용률":"--",
            "욕실수":100,
            "현관타입":100,
            "주거총점":27.5,
            "지역구공급총점":0.0,
            "역세권":80,
            "30분내 이동가능 거점":0,
            "1시간내 이동가능 거점":100,
            "교통총점":60.0,
            "백화점":0,
            "아울렛몰":100,
            "대형마트":80,
            "은행":0,
            "병원":60,
            "종합병원":100,
            "공원":100,
            "혐오시설":0,
            "인프라총점":51.0,
            "초등학군":89.99,
            "중학군":47.1,
            "학군총점":55.678,
            "인구수":18.23,
            "인구증감":-1.61,
            "인구총점":12.278,
            "일자리":7.78,
            "소득수준":61.54,
            "일자리총점":23.908,
            "가치 총점":50.1517,
            "매매실거래년":20211113.0,
            "매매실거래가":72000.0,
            "전세실거래년":20210726.0,
            "전세실거래가":31500.0,
            "전세가율":43.75,
            "장기전세가율평균":73.25,
            "전세가율거품지수":29.5,
            "검색코드":2082,
            "세대수":228.0,
            "준공년월":"1994-10-25",
            "준공년차":29.0,
            "가까운역이름":"의왕시청 (2028년 예정)",
            "가까운역거리":436.93,
            "역세권여부":"역세권",
            "30분이내주요거점역":0,
            "30분거점역이름":"[]",
            "1시간이내주요거점역":14,
            "1시간거점역이름":"['강남', '역삼', '잠실', '여의도', '을지로3가', '양재', '정자', '수원시청', '평촌', '가산디지털단지', '수원', '명동', '서현', 'GTX성남(2023년)']",
            "3km이내백화점수":0,
            "5km이내아울렛몰수":2,
            "1km이내대형먀트수":1,
            "500m이내은행수":0,
            "500m이내병원수":10,
            "5km이내대형병원수":2,
            "500m이내공원수":3,
            "3km이내혐오시설수":0,
            "초등학교학업성취도":89.99,
            "중학교학업성취도":78.5,
            "용적률":202,
            "건폐율":15,
            "Y":37.346895,
            "X":126.979289,
            "rank":27.0,
            "area_info":"37평(124.39), 48평(159.35)",
            "last_sales":"2021-11-13,72000.0,37평(124.39)",
            "rank_history":[
                [
                    "202203",
                    27
                ],
                [
                    "202202",
                    43
                ],
                [
                    "202201",
                    48
                ]
            ],
            "rank_gap":16
        },
        {
            "index":147,
            "아파트명":"신안",
            "투자타입":"재건축",
            "전용면적(m2)":"75.98",
            "전용면적(평)":"22평",
            "법정동주소":"경기도 의왕시 오전동 216-1",
            "도로명주소":"경기도 의왕시 원골로 10",
            "세대수":50,
            "입주년차":"--",
            "용적률점수":0,
            "건폐율점수":80,
            "세대당주차수":"--",
            "난방방식":"--",
            "공급면적":50,
            "전용률":80,
            "욕실수":"--",
            "현관타입":"--",
            "주거총점":37.5,
            "지역구공급총점":0.0,
            "역세권":80,
            "30분내 이동가능 거점":0,
            "1시간내 이동가능 거점":60,
            "교통총점":52.0,
            "백화점":0,
            "아울렛몰":100,
            "대형마트":80,
            "은행":20,
            "병원":60,
            "종합병원":100,
            "공원":100,
            "혐오시설":0,
            "인프라총점":53.0,
            "초등학군":89.96,
            "중학군":47.1,
            "학군총점":55.672,
            "인구수":18.23,
            "인구증감":-1.61,
            "인구총점":12.278,
            "일자리":7.78,
            "소득수준":61.54,
            "일자리총점":23.908,
            "가치 총점":49.9508,
            "매매실거래년":20211222.0,
            "매매실거래가":54000.0,
            "전세실거래년":20220122.0,
            "전세실거래가":19000.0,
            "전세가율":40.43,
            "장기전세가율평균":73.25,
            "전세가율거품지수":32.82,
            "검색코드":2078,
            "세대수":576.0,
            "준공년월":"1991-10-28",
            "준공년차":32.0,
            "가까운역이름":"오전 (2028년 예정)",
            "가까운역거리":257.86,
            "역세권여부":"역세권",
            "30분이내주요거점역":0,
            "30분거점역이름":"[]",
            "1시간이내주요거점역":6,
            "1시간거점역이름":"['양재', '수원시청', '평촌', '가산디지털단지', '수원', '구로디지털단지']",
            "3km이내백화점수":0,
            "5km이내아울렛몰수":2,
            "1km이내대형먀트수":1,
            "500m이내은행수":2,
            "500m이내병원수":21,
            "5km이내대형병원수":4,
            "500m이내공원수":4,
            "3km이내혐오시설수":0,
            "초등학교학업성취도":89.96,
            "중학교학업성취도":78.5,
            "용적률":295,
            "건폐율":24,
            "Y":37.357764,
            "X":126.968091,
            "rank":28.0,
            "area_info":"22평(75.98), 24평(79.6), 24평(81.25), 29평(98.11), 30평(100.76), 30평(101.23), 31평(104.68)",
            "last_sales":"2021-12-22,54000.0,29평(98.11)",
            "rank_history":[
                [
                    "202203",
                    28
                ],
                [
                    "202202",
                    50
                ],
                [
                    "202201",
                    49
                ]
            ],
            "rank_gap":22
        },
        {
            "index":137,
            "아파트명":"성원이화1차",
            "투자타입":"일반",
            "전용면적(m2)":"77.84",
            "전용면적(평)":"23평",
            "법정동주소":"경기도 의왕시 오전동 230",
            "도로명주소":"경기도 의왕시 보식골로 6",
            "세대수":50,
            "입주년차":20,
            "용적률점수":"--",
            "건폐율점수":"--",
            "세대당주차수":30,
            "난방방식":30,
            "공급면적":"--",
            "전용률":"--",
            "욕실수":50,
            "현관타입":100,
            "주거총점":44.0,
            "지역구공급총점":0.0,
            "역세권":80,
            "30분내 이동가능 거점":0,
            "1시간내 이동가능 거점":40,
            "교통총점":48.0,
            "백화점":0,
            "아울렛몰":100,
            "대형마트":80,
            "은행":20,
            "병원":60,
            "종합병원":100,
            "공원":100,
            "혐오시설":0,
            "인프라총점":53.0,
            "초등학군":89.96,
            "중학군":47.1,
            "학군총점":55.672,
            "인구수":18.23,
            "인구증감":-1.61,
            "인구총점":12.278,
            "일자리":7.78,
            "소득수준":61.54,
            "일자리총점":23.908,
            "가치 총점":49.8508,
            "매매실거래년":20211022.0,
            "매매실거래가":60800.0,
            "전세실거래년":20211231.0,
            "전세실거래가":32000.0,
            "전세가율":52.63,
            "장기전세가율평균":73.25,
            "전세가율거품지수":20.62,
            "검색코드":9347,
            "세대수":520.0,
            "준공년월":"2000-06-09",
            "준공년차":23.0,
            "가까운역이름":"오전 (2028년 예정)",
            "가까운역거리":466.2,
            "역세권여부":"역세권",
            "30분이내주요거점역":0,
            "30분거점역이름":"[]",
            "1시간이내주요거점역":4,
            "1시간거점역이름":"['평촌', '가산디지털단지', '수원', '구로디지털단지']",
            "3km이내백화점수":0,
            "5km이내아울렛몰수":2,
            "1km이내대형먀트수":1,
            "500m이내은행수":2,
            "500m이내병원수":21,
            "5km이내대형병원수":4,
            "500m이내공원수":5,
            "3km이내혐오시설수":0,
            "초등학교학업성취도":89.96,
            "중학교학업성취도":78.5,
            "용적률":286,
            "건폐율":19,
            "Y":37.358505,
            "X":126.970474,
            "rank":29.0,
            "area_info":"23평(77.84), 31평(104.18), 42평(140.37)",
            "last_sales":"2021-10-22,60800.0,23평(77.84)",
            "rank_history":[
                [
                    "202203",
                    29
                ],
                [
                    "202202",
                    45
                ],
                [
                    "202201",
                    46
                ]
            ],
            "rank_gap":16
        },
        {
            "index":64,
            "아파트명":"우성2차",
            "투자타입":"재건축",
            "전용면적(m2)":"44.35",
            "전용면적(평)":"13평",
            "법정동주소":"경기도 의왕시 삼동 178",
            "도로명주소":"경기도 의왕시 부곡시장3길 16",
            "세대수":0,
            "입주년차":"--",
            "용적률점수":80,
            "건폐율점수":60,
            "세대당주차수":"--",
            "난방방식":"--",
            "공급면적":50,
            "전용률":100,
            "욕실수":"--",
            "현관타입":"--",
            "주거총점":51.5,
            "지역구공급총점":0.0,
            "역세권":50,
            "30분내 이동가능 거점":40,
            "1시간내 이동가능 거점":50,
            "교통총점":47.0,
            "백화점":0,
            "아울렛몰":80,
            "대형마트":80,
            "은행":0,
            "병원":60,
            "종합병원":100,
            "공원":100,
            "혐오시설":0,
            "인프라총점":49.0,
            "초등학군":90.01,
            "중학군":46.2,
            "학군총점":54.962,
            "인구수":18.23,
            "인구증감":-1.61,
            "인구총점":12.278,
            "일자리":7.78,
            "소득수준":61.54,
            "일자리총점":23.908,
            "가치 총점":49.6943,
            "매매실거래년":20210820.0,
            "매매실거래가":31000.0,
            "전세실거래년":20210308.0,
            "전세실거래가":8500.0,
            "전세가율":53.12,
            "장기전세가율평균":73.25,
            "전세가율거품지수":20.13,
            "검색코드":2807,
            "세대수":118.0,
            "준공년월":"1983-12-29",
            "준공년차":40.0,
            "가까운역이름":"의왕",
            "가까운역거리":545.22,
            "역세권여부":"준역세권",
            "30분이내주요거점역":2,
            "30분거점역이름":"['평촌', '수원']",
            "1시간이내주요거점역":5,
            "1시간거점역이름":"['수원시청', '평촌', '가산디지털단지', '수원', '구로디지털단지']",
            "3km이내백화점수":0,
            "5km이내아울렛몰수":1,
            "1km이내대형먀트수":1,
            "500m이내은행수":0,
            "500m이내병원수":29,
            "5km이내대형병원수":3,
            "500m이내공원수":3,
            "3km이내혐오시설수":0,
            "초등학교학업성취도":90.01,
            "중학교학업성취도":76.0,
            "용적률":171,
            "건폐율":34,
            "Y":37.318757,
            "X":126.953811,
            "rank":30.0,
            "area_info":"13평(44.35), 15평(49.65), 15평(50.37), 16평(53.9), 17평(56.65), 18평(61.4), 19평(64.52)",
            "last_sales":"2021-08-20,31000.0,19평(64.52)",
            "rank_history":[
                [
                    "202203",
                    30
                ],
                [
                    "202202",
                    13
                ],
                [
                    "202201",
                    17
                ]
            ],
            "rank_gap":-17
        },
        {
            "index":113,
            "아파트명":"대명구름채",
            "투자타입":"일반",
            "전용면적(m2)":"107.94",
            "전용면적(평)":"32평",
            "법정동주소":"경기도 의왕시 오전동 28",
            "도로명주소":"경기도 의왕시 포도원로 46",
            "세대수":50,
            "입주년차":40,
            "용적률점수":"--",
            "건폐율점수":"--",
            "세대당주차수":30,
            "난방방식":100,
            "공급면적":"--",
            "전용률":"--",
            "욕실수":100,
            "현관타입":100,
            "주거총점":60.0,
            "지역구공급총점":0.0,
            "역세권":80,
            "30분내 이동가능 거점":0,
            "1시간내 이동가능 거점":40,
            "교통총점":48.0,
            "백화점":0,
            "아울렛몰":100,
            "대형마트":0,
            "은행":0,
            "병원":60,
            "종합병원":100,
            "공원":100,
            "혐오시설":0,
            "인프라총점":39.0,
            "초등학군":90.08,
            "중학군":53.82,
            "학군총점":61.072,
            "인구수":18.23,
            "인구증감":-1.61,
            "인구총점":12.278,
            "일자리":7.78,
            "소득수준":61.54,
            "일자리총점":23.908,
            "가치 총점":49.6608,
            "매매실거래년":20210731.0,
            "매매실거래가":73000.0,
            "전세실거래년":20220207.0,
            "전세실거래가":34650.0,
            "전세가율":47.47,
            "장기전세가율평균":73.25,
            "전세가율거품지수":25.78,
            "검색코드":8789,
            "세대수":518.0,
            "준공년월":"2004-12-21",
            "준공년차":19.0,
            "가까운역이름":"오전 (2028년 예정)",
            "가까운역거리":446.92,
            "역세권여부":"역세권",
            "30분이내주요거점역":0,
            "30분거점역이름":"[]",
            "1시간이내주요거점역":4,
            "1시간거점역이름":"['평촌', '가산디지털단지', '수원', '구로디지털단지']",
            "3km이내백화점수":0,
            "5km이내아울렛몰수":2,
            "1km이내대형먀트수":0,
            "500m이내은행수":1,
            "500m이내병원수":20,
            "5km이내대형병원수":4,
            "500m이내공원수":3,
            "3km이내혐오시설수":0,
            "초등학교학업성취도":90.08,
            "중학교학업성취도":87.3,
            "용적률":299,
            "건폐율":17,
            "Y":37.361935,
            "X":126.966961,
            "rank":31.0,
            "area_info":"32평(107.94)",
            "last_sales":"2021-07-31,73000.0,32평(107.94)",
            "rank_history":[
                [
                    "202203",
                    31
                ],
                [
                    "202202",
                    49
                ],
                [
                    "202201",
                    47
                ]
            ],
            "rank_gap":18
        },
        {
            "index":133,
            "아파트명":"백합",
            "투자타입":"일반",
            "전용면적(m2)":"70.65",
            "전용면적(평)":"21평",
            "법정동주소":"경기도 의왕시 오전동 841",
            "도로명주소":"경기도 의왕시 오전로 179",
            "세대수":50,
            "입주년차":0,
            "용적률점수":"--",
            "건폐율점수":"--",
            "세대당주차수":0,
            "난방방식":30,
            "공급면적":"--",
            "전용률":"--",
            "욕실수":50,
            "현관타입":10,
            "주거총점":26.5,
            "지역구공급총점":0.0,
            "역세권":80,
            "30분내 이동가능 거점":0,
            "1시간내 이동가능 거점":60,
            "교통총점":52.0,
            "백화점":0,
            "아울렛몰":100,
            "대형마트":80,
            "은행":70,
            "병원":60,
            "종합병원":100,
            "공원":100,
            "혐오시설":0,
            "인프라총점":58.0,
            "초등학군":89.91,
            "중학군":47.1,
            "학군총점":55.662,
            "인구수":18.23,
            "인구증감":-1.61,
            "인구총점":12.278,
            "일자리":7.78,
            "소득수준":61.54,
            "일자리총점":23.908,
            "가치 총점":49.2493,
            "매매실거래년":20210925.0,
            "매매실거래가":49500.0,
            "전세실거래년":20220125.0,
            "전세실거래가":27000.0,
            "전세가율":54.55,
            "장기전세가율평균":73.25,
            "전세가율거품지수":18.7,
            "검색코드":2073,
            "세대수":460.0,
            "준공년월":"1994-03-29",
            "준공년차":29.0,
            "가까운역이름":"오전 (2028년 예정)",
            "가까운역거리":448.03,
            "역세권여부":"역세권",
            "30분이내주요거점역":0,
            "30분거점역이름":"[]",
            "1시간이내주요거점역":6,
            "1시간거점역이름":"['양재', '수원시청', '평촌', '가산디지털단지', '수원', '구로디지털단지']",
            "3km이내백화점수":0,
            "5km이내아울렛몰수":2,
            "1km이내대형먀트수":1,
            "500m이내은행수":3,
            "500m이내병원수":24,
            "5km이내대형병원수":4,
            "500m이내공원수":5,
            "3km이내혐오시설수":0,
            "초등학교학업성취도":89.91,
            "중학교학업성취도":78.5,
            "용적률":203,
            "건폐율":15,
            "Y":37.356173,
            "X":126.969625,
            "rank":32.0,
            "area_info":"21평(70.65), 32평(107.54)",
            "last_sales":"2021-09-25,49500.0,21평(70.65)",
            "rank_history":[
                [
                    "202203",
                    32
                ],
                [
                    "202202",
                    52
                ],
                [
                    "202201",
                    36
                ]
            ],
            "rank_gap":20
        },
        {
            "index":184,
            "아파트명":"원효선경",
            "투자타입":"일반",
            "전용면적(m2)":"70.66",
            "전용면적(평)":"21평",
            "법정동주소":"경기도 의왕시 왕곡동 599",
            "도로명주소":"경기도 의왕시 위인로 2",
            "세대수":50,
            "입주년차":0,
            "용적률점수":"--",
            "건폐율점수":"--",
            "세대당주차수":0,
            "난방방식":30,
            "공급면적":"--",
            "전용률":"--",
            "욕실수":50,
            "현관타입":10,
            "주거총점":26.5,
            "지역구공급총점":0.0,
            "역세권":80,
            "30분내 이동가능 거점":0,
            "1시간내 이동가능 거점":100,
            "교통총점":60.0,
            "백화점":0,
            "아울렛몰":100,
            "대형마트":80,
            "은행":0,
            "병원":30,
            "종합병원":100,
            "공원":100,
            "혐오시설":0,
            "인프라총점":48.0,
            "초등학군":89.99,
            "중학군":47.1,
            "학군총점":55.678,
            "인구수":18.23,
            "인구증감":-1.61,
            "인구총점":12.278,
            "일자리":7.78,
            "소득수준":61.54,
            "일자리총점":23.908,
            "가치 총점":49.0517,
            "매매실거래년":20220218.0,
            "매매실거래가":32000.0,
            "전세실거래년":20220111.0,
            "전세실거래가":17850.0,
            "전세가율":55.78,
            "장기전세가율평균":73.25,
            "전세가율거품지수":17.47,
            "검색코드":2084,
            "세대수":406.0,
            "준공년월":"1994-03-24",
            "준공년차":29.0,
            "가까운역이름":"의왕시청 (2028년 예정)",
            "가까운역거리":393.81,
            "역세권여부":"역세권",
            "30분이내주요거점역":0,
            "30분거점역이름":"[]",
            "1시간이내주요거점역":13,
            "1시간거점역이름":"['강남', '역삼', '잠실', '을지로3가', '양재', '정자', '수원시청', '평촌', '가산디지털단지', '수원', '구로디지털단지', '서현', 'GTX성남(2023년)']",
            "3km이내백화점수":0,
            "5km이내아울렛몰수":2,
            "1km이내대형먀트수":1,
            "500m이내은행수":0,
            "500m이내병원수":9,
            "5km이내대형병원수":2,
            "500m이내공원수":3,
            "3km이내혐오시설수":0,
            "초등학교학업성취도":89.99,
            "중학교학업성취도":78.5,
            "용적률":218,
            "건폐율":54,
            "Y":37.345074,
            "X":126.977169,
            "rank":33.0,
            "area_info":"21평(70.66), 31평(105.7)",
            "last_sales":"2022-02-18,32000.0,21평(70.66)",
            "rank_history":[
                [
                    "202203",
                    33
                ],
                [
                    "202202",
                    51
                ],
                [
                    "202201",
                    50
                ]
            ],
            "rank_gap":18
        },
        {
            "index":71,
            "아파트명":"우성4차",
            "투자타입":"재건축",
            "전용면적(m2)":"49.57",
            "전용면적(평)":"14평",
            "법정동주소":"경기도 의왕시 삼동 244-1",
            "도로명주소":"경기도 의왕시 장승길 3",
            "세대수":0,
            "입주년차":"--",
            "용적률점수":100,
            "건폐율점수":60,
            "세대당주차수":"--",
            "난방방식":"--",
            "공급면적":50,
            "전용률":80,
            "욕실수":"--",
            "현관타입":"--",
            "주거총점":58.5,
            "지역구공급총점":0.0,
            "역세권":50,
            "30분내 이동가능 거점":20,
            "1시간내 이동가능 거점":50,
            "교통총점":41.0,
            "백화점":0,
            "아울렛몰":80,
            "대형마트":80,
            "은행":0,
            "병원":60,
            "종합병원":100,
            "공원":100,
            "혐오시설":0,
            "인프라총점":49.0,
            "초등학군":90.0,
            "중학군":46.2,
            "학군총점":54.96,
            "인구수":18.23,
            "인구증감":-1.61,
            "인구총점":12.278,
            "일자리":7.78,
            "소득수준":61.54,
            "일자리총점":23.908,
            "가치 총점":48.994,
            "매매실거래년":20210707.0,
            "매매실거래가":37000.0,
            "전세실거래년":20220217.0,
            "전세실거래가":8000.0,
            "전세가율":26.67,
            "장기전세가율평균":73.25,
            "전세가율거품지수":46.58,
            "검색코드":2062,
            "세대수":180.0,
            "준공년월":"1985-08-24",
            "준공년차":38.0,
            "가까운역이름":"의왕",
            "가까운역거리":737.4,
            "역세권여부":"준역세권",
            "30분이내주요거점역":1,
            "30분거점역이름":"['수원']",
            "1시간이내주요거점역":5,
            "1시간거점역이름":"['수원시청', '평촌', '가산디지털단지', '수원', '구로디지털단지']",
            "3km이내백화점수":0,
            "5km이내아울렛몰수":1,
            "1km이내대형먀트수":1,
            "500m이내은행수":0,
            "500m이내병원수":22,
            "5km이내대형병원수":3,
            "500m이내공원수":4,
            "3km이내혐오시설수":0,
            "초등학교학업성취도":90.0,
            "중학교학업성취도":76.0,
            "용적률":145,
            "건폐율":30,
            "Y":37.32086,
            "X":126.95629,
            "rank":34.0,
            "area_info":"14평(49.57), 18평(59.53), 22평(72.9)",
            "last_sales":"2021-07-07,37000.0,18평(59.53)",
            "rank_history":[
                [
                    "202203",
                    34
                ],
                [
                    "202202",
                    10
                ],
                [
                    "202201",
                    15
                ]
            ],
            "rank_gap":-24
        },
        {
            "index":118,
            "아파트명":"동백",
            "투자타입":"일반",
            "전용면적(m2)":"105.42",
            "전용면적(평)":"31평",
            "법정동주소":"경기도 의왕시 오전동 849",
            "도로명주소":"경기도 의왕시 오전로 150",
            "세대수":90,
            "입주년차":0,
            "용적률점수":"--",
            "건폐율점수":"--",
            "세대당주차수":0,
            "난방방식":30,
            "공급면적":"--",
            "전용률":"--",
            "욕실수":100,
            "현관타입":100,
            "주거총점":54.5,
            "지역구공급총점":0.0,
            "역세권":50,
            "30분내 이동가능 거점":0,
            "1시간내 이동가능 거점":50,
            "교통총점":35.0,
            "백화점":0,
            "아울렛몰":100,
            "대형마트":80,
            "은행":70,
            "병원":60,
            "종합병원":100,
            "공원":100,
            "혐오시설":0,
            "인프라총점":58.0,
            "초등학군":89.91,
            "중학군":47.1,
            "학군총점":55.662,
            "인구수":18.23,
            "인구증감":-1.61,
            "인구총점":12.278,
            "일자리":7.78,
            "소득수준":61.54,
            "일자리총점":23.908,
            "가치 총점":48.8993,
            "매매실거래년":20220105.0,
            "매매실거래가":42000.0,
            "전세실거래년":20220207.0,
            "전세실거래가":32000.0,
            "전세가율":76.19,
            "장기전세가율평균":73.25,
            "전세가율거품지수":-2.94,
            "검색코드":2071,
            "세대수":1074.0,
            "준공년월":"1995-12-16",
            "준공년차":28.0,
            "가까운역이름":"오전 (2028년 예정)",
            "가까운역거리":559.81,
            "역세권여부":"준역세권",
            "30분이내주요거점역":0,
            "30분거점역이름":"[]",
            "1시간이내주요거점역":5,
            "1시간거점역이름":"['수원시청', '평촌', '가산디지털단지', '수원', '구로디지털단지']",
            "3km이내백화점수":0,
            "5km이내아울렛몰수":2,
            "1km이내대형먀트수":1,
            "500m이내은행수":3,
            "500m이내병원수":23,
            "5km이내대형병원수":4,
            "500m이내공원수":4,
            "3km이내혐오시설수":0,
            "초등학교학업성취도":89.91,
            "중학교학업성취도":78.5,
            "용적률":198,
            "건폐율":14,
            "Y":37.356439,
            "X":126.971168,
            "rank":35.0,
            "area_info":"31평(105.42)",
            "last_sales":"2022-01-05,42000.0,31평(105.42)",
            "rank_history":[
                [
                    "202203",
                    35
                ],
                [
                    "202202",
                    34
                ],
                [
                    "202201",
                    31
                ]
            ],
            "rank_gap":-1
        },
        {
            "index":85,
            "아파트명":"운양까치",
            "투자타입":"재건축",
            "전용면적(m2)":"81.43",
            "전용면적(평)":"24평",
            "법정동주소":"경기도 의왕시 삼동 121-6",
            "도로명주소":"경기도 의왕시 까치골길 7",
            "세대수":0,
            "입주년차":"--",
            "용적률점수":100,
            "건폐율점수":100,
            "세대당주차수":"--",
            "난방방식":"--",
            "공급면적":70,
            "전용률":60,
            "욕실수":"--",
            "현관타입":"--",
            "주거총점":66.5,
            "지역구공급총점":0.0,
            "역세권":50,
            "30분내 이동가능 거점":20,
            "1시간내 이동가능 거점":60,
            "교통총점":43.0,
            "백화점":0,
            "아울렛몰":0,
            "대형마트":80,
            "은행":0,
            "병원":60,
            "종합병원":100,
            "공원":100,
            "혐오시설":0,
            "인프라총점":41.0,
            "초등학군":90.01,
            "중학군":46.2,
            "학군총점":54.962,
            "인구수":18.23,
            "인구증감":-1.61,
            "인구총점":12.278,
            "일자리":7.78,
            "소득수준":61.54,
            "일자리총점":23.908,
            "가치 총점":48.8943,
            "매매실거래년":20210903.0,
            "매매실거래가":24000.0,
            "전세실거래년":20220209.0,
            "전세실거래가":24000.0,
            "전세가율":100.0,
            "장기전세가율평균":73.25,
            "전세가율거품지수":-26.75,
            "검색코드":2065,
            "세대수":178.0,
            "준공년월":"1992-06-16",
            "준공년차":31.0,
            "가까운역이름":"의왕",
            "가까운역거리":734.0,
            "역세권여부":"준역세권",
            "30분이내주요거점역":1,
            "30분거점역이름":"['수원']",
            "1시간이내주요거점역":6,
            "1시간거점역이름":"['수원시청', '평촌', '가산디지털단지', '수원', '구로디지털단지', '안산']",
            "3km이내백화점수":0,
            "5km이내아울렛몰수":0,
            "1km이내대형먀트수":1,
            "500m이내은행수":0,
            "500m이내병원수":11,
            "5km이내대형병원수":2,
            "500m이내공원수":3,
            "3km이내혐오시설수":0,
            "초등학교학업성취도":90.01,
            "중학교학업성취도":76.0,
            "용적률":123,
            "건폐율":15,
            "Y":37.31663,
            "X":126.95484,
            "rank":36.0,
            "area_info":"24평(81.43), 32평(108.1)",
            "last_sales":"2021-09-03,24000.0,24평(81.43)",
            "rank_history":[
                [
                    "202203",
                    36
                ],
                [
                    "202202",
                    12
                ],
                [
                    "202201",
                    18
                ]
            ],
            "rank_gap":-24
        },
        {
            "index":227,
            "아파트명":"인덕원숲속마을3단지",
            "투자타입":"일반",
            "전용면적(m2)":"97.23",
            "전용면적(평)":"29평",
            "법정동주소":"경기도 의왕시 포일동 645",
            "도로명주소":"경기도 의왕시 포일세거리로 93",
            "세대수":30,
            "입주년차":60,
            "용적률점수":"--",
            "건폐율점수":"--",
            "세대당주차수":30,
            "난방방식":100,
            "공급면적":"--",
            "전용률":"--",
            "욕실수":100,
            "현관타입":100,
            "주거총점":57.0,
            "지역구공급총점":0.0,
            "역세권":50,
            "30분내 이동가능 거점":20,
            "1시간내 이동가능 거점":100,
            "교통총점":51.0,
            "백화점":0,
            "아울렛몰":80,
            "대형마트":80,
            "은행":0,
            "병원":0,
            "종합병원":80,
            "공원":100,
            "혐오시설":-100,
            "인프라총점":37.0,
            "초등학군":89.97,
            "중학군":45.62,
            "학군총점":54.49,
            "인구수":18.23,
            "인구증감":-1.61,
            "인구총점":12.278,
            "일자리":7.78,
            "소득수준":61.54,
            "일자리총점":23.908,
            "가치 총점":48.5235,
            "매매실거래년":20210829.0,
            "매매실거래가":130000.0,
            "전세실거래년":20220108.0,
            "전세실거래가":39900.0,
            "전세가율":36.61,
            "장기전세가율평균":73.25,
            "전세가율거품지수":36.64,
            "검색코드":102630,
            "세대수":366.0,
            "준공년월":"2011-09-15",
            "준공년차":12.0,
            "가까운역이름":"인덕원",
            "가까운역거리":830.42,
            "역세권여부":"준역세권",
            "30분이내주요거점역":1,
            "30분거점역이름":"['평촌']",
            "1시간이내주요거점역":13,
            "1시간거점역이름":"['강남', '역삼', '판교', '여의도', '양재', '수원시청', '평촌', '가산디지털단지', '왕십리', '수원', '구로디지털단지', '명동', '안산']",
            "3km이내백화점수":0,
            "5km이내아울렛몰수":1,
            "1km이내대형먀트수":1,
            "500m이내은행수":0,
            "500m이내병원수":0,
            "5km이내대형병원수":1,
            "500m이내공원수":6,
            "3km이내혐오시설수":2,
            "초등학교학업성취도":89.97,
            "중학교학업성취도":72.5,
            "용적률":150,
            "건폐율":18,
            "Y":37.403555,
            "X":126.985716,
            "rank":37.0,
            "area_info":"29평(97.23), 29평(97.23), 33평(109.98), 33평(110.3), 33평(110.2), 33평(110.19), 33평(110.11), 33평(110.3), 33평(110.07)",
            "last_sales":"2021-08-29,130000.0,33평(110.3)",
            "rank_history":[
                [
                    "202203",
                    37
                ],
                [
                    "202202",
                    23
                ],
                [
                    "202201",
                    27
                ]
            ],
            "rank_gap":-14
        },
        {
            "index":194,
            "아파트명":"청계마을휴먼시아1단지",
            "투자타입":"일반",
            "전용면적(m2)":"128.43",
            "전용면적(평)":"38평",
            "법정동주소":"경기도 의왕시 청계동 982",
            "도로명주소":"경기도 의왕시 덕장로 22",
            "세대수":0,
            "입주년차":60,
            "용적률점수":"--",
            "건폐율점수":"--",
            "세대당주차수":60,
            "난방방식":100,
            "공급면적":"--",
            "전용률":"--",
            "욕실수":100,
            "현관타입":100,
            "주거총점":51.0,
            "지역구공급총점":0.0,
            "역세권":80,
            "30분내 이동가능 거점":20,
            "1시간내 이동가능 거점":60,
            "교통총점":58.0,
            "백화점":0,
            "아울렛몰":80,
            "대형마트":0,
            "은행":0,
            "병원":10,
            "종합병원":80,
            "공원":100,
            "혐오시설":0,
            "인프라총점":28.0,
            "초등학군":89.96,
            "중학군":54.68,
            "학군총점":61.736,
            "인구수":18.23,
            "인구증감":-1.61,
            "인구총점":12.278,
            "일자리":7.78,
            "소득수준":61.54,
            "일자리총점":23.908,
            "가치 총점":48.1604,
            "매매실거래년":20210628.0,
            "매매실거래가":130000.0,
            "전세실거래년":20220208.0,
            "전세실거래가":50000.0,
            "전세가율":38.46,
            "장기전세가율평균":73.25,
            "전세가율거품지수":34.79,
            "검색코드":100583,
            "세대수":266.0,
            "준공년월":"2009-11-10",
            "준공년차":14.0,
            "가까운역이름":"청계 (2026년 예정)",
            "가까운역거리":204.89,
            "역세권여부":"역세권",
            "30분이내주요거점역":1,
            "30분거점역이름":"['평촌']",
            "1시간이내주요거점역":6,
            "1시간거점역이름":"['강남', '판교', '평촌', '수원', '서현', 'GTX성남(2023년)']",
            "3km이내백화점수":0,
            "5km이내아울렛몰수":1,
            "1km이내대형먀트수":0,
            "500m이내은행수":0,
            "500m이내병원수":4,
            "5km이내대형병원수":1,
            "500m이내공원수":7,
            "3km이내혐오시설수":0,
            "초등학교학업성취도":89.96,
            "중학교학업성취도":88.2,
            "용적률":184,
            "건폐율":22,
            "Y":37.390705,
            "X":126.996165,
            "rank":38.0,
            "area_info":"38평(128.43), 38평(128.43), 38평(128.43), 38평(128.43), 46평(153.12), 46평(153.58), 46평(153.75), 46평(154.07), 51평(169.64)",
            "last_sales":"2021-06-28,130000.0,38평(128.43)",
            "rank_history":[
                [
                    "202203",
                    38
                ],
                [
                    "202202",
                    60
                ],
                [
                    "202201",
                    62
                ]
            ],
            "rank_gap":22
        },
        {
            "index":81,
            "아파트명":"우성6차",
            "투자타입":"재건축",
            "전용면적(m2)":"49.57",
            "전용면적(평)":"14평",
            "법정동주소":"경기도 의왕시 삼동 146-71",
            "도로명주소":"경기도 의왕시 부곡초등1길 6",
            "세대수":30,
            "입주년차":"--",
            "용적률점수":100,
            "건폐율점수":60,
            "세대당주차수":"--",
            "난방방식":"--",
            "공급면적":50,
            "전용률":60,
            "욕실수":"--",
            "현관타입":"--",
            "주거총점":66.5,
            "지역구공급총점":0.0,
            "역세권":50,
            "30분내 이동가능 거점":20,
            "1시간내 이동가능 거점":50,
            "교통총점":41.0,
            "백화점":0,
            "아울렛몰":0,
            "대형마트":80,
            "은행":0,
            "병원":60,
            "종합병원":100,
            "공원":0,
            "혐오시설":0,
            "인프라총점":38.0,
            "초등학군":90.01,
            "중학군":46.2,
            "학군총점":54.962,
            "인구수":18.23,
            "인구증감":-1.61,
            "인구총점":12.278,
            "일자리":7.78,
            "소득수준":61.54,
            "일자리총점":23.908,
            "가치 총점":47.2943,
            "매매실거래년":20210630.0,
            "매매실거래가":34500.0,
            "전세실거래년":20220129.0,
            "전세실거래가":10000.0,
            "전세가율":28.99,
            "장기전세가율평균":73.25,
            "전세가율거품지수":44.26,
            "검색코드":2061,
            "세대수":370.0,
            "준공년월":"1986-08-04",
            "준공년차":37.0,
            "가까운역이름":"의왕",
            "가까운역거리":596.35,
            "역세권여부":"준역세권",
            "30분이내주요거점역":1,
            "30분거점역이름":"['수원']",
            "1시간이내주요거점역":5,
            "1시간거점역이름":"['수원시청', '평촌', '가산디지털단지', '수원', '구로디지털단지']",
            "3km이내백화점수":0,
            "5km이내아울렛몰수":0,
            "1km이내대형먀트수":1,
            "500m이내은행수":0,
            "500m이내병원수":13,
            "5km이내대형병원수":2,
            "500m이내공원수":0,
            "3km이내혐오시설수":0,
            "초등학교학업성취도":90.01,
            "중학교학업성취도":76.0,
            "용적률":147,
            "건폐율":32,
            "Y":37.315708,
            "X":126.951371,
            "rank":39.0,
            "area_info":"14평(49.57), 17평(58.32), 18평(61.23), 22평(75.81)",
            "last_sales":"2021-06-30,34500.0,14평(49.57)",
            "rank_history":[
                [
                    "202203",
                    39
                ],
                [
                    "202202",
                    14
                ],
                [
                    "202201",
                    22
                ]
            ],
            "rank_gap":-25
        },
        {
            "index":220,
            "아파트명":"삼성래미안",
            "투자타입":"일반",
            "전용면적(m2)":"79.99",
            "전용면적(평)":"24평",
            "법정동주소":"경기도 의왕시 포일동 537-15",
            "도로명주소":"경기도 의왕시 흥안대로434번길 73",
            "세대수":0,
            "입주년차":20,
            "용적률점수":"--",
            "건폐율점수":"--",
            "세대당주차수":0,
            "난방방식":30,
            "공급면적":"--",
            "전용률":"--",
            "욕실수":50,
            "현관타입":100,
            "주거총점":22.0,
            "지역구공급총점":0.0,
            "역세권":0,
            "30분내 이동가능 거점":20,
            "1시간내 이동가능 거점":100,
            "교통총점":26.0,
            "백화점":100,
            "아울렛몰":80,
            "대형마트":80,
            "은행":20,
            "병원":60,
            "종합병원":100,
            "공원":100,
            "혐오시설":0,
            "인프라총점":81.0,
            "초등학군":89.98,
            "중학군":51.8,
            "학군총점":59.436,
            "인구수":18.23,
            "인구증감":-1.61,
            "인구총점":12.278,
            "일자리":7.78,
            "소득수준":61.54,
            "일자리총점":23.908,
            "가치 총점":46.7154,
            "매매실거래년":20210420.0,
            "매매실거래가":74000.0,
            "전세실거래년":20220115.0,
            "전세실거래가":33600.0,
            "전세가율":75.51,
            "장기전세가율평균":73.25,
            "전세가율거품지수":-2.26,
            "검색코드":100604,
            "세대수":70.0,
            "준공년월":"2000-05-29",
            "준공년차":23.0,
            "가까운역이름":"인덕원",
            "가까운역거리":1047.05,
            "역세권여부":"비역세권",
            "30분이내주요거점역":1,
            "30분거점역이름":"['평촌']",
            "1시간이내주요거점역":11,
            "1시간거점역이름":"['강남', '역삼', '판교', '여의도', '양재', '평촌', '가산디지털단지', '수원', '구로디지털단지', '명동', '안산']",
            "3km이내백화점수":1,
            "5km이내아울렛몰수":1,
            "1km이내대형먀트수":1,
            "500m이내은행수":2,
            "500m이내병원수":20,
            "5km이내대형병원수":4,
            "500m이내공원수":3,
            "3km이내혐오시설수":0,
            "초등학교학업성취도":89.98,
            "중학교학업성취도":81.8,
            "용적률":211,
            "건폐율":24,
            "Y":37.39229,
            "X":126.979182,
            "rank":40.0,
            "area_info":"24평(79.99), 32평(106.49)",
            "last_sales":"2021-04-20,74000.0,32평(106.49)",
            "rank_history":[
                [
                    "202203",
                    40
                ],
                [
                    "202202",
                    9999
                ]
            ],
            "rank_gap":9999
        },
        {
            "index":57,
            "아파트명":"삼신8차",
            "투자타입":"재건축",
            "전용면적(m2)":"63.69",
            "전용면적(평)":"19평",
            "법정동주소":"경기도 의왕시 삼동 130-11",
            "도로명주소":"경기도 의왕시 부곡중앙남6길 53",
            "세대수":0,
            "입주년차":"--",
            "용적률점수":80,
            "건폐율점수":40,
            "세대당주차수":"--",
            "난방방식":"--",
            "공급면적":50,
            "전용률":60,
            "욕실수":"--",
            "현관타입":"--",
            "주거총점":45.5,
            "지역구공급총점":0.0,
            "역세권":50,
            "30분내 이동가능 거점":20,
            "1시간내 이동가능 거점":50,
            "교통총점":41.0,
            "백화점":0,
            "아울렛몰":80,
            "대형마트":80,
            "은행":0,
            "병원":60,
            "종합병원":100,
            "공원":100,
            "혐오시설":0,
            "인프라총점":49.0,
            "초등학군":90.0,
            "중학군":46.2,
            "학군총점":54.96,
            "인구수":18.23,
            "인구증감":-1.61,
            "인구총점":12.278,
            "일자리":7.78,
            "소득수준":61.54,
            "일자리총점":23.908,
            "가치 총점":46.394,
            "매매실거래년":20220210.0,
            "매매실거래가":39800.0,
            "전세실거래년":20220128.0,
            "전세실거래가":8900.0,
            "전세가율":22.36,
            "장기전세가율평균":73.25,
            "전세가율거품지수":50.89,
            "검색코드":2060,
            "세대수":270.0,
            "준공년월":"1986-06-19",
            "준공년차":37.0,
            "가까운역이름":"의왕",
            "가까운역거리":594.38,
            "역세권여부":"준역세권",
            "30분이내주요거점역":1,
            "30분거점역이름":"['수원']",
            "1시간이내주요거점역":5,
            "1시간거점역이름":"['수원시청', '평촌', '가산디지털단지', '수원', '구로디지털단지']",
            "3km이내백화점수":0,
            "5km이내아울렛몰수":1,
            "1km이내대형먀트수":1,
            "500m이내은행수":0,
            "500m이내병원수":29,
            "5km이내대형병원수":3,
            "500m이내공원수":3,
            "3km이내혐오시설수":0,
            "초등학교학업성취도":90.0,
            "중학교학업성취도":76.0,
            "용적률":162,
            "건폐율":35,
            "Y":37.318654,
            "X":126.954354,
            "rank":41.0,
            "area_info":"19평(63.69), 20평(67.16)",
            "last_sales":"2022-02-10,39800.0,19평(63.69)",
            "rank_history":[
                [
                    "202203",
                    41
                ],
                [
                    "202202",
                    16
                ],
                [
                    "202201",
                    20
                ]
            ],
            "rank_gap":-25
        },
        {
            "index":186,
            "아파트명":"인스빌1단지",
            "투자타입":"일반",
            "전용면적(m2)":"123.96",
            "전용면적(평)":"37평",
            "법정동주소":"경기도 의왕시 왕곡동 592",
            "도로명주소":"경기도 의왕시 왕곡로 55",
            "세대수":0,
            "입주년차":0,
            "용적률점수":"--",
            "건폐율점수":"--",
            "세대당주차수":30,
            "난방방식":30,
            "공급면적":"--",
            "전용률":"--",
            "욕실수":100,
            "현관타입":100,
            "주거총점":27.5,
            "지역구공급총점":0.0,
            "역세권":50,
            "30분내 이동가능 거점":20,
            "1시간내 이동가능 거점":100,
            "교통총점":51.0,
            "백화점":0,
            "아울렛몰":100,
            "대형마트":80,
            "은행":0,
            "병원":30,
            "종합병원":100,
            "공원":100,
            "혐오시설":0,
            "인프라총점":48.0,
            "초등학군":89.99,
            "중학군":49.34,
            "학군총점":57.47,
            "인구수":18.23,
            "인구증감":-1.61,
            "인구총점":12.278,
            "일자리":7.78,
            "소득수준":61.54,
            "일자리총점":23.908,
            "가치 총점":46.3705,
            "매매실거래년":20210804.0,
            "매매실거래가":74000.0,
            "전세실거래년":20220120.0,
            "전세실거래가":32550.0,
            "전세가율":54.89,
            "장기전세가율평균":73.25,
            "전세가율거품지수":18.36,
            "검색코드":2081,
            "세대수":276.0,
            "준공년월":"1994-10-25",
            "준공년차":29.0,
            "가까운역이름":"의왕시청 (2028년 예정)",
            "가까운역거리":568.89,
            "역세권여부":"준역세권",
            "30분이내주요거점역":1,
            "30분거점역이름":"['판교']",
            "1시간이내주요거점역":16,
            "1시간거점역이름":"['강남', '역삼', '잠실', '판교', '여의도', '을지로3가', '양재', '정자', '수원시청', '평촌', '가산디지털단지', '수원', '구로디지털단지', '명동', '서현', 'GTX성남(2023년)']",
            "3km이내백화점수":0,
            "5km이내아울렛몰수":2,
            "1km이내대형먀트수":1,
            "500m이내은행수":0,
            "500m이내병원수":5,
            "5km이내대형병원수":2,
            "500m이내공원수":3,
            "3km이내혐오시설수":0,
            "초등학교학업성취도":89.99,
            "중학교학업성취도":81.7,
            "용적률":202,
            "건폐율":14,
            "Y":37.346709,
            "X":126.98077,
            "rank":42.0,
            "area_info":"37평(123.96), 48평(158.78)",
            "last_sales":"2021-08-04,74000.0,48평(158.78)",
            "rank_history":[
                [
                    "202203",
                    42
                ],
                [
                    "202202",
                    48
                ],
                [
                    "202201",
                    52
                ]
            ],
            "rank_gap":6
        },
        {
            "index":54,
            "아파트명":"부곡대우이안",
            "투자타입":"일반",
            "전용면적(m2)":"78.21",
            "전용면적(평)":"23평",
            "법정동주소":"경기도 의왕시 삼동 462-20",
            "도로명주소":"경기도 의왕시 부곡복지관길 34",
            "세대수":50,
            "입주년차":20,
            "용적률점수":"--",
            "건폐율점수":"--",
            "세대당주차수":30,
            "난방방식":30,
            "공급면적":"--",
            "전용률":"--",
            "욕실수":100,
            "현관타입":100,
            "주거총점":49.0,
            "지역구공급총점":0.0,
            "역세권":50,
            "30분내 이동가능 거점":20,
            "1시간내 이동가능 거점":50,
            "교통총점":41.0,
            "백화점":0,
            "아울렛몰":80,
            "대형마트":80,
            "은행":0,
            "병원":30,
            "종합병원":100,
            "공원":80,
            "혐오시설":0,
            "인프라총점":45.4,
            "초등학군":90.0,
            "중학군":46.2,
            "학군총점":54.96,
            "인구수":18.23,
            "인구증감":-1.61,
            "인구총점":12.278,
            "일자리":7.78,
            "소득수준":61.54,
            "일자리총점":23.908,
            "가치 총점":46.014,
            "매매실거래년":20210925.0,
            "매매실거래가":69000.0,
            "전세실거래년":20220208.0,
            "전세실거래가":21000.0,
            "전세가율":38.18,
            "장기전세가율평균":73.25,
            "전세가율거품지수":35.07,
            "검색코드":8795,
            "세대수":688.0,
            "준공년월":"2003-09-22",
            "준공년차":20.0,
            "가까운역이름":"의왕",
            "가까운역거리":771.99,
            "역세권여부":"준역세권",
            "30분이내주요거점역":1,
            "30분거점역이름":"['수원']",
            "1시간이내주요거점역":5,
            "1시간거점역이름":"['수원시청', '평촌', '가산디지털단지', '수원', '구로디지털단지']",
            "3km이내백화점수":0,
            "5km이내아울렛몰수":1,
            "1km이내대형먀트수":1,
            "500m이내은행수":0,
            "500m이내병원수":7,
            "5km이내대형병원수":2,
            "500m이내공원수":1,
            "3km이내혐오시설수":0,
            "초등학교학업성취도":90.0,
            "중학교학업성취도":76.0,
            "용적률":269,
            "건폐율":19,
            "Y":37.32355,
            "X":126.955719,
            "rank":43.0,
            "area_info":"23평(78.21), 23평(78.59), 32평(106.93)",
            "last_sales":"2021-09-25,69000.0,32평(106.93)",
            "rank_history":[
                [
                    "202203",
                    43
                ],
                [
                    "202202",
                    20
                ],
                [
                    "202201",
                    23
                ]
            ],
            "rank_gap":-23
        },
        {
            "index":192,
            "아파트명":"포은",
            "투자타입":"일반",
            "전용면적(m2)":"107.21",
            "전용면적(평)":"32평",
            "법정동주소":"경기도 의왕시 왕곡동 602",
            "도로명주소":"경기도 의왕시 위인로 15",
            "세대수":30,
            "입주년차":0,
            "용적률점수":"--",
            "건폐율점수":"--",
            "세대당주차수":0,
            "난방방식":30,
            "공급면적":"--",
            "전용률":"--",
            "욕실수":100,
            "현관타입":100,
            "주거총점":33.5,
            "지역구공급총점":0.0,
            "역세권":50,
            "30분내 이동가능 거점":0,
            "1시간내 이동가능 거점":100,
            "교통총점":45.0,
            "백화점":0,
            "아울렛몰":100,
            "대형마트":80,
            "은행":0,
            "병원":30,
            "종합병원":100,
            "공원":100,
            "혐오시설":0,
            "인프라총점":48.0,
            "초등학군":89.99,
            "중학군":47.1,
            "학군총점":55.678,
            "인구수":18.23,
            "인구증감":-1.61,
            "인구총점":12.278,
            "일자리":7.78,
            "소득수준":61.54,
            "일자리총점":23.908,
            "가치 총점":45.2017,
            "매매실거래년":20220121.0,
            "매매실거래가":59000.0,
            "전세실거래년":20220113.0,
            "전세실거래가":40000.0,
            "전세가율":67.8,
            "장기전세가율평균":73.25,
            "전세가율거품지수":5.45,
            "검색코드":2083,
            "세대수":342.0,
            "준공년월":"1994-12-21",
            "준공년차":29.0,
            "가까운역이름":"의왕시청 (2028년 예정)",
            "가까운역거리":576.34,
            "역세권여부":"준역세권",
            "30분이내주요거점역":0,
            "30분거점역이름":"[]",
            "1시간이내주요거점역":13,
            "1시간거점역이름":"['강남', '역삼', '잠실', '여의도', '을지로3가', '양재', '정자', '수원시청', '평촌', '가산디지털단지', '수원', '서현', 'GTX성남(2023년)']",
            "3km이내백화점수":0,
            "5km이내아울렛몰수":2,
            "1km이내대형먀트수":1,
            "500m이내은행수":0,
            "500m이내병원수":5,
            "5km이내대형병원수":2,
            "500m이내공원수":3,
            "3km이내혐오시설수":0,
            "초등학교학업성취도":89.99,
            "중학교학업성취도":78.5,
            "용적률":199,
            "건폐율":14,
            "Y":37.344599,
            "X":126.979523,
            "rank":44.0,
            "area_info":"32평(107.21), 32평(107.77)",
            "last_sales":"2022-01-21,59000.0,32평(107.21)",
            "rank_history":[
                [
                    "202203",
                    44
                ],
                [
                    "202202",
                    41
                ],
                [
                    "202201",
                    43
                ]
            ],
            "rank_gap":-3
        },
        {
            "index":179,
            "아파트명":"해모로",
            "투자타입":"일반",
            "전용면적(m2)":"81.56",
            "전용면적(평)":"24평",
            "법정동주소":"경기도 의왕시 오전동 27-1",
            "도로명주소":"경기도 의왕시 모락로 89-15",
            "세대수":90,
            "입주년차":40,
            "용적률점수":"--",
            "건폐율점수":"--",
            "세대당주차수":30,
            "난방방식":100,
            "공급면적":"--",
            "전용률":"--",
            "욕실수":100,
            "현관타입":100,
            "주거총점":74.0,
            "지역구공급총점":0.0,
            "역세권":50,
            "30분내 이동가능 거점":0,
            "1시간내 이동가능 거점":30,
            "교통총점":31.0,
            "백화점":0,
            "아울렛몰":100,
            "대형마트":0,
            "은행":0,
            "병원":10,
            "종합병원":100,
            "공원":80,
            "혐오시설":0,
            "인프라총점":33.4,
            "초등학군":90.08,
            "중학군":53.82,
            "학군총점":61.072,
            "인구수":18.23,
            "인구증감":-1.61,
            "인구총점":12.278,
            "일자리":7.78,
            "소득수준":61.54,
            "일자리총점":23.908,
            "가치 총점":44.8308,
            "매매실거래년":20220204.0,
            "매매실거래가":62500.0,
            "전세실거래년":20211221.0,
            "전세실거래가":34500.0,
            "전세가율":54.76,
            "장기전세가율평균":73.25,
            "전세가율거품지수":18.49,
            "검색코드":8328,
            "세대수":998.0,
            "준공년월":"2004-08-30",
            "준공년차":19.0,
            "가까운역이름":"오전 (2028년 예정)",
            "가까운역거리":714.27,
            "역세권여부":"준역세권",
            "30분이내주요거점역":0,
            "30분거점역이름":"[]",
            "1시간이내주요거점역":3,
            "1시간거점역이름":"['평촌', '가산디지털단지', '구로디지털단지']",
            "3km이내백화점수":0,
            "5km이내아울렛몰수":2,
            "1km이내대형먀트수":0,
            "500m이내은행수":0,
            "500m이내병원수":2,
            "5km이내대형병원수":5,
            "500m이내공원수":1,
            "3km이내혐오시설수":0,
            "초등학교학업성취도":90.08,
            "중학교학업성취도":87.3,
            "용적률":300,
            "건폐율":17,
            "Y":37.364499,
            "X":126.966542,
            "rank":45.0,
            "area_info":"24평(81.56), 33평(110.83), 33평(110.89)",
            "last_sales":"2022-02-04,62500.0,33평(110.89)",
            "rank_history":[
                [
                    "202203",
                    45
                ],
                [
                    "202202",
                    44
                ],
                [
                    "202201",
                    44
                ]
            ],
            "rank_gap":-1
        },
        {
            "index":123,
            "아파트명":"모락산현대",
            "투자타입":"일반",
            "전용면적(m2)":"80.49",
            "전용면적(평)":"24평",
            "법정동주소":"경기도 의왕시 오전동 100",
            "도로명주소":"경기도 의왕시 원골로 43",
            "세대수":100,
            "입주년차":20,
            "용적률점수":"--",
            "건폐율점수":"--",
            "세대당주차수":30,
            "난방방식":30,
            "공급면적":"--",
            "전용률":"--",
            "욕실수":50,
            "현관타입":100,
            "주거총점":61.5,
            "지역구공급총점":0.0,
            "역세권":50,
            "30분내 이동가능 거점":0,
            "1시간내 이동가능 거점":40,
            "교통총점":33.0,
            "백화점":0,
            "아울렛몰":100,
            "대형마트":0,
            "은행":0,
            "병원":60,
            "종합병원":100,
            "공원":100,
            "혐오시설":0,
            "인프라총점":39.0,
            "초등학군":90.08,
            "중학군":53.82,
            "학군총점":61.072,
            "인구수":18.23,
            "인구증감":-1.61,
            "인구총점":12.278,
            "일자리":7.78,
            "소득수준":61.54,
            "일자리총점":23.908,
            "가치 총점":44.7108,
            "매매실거래년":20220206.0,
            "매매실거래가":64000.0,
            "전세실거래년":20220219.0,
            "전세실거래가":35000.0,
            "전세가율":58.33,
            "장기전세가율평균":73.25,
            "전세가율거품지수":14.92,
            "검색코드":3718,
            "세대수":1614.0,
            "준공년월":"2002-11-05",
            "준공년차":21.0,
            "가까운역이름":"오전 (2028년 예정)",
            "가까운역거리":528.07,
            "역세권여부":"준역세권",
            "30분이내주요거점역":0,
            "30분거점역이름":"[]",
            "1시간이내주요거점역":4,
            "1시간거점역이름":"['평촌', '가산디지털단지', '수원', '구로디지털단지']",
            "3km이내백화점수":0,
            "5km이내아울렛몰수":2,
            "1km이내대형먀트수":0,
            "500m이내은행수":1,
            "500m이내병원수":20,
            "5km이내대형병원수":4,
            "500m이내공원수":2,
            "3km이내혐오시설수":0,
            "초등학교학업성취도":90.08,
            "중학교학업성취도":87.3,
            "용적률":296,
            "건폐율":17,
            "Y":37.361871,
            "X":126.968949,
            "rank":46.0,
            "area_info":"24평(80.49), 33평(112.07)",
            "last_sales":"2022-02-06,64000.0,33평(112.07)",
            "rank_history":[
                [
                    "202203",
                    46
                ],
                [
                    "202202",
                    47
                ],
                [
                    "202201",
                    45
                ]
            ],
            "rank_gap":1
        },
        {
            "index":105,
            "아파트명":"효성청솔",
            "투자타입":"일반",
            "전용면적(m2)":"52.48",
            "전용면적(평)":"15평",
            "법정동주소":"경기도 의왕시 삼동 130-1",
            "도로명주소":"경기도 의왕시 부곡시장길 63",
            "세대수":50,
            "입주년차":0,
            "용적률점수":"--",
            "건폐율점수":"--",
            "세대당주차수":0,
            "난방방식":30,
            "공급면적":"--",
            "전용률":"--",
            "욕실수":50,
            "현관타입":100,
            "주거총점":35.5,
            "지역구공급총점":0.0,
            "역세권":50,
            "30분내 이동가능 거점":20,
            "1시간내 이동가능 거점":50,
            "교통총점":41.0,
            "백화점":0,
            "아울렛몰":80,
            "대형마트":80,
            "은행":0,
            "병원":60,
            "종합병원":100,
            "공원":100,
            "혐오시설":0,
            "인프라총점":49.0,
            "초등학군":90.0,
            "중학군":46.2,
            "학군총점":54.96,
            "인구수":18.23,
            "인구증감":-1.61,
            "인구총점":12.278,
            "일자리":7.78,
            "소득수준":61.54,
            "일자리총점":23.908,
            "가치 총점":44.394,
            "매매실거래년":20210422.0,
            "매매실거래가":52000.0,
            "전세실거래년":20210222.0,
            "전세실거래가":15000.0,
            "전세가율":69.12,
            "장기전세가율평균":73.25,
            "전세가율거품지수":4.13,
            "검색코드":2067,
            "세대수":472.0,
            "준공년월":"1997-09-09",
            "준공년차":26.0,
            "가까운역이름":"의왕",
            "가까운역거리":664.13,
            "역세권여부":"준역세권",
            "30분이내주요거점역":1,
            "30분거점역이름":"['수원']",
            "1시간이내주요거점역":5,
            "1시간거점역이름":"['수원시청', '평촌', '가산디지털단지', '수원', '구로디지털단지']",
            "3km이내백화점수":0,
            "5km이내아울렛몰수":1,
            "1km이내대형먀트수":1,
            "500m이내은행수":0,
            "500m이내병원수":24,
            "5km이내대형병원수":3,
            "500m이내공원수":4,
            "3km이내혐오시설수":0,
            "초등학교학업성취도":90.0,
            "중학교학업성취도":76.0,
            "용적률":272,
            "건폐율":19,
            "Y":37.319348,
            "X":126.955382,
            "rank":47.0,
            "area_info":"15평(52.48), 23평(77.81), 31평(105.64), 42평(138.91)",
            "last_sales":"2021-04-22,52000.0,42평(138.91)",
            "rank_history":[
                [
                    "202203",
                    47
                ],
                [
                    "202202",
                    22
                ],
                [
                    "202201",
                    26
                ]
            ],
            "rank_gap":-25
        },
        {
            "index":182,
            "아파트명":"솔거",
            "투자타입":"일반",
            "전용면적(m2)":"66.38",
            "전용면적(평)":"20평",
            "법정동주소":"경기도 의왕시 왕곡동 600",
            "도로명주소":"경기도 의왕시 위인로 20",
            "세대수":50,
            "입주년차":0,
            "용적률점수":"--",
            "건폐율점수":"--",
            "세대당주차수":0,
            "난방방식":30,
            "공급면적":"--",
            "전용률":"--",
            "욕실수":50,
            "현관타입":10,
            "주거총점":26.5,
            "지역구공급총점":0.0,
            "역세권":50,
            "30분내 이동가능 거점":0,
            "1시간내 이동가능 거점":100,
            "교통총점":45.0,
            "백화점":0,
            "아울렛몰":100,
            "대형마트":80,
            "은행":0,
            "병원":30,
            "종합병원":100,
            "공원":100,
            "혐오시설":0,
            "인프라총점":48.0,
            "초등학군":89.99,
            "중학군":47.1,
            "학군총점":55.678,
            "인구수":18.23,
            "인구증감":-1.61,
            "인구총점":12.278,
            "일자리":7.78,
            "소득수준":61.54,
            "일자리총점":23.908,
            "가치 총점":43.8017,
            "매매실거래년":20220212.0,
            "매매실거래가":48000.0,
            "전세실거래년":20220224.0,
            "전세실거래가":16800.0,
            "전세가율":35.97,
            "장기전세가율평균":73.25,
            "전세가율거품지수":37.28,
            "검색코드":2079,
            "세대수":498.0,
            "준공년월":"1994-07-28",
            "준공년차":29.0,
            "가까운역이름":"의왕시청 (2028년 예정)",
            "가까운역거리":518.75,
            "역세권여부":"준역세권",
            "30분이내주요거점역":0,
            "30분거점역이름":"[]",
            "1시간이내주요거점역":12,
            "1시간거점역이름":"['강남', '역삼', '잠실', '판교', '양재', '정자', '수원시청', '평촌', '가산디지털단지', '수원', '구로디지털단지', '서현']",
            "3km이내백화점수":0,
            "5km이내아울렛몰수":2,
            "1km이내대형먀트수":1,
            "500m이내은행수":0,
            "500m이내병원수":5,
            "5km이내대형병원수":2,
            "500m이내공원수":3,
            "3km이내혐오시설수":0,
            "초등학교학업성취도":89.99,
            "중학교학업성취도":78.5,
            "용적률":205,
            "건폐율":16,
            "Y":37.343924,
            "X":126.977546,
            "rank":48.0,
            "area_info":"20평(66.38), 29평(98.25)",
            "last_sales":"2022-02-12,48000.0,29평(98.25)",
            "rank_history":[
                [
                    "202203",
                    48
                ],
                [
                    "202202",
                    51
                ],
                [
                    "202201",
                    56
                ]
            ],
            "rank_gap":3
        },
        {
            "index":217,
            "아파트명":"동부새롬",
            "투자타입":"일반",
            "전용면적(m2)":"78.74",
            "전용면적(평)":"23평",
            "법정동주소":"경기도 의왕시 포일동 533-5",
            "도로명주소":"경기도 의왕시 새롬길 10",
            "세대수":0,
            "입주년차":0,
            "용적률점수":"--",
            "건폐율점수":"--",
            "세대당주차수":0,
            "난방방식":30,
            "공급면적":"--",
            "전용률":"--",
            "욕실수":50,
            "현관타입":10,
            "주거총점":9.0,
            "지역구공급총점":0.0,
            "역세권":0,
            "30분내 이동가능 거점":20,
            "1시간내 이동가능 거점":100,
            "교통총점":26.0,
            "백화점":100,
            "아울렛몰":80,
            "대형마트":80,
            "은행":0,
            "병원":60,
            "종합병원":100,
            "공원":100,
            "혐오시설":0,
            "인프라총점":79.0,
            "초등학군":89.98,
            "중학군":51.8,
            "학군총점":59.436,
            "인구수":18.23,
            "인구증감":-1.61,
            "인구총점":12.278,
            "일자리":7.78,
            "소득수준":61.54,
            "일자리총점":23.908,
            "가치 총점":43.5154,
            "매매실거래년":20211120.0,
            "매매실거래가":49000.0,
            "전세실거래년":20220222.0,
            "전세실거래가":38000.0,
            "전세가율":77.55,
            "장기전세가율평균":73.25,
            "전세가율거품지수":-4.3,
            "검색코드":2810,
            "세대수":269.0,
            "준공년월":"1997-11-20",
            "준공년차":26.0,
            "가까운역이름":"인덕원",
            "가까운역거리":1112.85,
            "역세권여부":"비역세권",
            "30분이내주요거점역":1,
            "30분거점역이름":"['평촌']",
            "1시간이내주요거점역":11,
            "1시간거점역이름":"['강남', '역삼', '판교', '여의도', '양재', '평촌', '가산디지털단지', '수원', '구로디지털단지', '명동', '안산']",
            "3km이내백화점수":1,
            "5km이내아울렛몰수":1,
            "1km이내대형먀트수":1,
            "500m이내은행수":1,
            "500m이내병원수":11,
            "5km이내대형병원수":3,
            "500m이내공원수":6,
            "3km이내혐오시설수":0,
            "초등학교학업성취도":89.98,
            "중학교학업성취도":81.8,
            "용적률":373,
            "건폐율":26,
            "Y":37.392107,
            "X":126.981048,
            "rank":49.0,
            "area_info":"23평(78.74), 30평(101.27), 34평(112.98)",
            "last_sales":"2021-11-20,49000.0,23평(78.74)",
            "rank_history":[
                [
                    "202203",
                    49
                ],
                [
                    "202202",
                    33
                ],
                [
                    "202201",
                    42
                ]
            ],
            "rank_gap":-16
        },
        {
            "index":259,
            "아파트명":"한일나래",
            "투자타입":"일반",
            "전용면적(m2)":"84.45",
            "전용면적(평)":"25평",
            "법정동주소":"경기도 의왕시 포일동 533-1",
            "도로명주소":"경기도 의왕시 새롬길 7",
            "세대수":0,
            "입주년차":0,
            "용적률점수":"--",
            "건폐율점수":"--",
            "세대당주차수":0,
            "난방방식":30,
            "공급면적":"--",
            "전용률":"--",
            "욕실수":50,
            "현관타입":10,
            "주거총점":9.0,
            "지역구공급총점":0.0,
            "역세권":0,
            "30분내 이동가능 거점":20,
            "1시간내 이동가능 거점":100,
            "교통총점":26.0,
            "백화점":100,
            "아울렛몰":80,
            "대형마트":80,
            "은행":0,
            "병원":60,
            "종합병원":100,
            "공원":100,
            "혐오시설":0,
            "인프라총점":79.0,
            "초등학군":89.98,
            "중학군":51.8,
            "학군총점":59.436,
            "인구수":18.23,
            "인구증감":-1.61,
            "인구총점":12.278,
            "일자리":7.78,
            "소득수준":61.54,
            "일자리총점":23.908,
            "가치 총점":43.5154,
            "매매실거래년":20220121.0,
            "매매실거래가":65800.0,
            "전세실거래년":20220219.0,
            "전세실거래가":38000.0,
            "전세가율":69.09,
            "장기전세가율평균":73.25,
            "전세가율거품지수":4.16,
            "검색코드":2812,
            "세대수":214.0,
            "준공년월":"1997-10-30",
            "준공년차":26.0,
            "가까운역이름":"인덕원",
            "가까운역거리":1037.23,
            "역세권여부":"비역세권",
            "30분이내주요거점역":1,
            "30분거점역이름":"['평촌']",
            "1시간이내주요거점역":12,
            "1시간거점역이름":"['강남', '역삼', '판교', '여의도', '양재', '수원시청', '평촌', '가산디지털단지', '수원', '구로디지털단지', '명동', '안산']",
            "3km이내백화점수":1,
            "5km이내아울렛몰수":1,
            "1km이내대형먀트수":1,
            "500m이내은행수":1,
            "500m이내병원수":13,
            "5km이내대형병원수":4,
            "500m이내공원수":6,
            "3km이내혐오시설수":0,
            "초등학교학업성취도":89.98,
            "중학교학업성취도":81.8,
            "용적률":384,
            "건폐율":29,
            "Y":37.392605,
            "X":126.980239,
            "rank":49.0,
            "area_info":"25평(84.45), 25평(85.42), 33평(109.51)",
            "last_sales":"2022-01-21,65800.0,33평(109.51)",
            "rank_history":[
                [
                    "202203",
                    49
                ],
                [
                    "202202",
                    29
                ],
                [
                    "202201",
                    33
                ]
            ],
            "rank_gap":-20
        },
        {
            "index":174,
            "아파트명":"진달래",
            "투자타입":"일반",
            "전용면적(m2)":"79.66",
            "전용면적(평)":"24평",
            "법정동주소":"경기도 의왕시 오전동 21",
            "도로명주소":"경기도 의왕시 호성로 48-7",
            "세대수":50,
            "입주년차":0,
            "용적률점수":"--",
            "건폐율점수":"--",
            "세대당주차수":0,
            "난방방식":30,
            "공급면적":"--",
            "전용률":"--",
            "욕실수":50,
            "현관타입":10,
            "주거총점":26.5,
            "지역구공급총점":0.0,
            "역세권":50,
            "30분내 이동가능 거점":0,
            "1시간내 이동가능 거점":30,
            "교통총점":31.0,
            "백화점":100,
            "아울렛몰":100,
            "대형마트":0,
            "은행":0,
            "병원":0,
            "종합병원":100,
            "공원":0,
            "혐오시설":0,
            "인프라총점":60.0,
            "초등학군":89.99,
            "중학군":53.82,
            "학군총점":61.054,
            "인구수":18.23,
            "인구증감":-1.61,
            "인구총점":12.278,
            "일자리":7.78,
            "소득수준":61.54,
            "일자리총점":23.908,
            "가치 총점":43.3081,
            "매매실거래년":20211105.0,
            "매매실거래가":46000.0,
            "전세실거래년":20220208.0,
            "전세실거래가":3000.0,
            "전세가율":6.52,
            "장기전세가율평균":73.25,
            "전세가율거품지수":66.73,
            "검색코드":2076,
            "세대수":566.0,
            "준공년월":"1998-04-27",
            "준공년차":25.0,
            "가까운역이름":"호계사거리 (2028년 예정)",
            "가까운역거리":794.12,
            "역세권여부":"준역세권",
            "30분이내주요거점역":0,
            "30분거점역이름":"[]",
            "1시간이내주요거점역":3,
            "1시간거점역이름":"['평촌', '수원', '구로디지털단지']",
            "3km이내백화점수":1,
            "5km이내아울렛몰수":2,
            "1km이내대형먀트수":0,
            "500m이내은행수":0,
            "500m이내병원수":0,
            "5km이내대형병원수":5,
            "500m이내공원수":0,
            "3km이내혐오시설수":0,
            "초등학교학업성취도":89.99,
            "중학교학업성취도":87.3,
            "용적률":341,
            "건폐율":19,
            "Y":37.366953,
            "X":126.965809,
            "rank":50.0,
            "area_info":"24평(79.66), 31평(104.56), 37평(122.74), 41평(135.8), 52평(172.61)",
            "last_sales":"2021-11-05,46000.0,24평(79.66)",
            "rank_history":[
                [
                    "202203",
                    50
                ],
                [
                    "202202",
                    54
                ],
                [
                    "202201",
                    55
                ]
            ],
            "rank_gap":4
        },
        {
            "index":125,
            "아파트명":"목련",
            "투자타입":"일반",
            "전용면적(m2)":"66.65",
            "전용면적(평)":"20평",
            "법정동주소":"경기도 의왕시 오전동 842",
            "도로명주소":"경기도 의왕시 오전로 163",
            "세대수":30,
            "입주년차":0,
            "용적률점수":"--",
            "건폐율점수":"--",
            "세대당주차수":0,
            "난방방식":100,
            "공급면적":"--",
            "전용률":"--",
            "욕실수":50,
            "현관타입":10,
            "주거총점":26.5,
            "지역구공급총점":0.0,
            "역세권":50,
            "30분내 이동가능 거점":0,
            "1시간내 이동가능 거점":50,
            "교통총점":35.0,
            "백화점":0,
            "아울렛몰":100,
            "대형마트":80,
            "은행":70,
            "병원":60,
            "종합병원":100,
            "공원":100,
            "혐오시설":0,
            "인프라총점":58.0,
            "초등학군":89.91,
            "중학군":47.1,
            "학군총점":55.662,
            "인구수":18.23,
            "인구증감":-1.61,
            "인구총점":12.278,
            "일자리":7.78,
            "소득수준":61.54,
            "일자리총점":23.908,
            "가치 총점":43.2993,
            "매매실거래년":20210820.0,
            "매매실거래가":40000.0,
            "전세실거래년":20220224.0,
            "전세실거래가":19950.0,
            "전세가율":48.66,
            "장기전세가율평균":73.25,
            "전세가율거품지수":24.59,
            "검색코드":2072,
            "세대수":354.0,
            "준공년월":"1994-10-05",
            "준공년차":29.0,
            "가까운역이름":"오전 (2028년 예정)",
            "가까운역거리":564.73,
            "역세권여부":"준역세권",
            "30분이내주요거점역":0,
            "30분거점역이름":"[]",
            "1시간이내주요거점역":5,
            "1시간거점역이름":"['수원시청', '평촌', '가산디지털단지', '수원', '구로디지털단지']",
            "3km이내백화점수":0,
            "5km이내아울렛몰수":2,
            "1km이내대형먀트수":1,
            "500m이내은행수":3,
            "500m이내병원수":16,
            "5km이내대형병원수":4,
            "500m이내공원수":3,
            "3km이내혐오시설수":0,
            "초등학교학업성취도":89.91,
            "중학교학업성취도":78.5,
            "용적률":199,
            "건폐율":14,
            "Y":37.35508,
            "X":126.970295,
            "rank":51.0,
            "area_info":"20평(66.65), 29평(98.3)",
            "last_sales":"2021-08-20,40000.0,29평(98.3)",
            "rank_history":[
                [
                    "202203",
                    51
                ],
                [
                    "202202",
                    52
                ],
                [
                    "202201",
                    54
                ]
            ],
            "rank_gap":1
        },
        {
            "index":203,
            "아파트명":"청계마을휴먼시아2단지",
            "투자타입":"일반",
            "전용면적(m2)":"98.67",
            "전용면적(평)":"29평",
            "법정동주소":"경기도 의왕시 청계동 976",
            "도로명주소":"경기도 의왕시 청계1로 27",
            "세대수":0,
            "입주년차":40,
            "용적률점수":"--",
            "건폐율점수":"--",
            "세대당주차수":30,
            "난방방식":100,
            "공급면적":"--",
            "전용률":"--",
            "욕실수":100,
            "현관타입":100,
            "주거총점":42.5,
            "지역구공급총점":0.0,
            "역세권":80,
            "30분내 이동가능 거점":0,
            "1시간내 이동가능 거점":40,
            "교통총점":48.0,
            "백화점":0,
            "아울렛몰":80,
            "대형마트":0,
            "은행":0,
            "병원":10,
            "종합병원":80,
            "공원":100,
            "혐오시설":0,
            "인프라총점":28.0,
            "초등학군":89.96,
            "중학군":54.68,
            "학군총점":61.736,
            "인구수":18.23,
            "인구증감":-1.61,
            "인구총점":12.278,
            "일자리":7.78,
            "소득수준":61.54,
            "일자리총점":23.908,
            "가치 총점":42.9604,
            "매매실거래년":20210806.0,
            "매매실거래가":100000.0,
            "전세실거래년":20211113.0,
            "전세실거래가":55000.0,
            "전세가율":73.33,
            "장기전세가율평균":73.25,
            "전세가율거품지수":-0.08,
            "검색코드":25998,
            "세대수":273.0,
            "준공년월":"2007-09-18",
            "준공년차":16.0,
            "가까운역이름":"청계 (2026년 예정)",
            "가까운역거리":376.56,
            "역세권여부":"역세권",
            "30분이내주요거점역":0,
            "30분거점역이름":"[]",
            "1시간이내주요거점역":4,
            "1시간거점역이름":"['판교', '평촌', '수원', 'GTX성남(2023년)']",
            "3km이내백화점수":0,
            "5km이내아울렛몰수":1,
            "1km이내대형먀트수":0,
            "500m이내은행수":0,
            "500m이내병원수":4,
            "5km이내대형병원수":1,
            "500m이내공원수":7,
            "3km이내혐오시설수":0,
            "초등학교학업성취도":89.96,
            "중학교학업성취도":88.2,
            "용적률":179,
            "건폐율":23,
            "Y":37.391449,
            "X":126.997872,
            "rank":52.0,
            "area_info":"29평(98.67), 33평(110.68), 33평(110.6), 33평(110.57), 33평(110.64), 33평(110.57), 33평(110.64)",
            "last_sales":"2021-08-06,100000.0,33평(110.57)",
            "rank_history":[
                [
                    "202203",
                    52
                ],
                [
                    "202202",
                    70
                ],
                [
                    "202201",
                    73
                ]
            ],
            "rank_gap":18
        },
        {
            "index":140,
            "아파트명":"성원이화2차",
            "투자타입":"일반",
            "전용면적(m2)":"73.99",
            "전용면적(평)":"22평",
            "법정동주소":"경기도 의왕시 오전동 104-20",
            "도로명주소":"경기도 의왕시 보식골로 13",
            "세대수":0,
            "입주년차":20,
            "용적률점수":"--",
            "건폐율점수":"--",
            "세대당주차수":30,
            "난방방식":30,
            "공급면적":"--",
            "전용률":"--",
            "욕실수":50,
            "현관타입":100,
            "주거총점":26.5,
            "지역구공급총점":0.0,
            "역세권":80,
            "30분내 이동가능 거점":0,
            "1시간내 이동가능 거점":40,
            "교통총점":48.0,
            "백화점":0,
            "아울렛몰":100,
            "대형마트":0,
            "은행":0,
            "병원":60,
            "종합병원":100,
            "공원":100,
            "혐오시설":0,
            "인프라총점":39.0,
            "초등학군":89.96,
            "중학군":53.82,
            "학군총점":61.048,
            "인구수":18.23,
            "인구증감":-1.61,
            "인구총점":12.278,
            "일자리":7.78,
            "소득수준":61.54,
            "일자리총점":23.908,
            "가치 총점":42.9572,
            "매매실거래년":20210415.0,
            "매매실거래가":55000.0,
            "전세실거래년":20211006.0,
            "전세실거래가":40000.0,
            "전세가율":103.36,
            "장기전세가율평균":73.25,
            "전세가율거품지수":-30.11,
            "검색코드":11640,
            "세대수":201.0,
            "준공년월":"1999-10-09",
            "준공년차":24.0,
            "가까운역이름":"오전 (2028년 예정)",
            "가까운역거리":394.74,
            "역세권여부":"역세권",
            "30분이내주요거점역":0,
            "30분거점역이름":"[]",
            "1시간이내주요거점역":4,
            "1시간거점역이름":"['평촌', '가산디지털단지', '수원', '구로디지털단지']",
            "3km이내백화점수":0,
            "5km이내아울렛몰수":2,
            "1km이내대형먀트수":0,
            "500m이내은행수":1,
            "500m이내병원수":21,
            "5km이내대형병원수":4,
            "500m이내공원수":4,
            "3km이내혐오시설수":0,
            "초등학교학업성취도":89.96,
            "중학교학업성취도":87.3,
            "용적률":258,
            "건폐율":12,
            "Y":37.359523,
            "X":126.969342,
            "rank":53.0,
            "area_info":"22평(73.99), 31평(104.79), 42평(142.07), 52평(174.96)",
            "last_sales":"2021-04-15,55000.0,42평(142.07)",
            "rank_history":[
                [
                    "202203",
                    53
                ],
                [
                    "202202",
                    67
                ],
                [
                    "202201",
                    70
                ]
            ],
            "rank_gap":14
        },
        {
            "index":114,
            "아파트명":"대명솔채",
            "투자타입":"일반",
            "전용면적(m2)":"87.57",
            "전용면적(평)":"26평",
            "법정동주소":"경기도 의왕시 오전동 887",
            "도로명주소":"경기도 의왕시 보식골로 17",
            "세대수":50,
            "입주년차":60,
            "용적률점수":"--",
            "건폐율점수":"--",
            "세대당주차수":30,
            "난방방식":30,
            "공급면적":"--",
            "전용률":"--",
            "욕실수":100,
            "현관타입":50,
            "주거총점":52.0,
            "지역구공급총점":0.0,
            "역세권":50,
            "30분내 이동가능 거점":0,
            "1시간내 이동가능 거점":40,
            "교통총점":33.0,
            "백화점":0,
            "아울렛몰":100,
            "대형마트":0,
            "은행":0,
            "병원":60,
            "종합병원":100,
            "공원":100,
            "혐오시설":0,
            "인프라총점":39.0,
            "초등학군":89.96,
            "중학군":54.54,
            "학군총점":61.624,
            "인구수":18.23,
            "인구증감":-1.61,
            "인구총점":12.278,
            "일자리":7.78,
            "소득수준":61.54,
            "일자리총점":23.908,
            "가치 총점":42.8936,
            "매매실거래년":20211026.0,
            "매매실거래가":75000.0,
            "전세실거래년":20211111.0,
            "전세실거래가":38000.0,
            "전세가율":61.79,
            "장기전세가율평균":73.25,
            "전세가율거품지수":11.46,
            "검색코드":27454,
            "세대수":445.0,
            "준공년월":"2009-11-06",
            "준공년차":14.0,
            "가까운역이름":"오전 (2028년 예정)",
            "가까운역거리":523.4,
            "역세권여부":"준역세권",
            "30분이내주요거점역":0,
            "30분거점역이름":"[]",
            "1시간이내주요거점역":4,
            "1시간거점역이름":"['평촌', '가산디지털단지', '수원', '구로디지털단지']",
            "3km이내백화점수":0,
            "5km이내아울렛몰수":2,
            "1km이내대형먀트수":0,
            "500m이내은행수":1,
            "500m이내병원수":21,
            "5km이내대형병원수":4,
            "500m이내공원수":4,
            "3km이내혐오시설수":0,
            "초등학교학업성취도":89.96,
            "중학교학업성취도":87.5,
            "용적률":259,
            "건폐율":19,
            "Y":37.359958,
            "X":126.970691,
            "rank":54.0,
            "area_info":"26평(87.57), 26평(88.29), 33평(110.05), 33평(111.53)",
            "last_sales":"2021-10-26,75000.0,33평(110.05)",
            "rank_history":[
                [
                    "202203",
                    54
                ],
                [
                    "202202",
                    56
                ],
                [
                    "202201",
                    58
                ]
            ],
            "rank_gap":2
        },
        {
            "index":99,
            "아파트명":"장미",
            "투자타입":"일반",
            "전용면적(m2)":"67.61",
            "전용면적(평)":"20평",
            "법정동주소":"경기도 의왕시 삼동 462-32",
            "도로명주소":"경기도 의왕시 부곡복지관길 27",
            "세대수":50,
            "입주년차":0,
            "용적률점수":"--",
            "건폐율점수":"--",
            "세대당주차수":0,
            "난방방식":30,
            "공급면적":"--",
            "전용률":"--",
            "욕실수":50,
            "현관타입":10,
            "주거총점":26.5,
            "지역구공급총점":0.0,
            "역세권":50,
            "30분내 이동가능 거점":20,
            "1시간내 이동가능 거점":50,
            "교통총점":41.0,
            "백화점":0,
            "아울렛몰":80,
            "대형마트":80,
            "은행":0,
            "병원":60,
            "종합병원":100,
            "공원":100,
            "혐오시설":0,
            "인프라총점":49.0,
            "초등학군":90.0,
            "중학군":46.2,
            "학군총점":54.96,
            "인구수":18.23,
            "인구증감":-1.61,
            "인구총점":12.278,
            "일자리":7.78,
            "소득수준":61.54,
            "일자리총점":23.908,
            "가치 총점":42.594,
            "매매실거래년":20220114.0,
            "매매실거래가":41500.0,
            "전세실거래년":20220221.0,
            "전세실거래가":15750.0,
            "전세가율":37.95,
            "장기전세가율평균":73.25,
            "전세가율거품지수":35.3,
            "검색코드":8780,
            "세대수":520.0,
            "준공년월":"1995-09-27",
            "준공년차":28.0,
            "가까운역이름":"의왕",
            "가까운역거리":745.97,
            "역세권여부":"준역세권",
            "30분이내주요거점역":1,
            "30분거점역이름":"['수원']",
            "1시간이내주요거점역":5,
            "1시간거점역이름":"['수원시청', '평촌', '가산디지털단지', '수원', '구로디지털단지']",
            "3km이내백화점수":0,
            "5km이내아울렛몰수":1,
            "1km이내대형먀트수":1,
            "500m이내은행수":0,
            "500m이내병원수":17,
            "5km이내대형병원수":3,
            "500m이내공원수":2,
            "3km이내혐오시설수":0,
            "초등학교학업성취도":90.0,
            "중학교학업성취도":76.0,
            "용적률":214,
            "건폐율":44,
            "Y":37.322282,
            "X":126.956052,
            "rank":55.0,
            "area_info":"20평(67.61)",
            "last_sales":"2022-01-14,41500.0,20평(67.61)",
            "rank_history":[
                [
                    "202203",
                    55
                ],
                [
                    "202202",
                    26
                ],
                [
                    "202201",
                    28
                ]
            ],
            "rank_gap":-29
        },
        {
            "index":135,
            "아파트명":"삼호백조",
            "투자타입":"재건축",
            "전용면적(m2)":"83.86",
            "전용면적(평)":"25평",
            "법정동주소":"경기도 의왕시 오전동 358-1",
            "도로명주소":"경기도 의왕시 모란길 31",
            "세대수":0,
            "입주년차":"--",
            "용적률점수":0,
            "건폐율점수":100,
            "세대당주차수":"--",
            "난방방식":"--",
            "공급면적":70,
            "전용률":60,
            "욕실수":"--",
            "현관타입":"--",
            "주거총점":26.5,
            "지역구공급총점":0.0,
            "역세권":50,
            "30분내 이동가능 거점":0,
            "1시간내 이동가능 거점":60,
            "교통총점":37.0,
            "백화점":0,
            "아울렛몰":100,
            "대형마트":80,
            "은행":20,
            "병원":60,
            "종합병원":100,
            "공원":100,
            "혐오시설":0,
            "인프라총점":53.0,
            "초등학군":89.91,
            "중학군":47.1,
            "학군총점":55.662,
            "인구수":18.23,
            "인구증감":-1.61,
            "인구총점":12.278,
            "일자리":7.78,
            "소득수준":61.54,
            "일자리총점":23.908,
            "가치 총점":42.4993,
            "매매실거래년":20211001.0,
            "매매실거래가":75000.0,
            "전세실거래년":20211012.0,
            "전세실거래가":16500.0,
            "전세가율":30.0,
            "장기전세가율평균":73.25,
            "전세가율거품지수":43.25,
            "검색코드":2074,
            "세대수":269.0,
            "준공년월":"1992-06-24",
            "준공년차":31.0,
            "가까운역이름":"의왕시청 (2028년 예정)",
            "가까운역거리":547.23,
            "역세권여부":"준역세권",
            "30분이내주요거점역":0,
            "30분거점역이름":"[]",
            "1시간이내주요거점역":6,
            "1시간거점역이름":"['강남', '평촌', '가산디지털단지', '수원', '구로디지털단지', '서현']",
            "3km이내백화점수":0,
            "5km이내아울렛몰수":2,
            "1km이내대형먀트수":1,
            "500m이내은행수":2,
            "500m이내병원수":10,
            "5km이내대형병원수":4,
            "500m이내공원수":2,
            "3km이내혐오시설수":0,
            "초등학교학업성취도":89.91,
            "중학교학업성취도":78.5,
            "용적률":265,
            "건폐율":18,
            "Y":37.352688,
            "X":126.97605,
            "rank":56.0,
            "area_info":"25평(83.86), 33평(111.33)",
            "last_sales":"2021-10-01,75000.0,33평(111.33)",
            "rank_history":[
                [
                    "202203",
                    56
                ],
                [
                    "202202",
                    57
                ],
                [
                    "202201",
                    59
                ]
            ],
            "rank_gap":1
        },
        {
            "index":128,
            "아파트명":"무궁화",
            "투자타입":"일반",
            "전용면적(m2)":"73.6",
            "전용면적(평)":"22평",
            "법정동주소":"경기도 의왕시 오전동 854",
            "도로명주소":"경기도 의왕시 오전로 63",
            "세대수":30,
            "입주년차":0,
            "용적률점수":"--",
            "건폐율점수":"--",
            "세대당주차수":0,
            "난방방식":30,
            "공급면적":"--",
            "전용률":"--",
            "욕실수":50,
            "현관타입":10,
            "주거총점":19.5,
            "지역구공급총점":0.0,
            "역세권":50,
            "30분내 이동가능 거점":0,
            "1시간내 이동가능 거점":100,
            "교통총점":45.0,
            "백화점":0,
            "아울렛몰":100,
            "대형마트":80,
            "은행":0,
            "병원":0,
            "종합병원":100,
            "공원":100,
            "혐오시설":0,
            "인프라총점":45.0,
            "초등학군":89.99,
            "중학군":49.34,
            "학군총점":57.47,
            "인구수":18.23,
            "인구증감":-1.61,
            "인구총점":12.278,
            "일자리":7.78,
            "소득수준":61.54,
            "일자리총점":23.908,
            "가치 총점":41.7705,
            "매매실거래년":20211206.0,
            "매매실거래가":59500.0,
            "전세실거래년":20200327.0,
            "전세실거래가":17500.0,
            "전세가율":56.45,
            "장기전세가율평균":73.25,
            "전세가율거품지수":16.8,
            "검색코드":2075,
            "세대수":370.0,
            "준공년월":"1995-08-30",
            "준공년차":28.0,
            "가까운역이름":"의왕시청 (2028년 예정)",
            "가까운역거리":555.38,
            "역세권여부":"준역세권",
            "30분이내주요거점역":0,
            "30분거점역이름":"[]",
            "1시간이내주요거점역":10,
            "1시간거점역이름":"['강남', '역삼', '잠실', '판교', '양재', '정자', '평촌', '가산디지털단지', '수원', '서현']",
            "3km이내백화점수":0,
            "5km이내아울렛몰수":2,
            "1km이내대형먀트수":1,
            "500m이내은행수":0,
            "500m이내병원수":1,
            "5km이내대형병원수":4,
            "500m이내공원수":2,
            "3km이내혐오시설수":0,
            "초등학교학업성취도":89.99,
            "중학교학업성취도":81.7,
            "용적률":196,
            "건폐율":17,
            "Y":37.35114,
            "X":126.97932,
            "rank":57.0,
            "area_info":"22평(73.6), 32평(105.99)",
            "last_sales":"2021-12-06,59500.0,32평(105.99)",
            "rank_history":[
                [
                    "202203",
                    57
                ],
                [
                    "202202",
                    58
                ],
                [
                    "202201",
                    61
                ]
            ],
            "rank_gap":1
        },
        {
            "index":109,
            "아파트명":"개나리",
            "투자타입":"일반",
            "전용면적(m2)":"64.71",
            "전용면적(평)":"19평",
            "법정동주소":"경기도 의왕시 오전동 856",
            "도로명주소":"경기도 의왕시 오전로 43",
            "세대수":0,
            "입주년차":0,
            "용적률점수":"--",
            "건폐율점수":"--",
            "세대당주차수":0,
            "난방방식":30,
            "공급면적":"--",
            "전용률":"--",
            "욕실수":50,
            "현관타입":100,
            "주거총점":18.0,
            "지역구공급총점":0.0,
            "역세권":50,
            "30분내 이동가능 거점":0,
            "1시간내 이동가능 거점":100,
            "교통총점":45.0,
            "백화점":0,
            "아울렛몰":100,
            "대형마트":80,
            "은행":0,
            "병원":10,
            "종합병원":100,
            "공원":100,
            "혐오시설":0,
            "인프라총점":46.0,
            "초등학군":89.99,
            "중학군":49.34,
            "학군총점":57.47,
            "인구수":18.23,
            "인구증감":-1.61,
            "인구총점":12.278,
            "일자리":7.78,
            "소득수준":61.54,
            "일자리총점":23.908,
            "가치 총점":41.7705,
            "매매실거래년":20211011.0,
            "매매실거래가":49500.0,
            "전세실거래년":20211227.0,
            "전세실거래가":18900.0,
            "전세가율":57.45,
            "장기전세가율평균":73.25,
            "전세가율거품지수":15.8,
            "검색코드":2068,
            "세대수":166.0,
            "준공년월":"1994-07-29",
            "준공년차":29.0,
            "가까운역이름":"의왕시청 (2028년 예정)",
            "가까운역거리":578.46,
            "역세권여부":"준역세권",
            "30분이내주요거점역":0,
            "30분거점역이름":"[]",
            "1시간이내주요거점역":13,
            "1시간거점역이름":"['강남', '역삼', '잠실', '을지로3가', '양재', '정자', '수원시청', '평촌', '가산디지털단지', '수원', '안산', '서현', 'GTX성남(2023년)']",
            "3km이내백화점수":0,
            "5km이내아울렛몰수":2,
            "1km이내대형먀트수":1,
            "500m이내은행수":0,
            "500m이내병원수":2,
            "5km이내대형병원수":3,
            "500m이내공원수":2,
            "3km이내혐오시설수":0,
            "초등학교학업성취도":89.99,
            "중학교학업성취도":81.7,
            "용적률":199,
            "건폐율":19,
            "Y":37.349808,
            "X":126.980615,
            "rank":57.0,
            "area_info":"19평(64.71), 22평(75.32)",
            "last_sales":"2021-10-11,49500.0,22평(75.32)",
            "rank_history":[
                [
                    "202203",
                    57
                ],
                [
                    "202202",
                    58
                ],
                [
                    "202201",
                    61
                ]
            ],
            "rank_gap":1
        },
        {
            "index":59,
            "아파트명":"새천년미주",
            "투자타입":"일반",
            "전용면적(m2)":"78.3",
            "전용면적(평)":"23평",
            "법정동주소":"경기도 의왕시 삼동 282-2",
            "도로명주소":"경기도 의왕시 부곡복지관길 40",
            "세대수":0,
            "입주년차":20,
            "용적률점수":"--",
            "건폐율점수":"--",
            "세대당주차수":30,
            "난방방식":30,
            "공급면적":"--",
            "전용률":"--",
            "욕실수":50,
            "현관타입":100,
            "주거총점":26.5,
            "지역구공급총점":0.0,
            "역세권":50,
            "30분내 이동가능 거점":20,
            "1시간내 이동가능 거점":60,
            "교통총점":43.0,
            "백화점":0,
            "아울렛몰":80,
            "대형마트":80,
            "은행":0,
            "병원":10,
            "종합병원":100,
            "공원":80,
            "혐오시설":0,
            "인프라총점":43.4,
            "초등학군":90.0,
            "중학군":46.2,
            "학군총점":54.96,
            "인구수":18.23,
            "인구증감":-1.61,
            "인구총점":12.278,
            "일자리":7.78,
            "소득수준":61.54,
            "일자리총점":23.908,
            "가치 총점":41.614,
            "매매실거래년":20210927.0,
            "매매실거래가":41000.0,
            "전세실거래년":20220126.0,
            "전세실거래가":20000.0,
            "전세가율":37.04,
            "장기전세가율평균":73.25,
            "전세가율거품지수":36.21,
            "검색코드":2806,
            "세대수":299.0,
            "준공년월":"2000-06-26",
            "준공년차":23.0,
            "가까운역이름":"의왕",
            "가까운역거리":882.48,
            "역세권여부":"준역세권",
            "30분이내주요거점역":1,
            "30분거점역이름":"['수원']",
            "1시간이내주요거점역":6,
            "1시간거점역이름":"['수원시청', '평촌', '가산디지털단지', '수원', '구로디지털단지', '안산']",
            "3km이내백화점수":0,
            "5km이내아울렛몰수":1,
            "1km이내대형먀트수":1,
            "500m이내은행수":0,
            "500m이내병원수":3,
            "5km이내대형병원수":3,
            "500m이내공원수":1,
            "3km이내혐오시설수":0,
            "초등학교학업성취도":90.0,
            "중학교학업성취도":76.0,
            "용적률":305,
            "건폐율":23,
            "Y":37.32402,
            "X":126.95682,
            "rank":58.0,
            "area_info":"23평(78.3), 31평(104.58), 42평(142.07)",
            "last_sales":"2021-09-27,41000.0,42평(142.07)",
            "rank_history":[
                [
                    "202203",
                    58
                ],
                [
                    "202202",
                    28
                ],
                [
                    "202201",
                    32
                ]
            ],
            "rank_gap":-30
        },
        {
            "index":121,
            "아파트명":"매화",
            "투자타입":"일반",
            "전용면적(m2)":"84.76",
            "전용면적(평)":"25평",
            "법정동주소":"경기도 의왕시 오전동 104",
            "도로명주소":"경기도 의왕시 오전로 208",
            "세대수":0,
            "입주년차":0,
            "용적률점수":"--",
            "건폐율점수":"--",
            "세대당주차수":0,
            "난방방식":30,
            "공급면적":"--",
            "전용률":"--",
            "욕실수":50,
            "현관타입":10,
            "주거총점":9.0,
            "지역구공급총점":0.0,
            "역세권":80,
            "30분내 이동가능 거점":0,
            "1시간내 이동가능 거점":60,
            "교통총점":52.0,
            "백화점":0,
            "아울렛몰":100,
            "대형마트":0,
            "은행":20,
            "병원":60,
            "종합병원":100,
            "공원":100,
            "혐오시설":0,
            "인프라총점":41.0,
            "초등학군":90.08,
            "중학군":53.82,
            "학군총점":61.072,
            "인구수":18.23,
            "인구증감":-1.61,
            "인구총점":12.278,
            "일자리":7.78,
            "소득수준":61.54,
            "일자리총점":23.908,
            "가치 총점":41.4608,
            "매매실거래년":20211109.0,
            "매매실거래가":57000.0,
            "전세실거래년":20220106.0,
            "전세실거래가":27000.0,
            "전세가율":56.25,
            "장기전세가율평균":73.25,
            "전세가율거품지수":17.0,
            "검색코드":9181,
            "세대수":265.0,
            "준공년월":"1997-11-06",
            "준공년차":26.0,
            "가까운역이름":"오전 (2028년 예정)",
            "가까운역거리":296.19,
            "역세권여부":"역세권",
            "30분이내주요거점역":0,
            "30분거점역이름":"[]",
            "1시간이내주요거점역":6,
            "1시간거점역이름":"['양재', '수원시청', '평촌', '가산디지털단지', '수원', '구로디지털단지']",
            "3km이내백화점수":0,
            "5km이내아울렛몰수":2,
            "1km이내대형먀트수":0,
            "500m이내은행수":2,
            "500m이내병원수":20,
            "5km이내대형병원수":4,
            "500m이내공원수":4,
            "3km이내혐오시설수":0,
            "초등학교학업성취도":90.08,
            "중학교학업성취도":87.3,
            "용적률":309,
            "건폐율":20,
            "Y":37.359753,
            "X":126.967905,
            "rank":59.0,
            "area_info":"25평(84.76), 32평(108.23)",
            "last_sales":"2021-11-09,57000.0,32평(108.23)",
            "rank_history":[
                [
                    "202203",
                    59
                ],
                [
                    "202202",
                    71
                ],
                [
                    "202201",
                    74
                ]
            ],
            "rank_gap":12
        },
        {
            "index":111,
            "아파트명":"국화",
            "투자타입":"일반",
            "전용면적(m2)":"64.07",
            "전용면적(평)":"19평",
            "법정동주소":"경기도 의왕시 오전동 838-3",
            "도로명주소":"경기도 의왕시 원골로 13",
            "세대수":0,
            "입주년차":0,
            "용적률점수":"--",
            "건폐율점수":"--",
            "세대당주차수":0,
            "난방방식":30,
            "공급면적":"--",
            "전용률":"--",
            "욕실수":50,
            "현관타입":10,
            "주거총점":9.0,
            "지역구공급총점":0.0,
            "역세권":80,
            "30분내 이동가능 거점":0,
            "1시간내 이동가능 거점":60,
            "교통총점":52.0,
            "백화점":0,
            "아울렛몰":100,
            "대형마트":0,
            "은행":20,
            "병원":60,
            "종합병원":100,
            "공원":100,
            "혐오시설":0,
            "인프라총점":41.0,
            "초등학군":90.08,
            "중학군":53.82,
            "학군총점":61.072,
            "인구수":18.23,
            "인구증감":-1.61,
            "인구총점":12.278,
            "일자리":7.78,
            "소득수준":61.54,
            "일자리총점":23.908,
            "가치 총점":41.4608,
            "매매실거래년":20211006.0,
            "매매실거래가":38000.0,
            "전세실거래년":20220207.0,
            "전세실거래가":28000.0,
            "전세가율":73.68,
            "장기전세가율평균":73.25,
            "전세가율거품지수":-0.43,
            "검색코드":2070,
            "세대수":220.0,
            "준공년월":"1994-12-15",
            "준공년차":29.0,
            "가까운역이름":"오전 (2028년 예정)",
            "가까운역거리":154.73,
            "역세권여부":"역세권",
            "30분이내주요거점역":0,
            "30분거점역이름":"[]",
            "1시간이내주요거점역":6,
            "1시간거점역이름":"['양재', '수원시청', '평촌', '가산디지털단지', '수원', '구로디지털단지']",
            "3km이내백화점수":0,
            "5km이내아울렛몰수":2,
            "1km이내대형먀트수":0,
            "500m이내은행수":2,
            "500m이내병원수":20,
            "5km이내대형병원수":4,
            "500m이내공원수":4,
            "3km이내혐오시설수":0,
            "초등학교학업성취도":90.08,
            "중학교학업성취도":87.3,
            "용적률":199,
            "건폐율":13,
            "Y":37.358753,
            "X":126.966802,
            "rank":59.0,
            "area_info":"19평(64.07), 30평(102.15)",
            "last_sales":"2021-10-06,38000.0,19평(64.07)",
            "rank_history":[
                [
                    "202203",
                    59
                ],
                [
                    "202202",
                    71
                ],
                [
                    "202201",
                    74
                ]
            ],
            "rank_gap":12
        },
        {
            "index":243,
            "아파트명":"인덕원숲속마을5단지",
            "투자타입":"일반",
            "전용면적(m2)":"123.15",
            "전용면적(평)":"37평",
            "법정동주소":"경기도 의왕시 포일동 649",
            "도로명주소":"경기도 의왕시 포일세거리로 96",
            "세대수":30,
            "입주년차":60,
            "용적률점수":"--",
            "건폐율점수":"--",
            "세대당주차수":60,
            "난방방식":100,
            "공급면적":"--",
            "전용률":"--",
            "욕실수":100,
            "현관타입":100,
            "주거총점":61.5,
            "지역구공급총점":0.0,
            "역세권":0,
            "30분내 이동가능 거점":20,
            "1시간내 이동가능 거점":100,
            "교통총점":26.0,
            "백화점":0,
            "아울렛몰":80,
            "대형마트":80,
            "은행":0,
            "병원":0,
            "종합병원":80,
            "공원":100,
            "혐오시설":-100,
            "인프라총점":37.0,
            "초등학군":89.97,
            "중학군":45.62,
            "학군총점":54.49,
            "인구수":18.23,
            "인구증감":-1.61,
            "인구총점":12.278,
            "일자리":7.78,
            "소득수준":61.54,
            "일자리총점":23.908,
            "가치 총점":40.6735,
            "매매실거래년":20210617.0,
            "매매실거래가":150000.0,
            "전세실거래년":20220212.0,
            "전세실거래가":52000.0,
            "전세가율":41.6,
            "장기전세가율평균":73.25,
            "전세가율거품지수":31.65,
            "검색코드":103067,
            "세대수":330.0,
            "준공년월":"2013-02-27",
            "준공년차":10.0,
            "가까운역이름":"인덕원",
            "가까운역거리":1006.84,
            "역세권여부":"비역세권",
            "30분이내주요거점역":1,
            "30분거점역이름":"['평촌']",
            "1시간이내주요거점역":12,
            "1시간거점역이름":"['강남', '역삼', '판교', '여의도', '양재', '수원시청', '평촌', '가산디지털단지', '수원', '구로디지털단지', '명동', '안산']",
            "3km이내백화점수":0,
            "5km이내아울렛몰수":1,
            "1km이내대형먀트수":1,
            "500m이내은행수":0,
            "500m이내병원수":0,
            "5km이내대형병원수":1,
            "500m이내공원수":5,
            "3km이내혐오시설수":2,
            "초등학교학업성취도":89.97,
            "중학교학업성취도":72.5,
            "용적률":162,
            "건폐율":19,
            "Y":37.403734,
            "X":126.987724,
            "rank":60.0,
            "area_info":"37평(123.15), 37평(123.48), 37평(124.03), 37평(124.2), 37평(124.21), 44평(146.68), 44평(146.68), 44평(147.25), 49평(164.31)",
            "last_sales":"2021-06-17,150000.0,49평(164.31)",
            "rank_history":[
                [
                    "202203",
                    60
                ],
                [
                    "202202",
                    35
                ],
                [
                    "202201",
                    39
                ]
            ],
            "rank_gap":-25
        },
        {
            "index":144,
            "아파트명":"신미주해당화",
            "투자타입":"일반",
            "전용면적(m2)":"83.15",
            "전용면적(평)":"25평",
            "법정동주소":"경기도 의왕시 오전동 233",
            "도로명주소":"경기도 의왕시 보식골로 30",
            "세대수":0,
            "입주년차":20,
            "용적률점수":"--",
            "건폐율점수":"--",
            "세대당주차수":30,
            "난방방식":30,
            "공급면적":"--",
            "전용률":"--",
            "욕실수":50,
            "현관타입":100,
            "주거총점":26.5,
            "지역구공급총점":0.0,
            "역세권":50,
            "30분내 이동가능 거점":0,
            "1시간내 이동가능 거점":40,
            "교통총점":33.0,
            "백화점":0,
            "아울렛몰":100,
            "대형마트":80,
            "은행":0,
            "병원":60,
            "종합병원":100,
            "공원":100,
            "혐오시설":0,
            "인프라총점":51.0,
            "초등학군":89.96,
            "중학군":47.1,
            "학군총점":55.672,
            "인구수":18.23,
            "인구증감":-1.61,
            "인구총점":12.278,
            "일자리":7.78,
            "소득수준":61.54,
            "일자리총점":23.908,
            "가치 총점":40.5008,
            "매매실거래년":20211120.0,
            "매매실거래가":54000.0,
            "전세실거래년":20210723.0,
            "전세실거래가":31000.0,
            "전세가율":57.41,
            "장기전세가율평균":73.25,
            "전세가율거품지수":15.84,
            "검색코드":9455,
            "세대수":216.0,
            "준공년월":"2000-11-22",
            "준공년차":23.0,
            "가까운역이름":"오전 (2028년 예정)",
            "가까운역거리":590.57,
            "역세권여부":"준역세권",
            "30분이내주요거점역":0,
            "30분거점역이름":"[]",
            "1시간이내주요거점역":4,
            "1시간거점역이름":"['평촌', '가산디지털단지', '수원', '구로디지털단지']",
            "3km이내백화점수":0,
            "5km이내아울렛몰수":2,
            "1km이내대형먀트수":1,
            "500m이내은행수":1,
            "500m이내병원수":21,
            "5km이내대형병원수":4,
            "500m이내공원수":4,
            "3km이내혐오시설수":0,
            "초등학교학업성취도":89.96,
            "중학교학업성취도":78.5,
            "용적률":254,
            "건폐율":14,
            "Y":37.35856,
            "X":126.97188,
            "rank":61.0,
            "area_info":"25평(83.15), 32평(108.45), 45평(150.85)",
            "last_sales":"2021-11-20,54000.0,25평(83.15)",
            "rank_history":[
                [
                    "202203",
                    61
                ],
                [
                    "202202",
                    63
                ],
                [
                    "202201",
                    65
                ]
            ],
            "rank_gap":2
        },
        {
            "index":103,
            "아파트명":"한아름2차",
            "투자타입":"일반",
            "전용면적(m2)":"75.61",
            "전용면적(평)":"22평",
            "법정동주소":"경기도 의왕시 삼동 125",
            "도로명주소":"경기도 의왕시 까치골길 20",
            "세대수":0,
            "입주년차":0,
            "용적률점수":"--",
            "건폐율점수":"--",
            "세대당주차수":0,
            "난방방식":30,
            "공급면적":"--",
            "전용률":"--",
            "욕실수":50,
            "현관타입":10,
            "주거총점":9.0,
            "지역구공급총점":0.0,
            "역세권":50,
            "30분내 이동가능 거점":20,
            "1시간내 이동가능 거점":60,
            "교통총점":43.0,
            "백화점":0,
            "아울렛몰":80,
            "대형마트":80,
            "은행":0,
            "병원":60,
            "종합병원":100,
            "공원":100,
            "혐오시설":0,
            "인프라총점":49.0,
            "초등학군":90.0,
            "중학군":46.2,
            "학군총점":54.96,
            "인구수":18.23,
            "인구증감":-1.61,
            "인구총점":12.278,
            "일자리":7.78,
            "소득수준":61.54,
            "일자리총점":23.908,
            "가치 총점":39.794,
            "매매실거래년":20211009.0,
            "매매실거래가":41700.0,
            "전세실거래년":20211222.0,
            "전세실거래가":16500.0,
            "전세가율":39.57,
            "장기전세가율평균":73.25,
            "전세가율거품지수":33.68,
            "검색코드":2066,
            "세대수":267.0,
            "준공년월":"1994-02-01",
            "준공년차":29.0,
            "가까운역이름":"의왕",
            "가까운역거리":776.84,
            "역세권여부":"준역세권",
            "30분이내주요거점역":1,
            "30분거점역이름":"['수원']",
            "1시간이내주요거점역":6,
            "1시간거점역이름":"['수원시청', '평촌', '가산디지털단지', '수원', '구로디지털단지', '안산']",
            "3km이내백화점수":0,
            "5km이내아울렛몰수":1,
            "1km이내대형먀트수":1,
            "500m이내은행수":0,
            "500m이내병원수":15,
            "5km이내대형병원수":2,
            "500m이내공원수":5,
            "3km이내혐오시설수":0,
            "초등학교학업성취도":90.0,
            "중학교학업성취도":76.0,
            "용적률":348,
            "건폐율":28,
            "Y":37.317868,
            "X":126.956192,
            "rank":62.0,
            "area_info":"22평(75.61), 32평(108.01)",
            "last_sales":"2021-10-09,41700.0,22평(75.61)",
            "rank_history":[
                [
                    "202203",
                    62
                ],
                [
                    "202202",
                    31
                ],
                [
                    "202201",
                    35
                ]
            ],
            "rank_gap":-31
        },
        {
            "index":210,
            "아파트명":"청계마을휴먼시아4단지",
            "투자타입":"일반",
            "전용면적(m2)":"97.69",
            "전용면적(평)":"29평",
            "법정동주소":"경기도 의왕시 청계동 966",
            "도로명주소":"경기도 의왕시 덕장로 76",
            "세대수":30,
            "입주년차":40,
            "용적률점수":"--",
            "건폐율점수":"--",
            "세대당주차수":30,
            "난방방식":100,
            "공급면적":"--",
            "전용률":"--",
            "욕실수":100,
            "현관타입":100,
            "주거총점":53.0,
            "지역구공급총점":0.0,
            "역세권":50,
            "30분내 이동가능 거점":0,
            "1시간내 이동가능 거점":40,
            "교통총점":33.0,
            "백화점":0,
            "아울렛몰":80,
            "대형마트":0,
            "은행":0,
            "병원":0,
            "종합병원":80,
            "공원":100,
            "혐오시설":0,
            "인프라총점":27.0,
            "초등학군":89.96,
            "중학군":54.68,
            "학군총점":61.736,
            "인구수":18.23,
            "인구증감":-1.61,
            "인구총점":12.278,
            "일자리":7.78,
            "소득수준":61.54,
            "일자리총점":23.908,
            "가치 총점":39.5104,
            "매매실거래년":20211002.0,
            "매매실거래가":97000.0,
            "전세실거래년":20220129.0,
            "전세실거래가":42000.0,
            "전세가율":53.16,
            "장기전세가율평균":73.25,
            "전세가율거품지수":20.09,
            "검색코드":25996,
            "세대수":339.0,
            "준공년월":"2007-09-18",
            "준공년차":16.0,
            "가까운역이름":"청계 (2026년 예정)",
            "가까운역거리":789.77,
            "역세권여부":"준역세권",
            "30분이내주요거점역":0,
            "30분거점역이름":"[]",
            "1시간이내주요거점역":4,
            "1시간거점역이름":"['역삼', '판교', '평촌', 'GTX성남(2023년)']",
            "3km이내백화점수":0,
            "5km이내아울렛몰수":1,
            "1km이내대형먀트수":0,
            "500m이내은행수":0,
            "500m이내병원수":0,
            "5km이내대형병원수":1,
            "500m이내공원수":3,
            "3km이내혐오시설수":0,
            "초등학교학업성취도":89.96,
            "중학교학업성취도":88.2,
            "용적률":159,
            "건폐율":20,
            "Y":37.393823,
            "X":127.001545,
            "rank":63.0,
            "area_info":"29평(97.69), 33평(109.58), 33평(109.51), 33평(109.54), 33평(109.54), 33평(109.48), 33평(109.48)",
            "last_sales":"2021-10-02,97000.0,33평(109.54)",
            "rank_history":[
                [
                    "202203",
                    63
                ],
                [
                    "202202",
                    66
                ],
                [
                    "202201",
                    69
                ]
            ],
            "rank_gap":3
        },
        {
            "index":100,
            "아파트명":"한아름1차",
            "투자타입":"일반",
            "전용면적(m2)":"70.86",
            "전용면적(평)":"21평",
            "법정동주소":"경기도 의왕시 삼동 115-1",
            "도로명주소":"경기도 의왕시 까치골길 8",
            "세대수":0,
            "입주년차":0,
            "용적률점수":"--",
            "건폐율점수":"--",
            "세대당주차수":0,
            "난방방식":30,
            "공급면적":"--",
            "전용률":"--",
            "욕실수":50,
            "현관타입":10,
            "주거총점":9.0,
            "지역구공급총점":0.0,
            "역세권":50,
            "30분내 이동가능 거점":20,
            "1시간내 이동가능 거점":60,
            "교통총점":43.0,
            "백화점":0,
            "아울렛몰":0,
            "대형마트":80,
            "은행":0,
            "병원":60,
            "종합병원":100,
            "공원":100,
            "혐오시설":0,
            "인프라총점":41.0,
            "초등학군":90.0,
            "중학군":46.2,
            "학군총점":54.96,
            "인구수":18.23,
            "인구증감":-1.61,
            "인구총점":12.278,
            "일자리":7.78,
            "소득수준":61.54,
            "일자리총점":23.908,
            "가치 총점":37.394,
            "매매실거래년":20210328.0,
            "매매실거래가":30500.0,
            "전세실거래년":null,
            "전세실거래가":null,
            "전세가율":null,
            "장기전세가율평균":73.25,
            "전세가율거품지수":null,
            "검색코드":2064,
            "세대수":211.0,
            "준공년월":"1993-09-15",
            "준공년차":30.0,
            "가까운역이름":"의왕",
            "가까운역거리":793.86,
            "역세권여부":"준역세권",
            "30분이내주요거점역":1,
            "30분거점역이름":"['수원']",
            "1시간이내주요거점역":6,
            "1시간거점역이름":"['수원시청', '평촌', '가산디지털단지', '수원', '구로디지털단지', '안산']",
            "3km이내백화점수":0,
            "5km이내아울렛몰수":0,
            "1km이내대형먀트수":1,
            "500m이내은행수":0,
            "500m이내병원수":13,
            "5km이내대형병원수":2,
            "500m이내공원수":4,
            "3km이내혐오시설수":0,
            "초등학교학업성취도":90.0,
            "중학교학업성취도":76.0,
            "용적률":376,
            "건폐율":27,
            "Y":37.317245,
            "X":126.956065,
            "rank":64.0,
            "area_info":"21평(70.86), 22평(75.78), 32평(108.24)",
            "last_sales":"2021-03-28,30500.0,32평(108.24)",
            "rank_history":[
                [
                    "202203",
                    64
                ],
                [
                    "202202",
                    36
                ],
                [
                    "202201",
                    51
                ]
            ],
            "rank_gap":-28
        },
        {
            "index":154,
            "아파트명":"신원수선화",
            "투자타입":"일반",
            "전용면적(m2)":"77.5",
            "전용면적(평)":"23평",
            "법정동주소":"경기도 의왕시 오전동 24",
            "도로명주소":"경기도 의왕시 모락로 89-16",
            "세대수":30,
            "입주년차":20,
            "용적률점수":"--",
            "건폐율점수":"--",
            "세대당주차수":30,
            "난방방식":30,
            "공급면적":"--",
            "전용률":"--",
            "욕실수":50,
            "현관타입":100,
            "주거총점":37.0,
            "지역구공급총점":0.0,
            "역세권":50,
            "30분내 이동가능 거점":0,
            "1시간내 이동가능 거점":30,
            "교통총점":31.0,
            "백화점":0,
            "아울렛몰":100,
            "대형마트":0,
            "은행":0,
            "병원":0,
            "종합병원":100,
            "공원":80,
            "혐오시설":0,
            "인프라총점":32.4,
            "초등학군":89.99,
            "중학군":53.82,
            "학군총점":61.054,
            "인구수":18.23,
            "인구증감":-1.61,
            "인구총점":12.278,
            "일자리":7.78,
            "소득수준":61.54,
            "일자리총점":23.908,
            "가치 총점":37.1281,
            "매매실거래년":20211117.0,
            "매매실거래가":47500.0,
            "전세실거래년":20211202.0,
            "전세실거래가":18000.0,
            "전세가율":33.03,
            "장기전세가율평균":73.25,
            "전세가율거품지수":40.22,
            "검색코드":2077,
            "세대수":389.0,
            "준공년월":"2000-07-08",
            "준공년차":23.0,
            "가까운역이름":"오전 (2028년 예정)",
            "가까운역거리":834.73,
            "역세권여부":"준역세권",
            "30분이내주요거점역":0,
            "30분거점역이름":"[]",
            "1시간이내주요거점역":3,
            "1시간거점역이름":"['평촌', '가산디지털단지', '구로디지털단지']",
            "3km이내백화점수":0,
            "5km이내아울렛몰수":2,
            "1km이내대형먀트수":0,
            "500m이내은행수":1,
            "500m이내병원수":0,
            "5km이내대형병원수":5,
            "500m이내공원수":1,
            "3km이내혐오시설수":0,
            "초등학교학업성취도":89.99,
            "중학교학업성취도":87.3,
            "용적률":268,
            "건폐율":20,
            "Y":37.365669,
            "X":126.965296,
            "rank":65.0,
            "area_info":"23평(77.5), 31평(105.12), 31평(105.52), 41평(136.59)",
            "last_sales":"2021-11-17,47500.0,31평(105.12)",
            "rank_history":[
                [
                    "202203",
                    65
                ],
                [
                    "202202",
                    69
                ],
                [
                    "202201",
                    72
                ]
            ],
            "rank_gap":4
        },
        {
            "index":95,
            "아파트명":"의왕푸르지오포레움(2블럭)",
            "투자타입":"일반",
            "전용면적(m2)":"84.75",
            "전용면적(평)":"25평",
            "법정동주소":"경기도 의왕시 삼동 607",
            "도로명주소":"경기도 의왕시 장안중앙로 23",
            "세대수":50,
            "입주년차":100,
            "용적률점수":"--",
            "건폐율점수":"--",
            "세대당주차수":30,
            "난방방식":30,
            "공급면적":"--",
            "전용률":"--",
            "욕실수":100,
            "현관타입":100,
            "주거총점":65.0,
            "지역구공급총점":0.0,
            "역세권":0,
            "30분내 이동가능 거점":0,
            "1시간내 이동가능 거점":40,
            "교통총점":8.0,
            "백화점":0,
            "아울렛몰":80,
            "대형마트":80,
            "은행":0,
            "병원":0,
            "종합병원":100,
            "공원":100,
            "혐오시설":0,
            "인프라총점":43.0,
            "초등학군":90.0,
            "중학군":46.2,
            "학군총점":54.96,
            "인구수":18.23,
            "인구증감":-1.61,
            "인구총점":12.278,
            "일자리":7.78,
            "소득수준":61.54,
            "일자리총점":23.908,
            "가치 총점":36.944,
            "매매실거래년":20201115.0,
            "매매실거래가":57800.0,
            "전세실거래년":20220207.0,
            "전세실거래가":26250.0,
            "전세가율":58.49,
            "장기전세가율평균":73.25,
            "전세가율거품지수":14.76,
            "검색코드":119894,
            "세대수":416.0,
            "준공년월":"2020-02-03",
            "준공년차":3.0,
            "가까운역이름":"의왕",
            "가까운역거리":1060.4,
            "역세권여부":"비역세권",
            "30분이내주요거점역":0,
            "30분거점역이름":"[]",
            "1시간이내주요거점역":4,
            "1시간거점역이름":"['수원시청', '평촌', '가산디지털단지', '수원']",
            "3km이내백화점수":0,
            "5km이내아울렛몰수":1,
            "1km이내대형먀트수":1,
            "500m이내은행수":0,
            "500m이내병원수":0,
            "5km이내대형병원수":2,
            "500m이내공원수":5,
            "3km이내혐오시설수":0,
            "초등학교학업성취도":90.0,
            "중학교학업성취도":76.0,
            "용적률":199,
            "건폐율":16,
            "Y":37.319455,
            "X":126.959916,
            "rank":66.0,
            "area_info":"25평(84.75), 25평(85.02), 30평(100.68), 30평(101.26)",
            "last_sales":"2020-11-15,57800.0,25평(85.02)",
            "rank_history":[
                [
                    "202203",
                    66
                ],
                [
                    "202202",
                    38
                ],
                [
                    "202201",
                    57
                ]
            ],
            "rank_gap":-28
        },
        {
            "index":282,
            "아파트명":"의왕백운해링턴플레이스1단지",
            "투자타입":"일반",
            "전용면적(m2)":"113.27",
            "전용면적(평)":"34평",
            "법정동주소":"경기도 의왕시 학의동 1150",
            "도로명주소":"경기도 의왕시 백운중앙로 46",
            "세대수":90,
            "입주년차":100,
            "용적률점수":"--",
            "건폐율점수":"--",
            "세대당주차수":30,
            "난방방식":100,
            "공급면적":"--",
            "전용률":"--",
            "욕실수":100,
            "현관타입":100,
            "주거총점":86.0,
            "지역구공급총점":0.0,
            "역세권":0,
            "30분내 이동가능 거점":0,
            "1시간내 이동가능 거점":30,
            "교통총점":6.0,
            "백화점":0,
            "아울렛몰":80,
            "대형마트":0,
            "은행":0,
            "병원":0,
            "종합병원":80,
            "공원":100,
            "혐오시설":0,
            "인프라총점":27.0,
            "초등학군":89.98,
            "중학군":54.68,
            "학군총점":61.74,
            "인구수":18.23,
            "인구증감":-1.61,
            "인구총점":12.278,
            "일자리":7.78,
            "소득수준":61.54,
            "일자리총점":23.908,
            "가치 총점":36.661,
            "매매실거래년":20220110.0,
            "매매실거래가":114000.0,
            "전세실거래년":20220215.0,
            "전세실거래가":43000.0,
            "전세가율":37.72,
            "장기전세가율평균":73.25,
            "전세가율거품지수":35.53,
            "검색코드":115552,
            "세대수":958.0,
            "준공년월":"2019-02-01",
            "준공년차":4.0,
            "가까운역이름":"청계 (2026년 예정)",
            "가까운역거리":2480.96,
            "역세권여부":"비역세권",
            "30분이내주요거점역":0,
            "30분거점역이름":"[]",
            "1시간이내주요거점역":3,
            "1시간거점역이름":"['양재', '평촌', '수원']",
            "3km이내백화점수":0,
            "5km이내아울렛몰수":1,
            "1km이내대형먀트수":0,
            "500m이내은행수":0,
            "500m이내병원수":1,
            "5km이내대형병원수":1,
            "500m이내공원수":7,
            "3km이내혐오시설수":0,
            "초등학교학업성취도":89.98,
            "중학교학업성취도":88.2,
            "용적률":150,
            "건폐율":17,
            "Y":37.369437,
            "X":127.005069,
            "rank":67.0,
            "area_info":"34평(113.27), 34평(113.92), 34평(113.27), 34평(113.27), 34평(114.32), 42평(141.74), 43평(142.26), 49평(163.34), 57평(189.4)",
            "last_sales":"2022-01-10,114000.0,34평(113.27)",
            "rank_history":[
                [
                    "202203",
                    67
                ],
                [
                    "202202",
                    46
                ],
                [
                    "202201",
                    41
                ]
            ],
            "rank_gap":-21
        },
        {
            "index":291,
            "아파트명":"의왕백운해링턴플레이스2단지",
            "투자타입":"일반",
            "전용면적(m2)":"98.0",
            "전용면적(평)":"29평",
            "법정동주소":"경기도 의왕시 학의동 1107",
            "도로명주소":"경기도 의왕시 백운중앙로 45",
            "세대수":50,
            "입주년차":100,
            "용적률점수":"--",
            "건폐율점수":"--",
            "세대당주차수":30,
            "난방방식":100,
            "공급면적":"--",
            "전용률":"--",
            "욕실수":100,
            "현관타입":100,
            "주거총점":72.0,
            "지역구공급총점":0.0,
            "역세권":0,
            "30분내 이동가능 거점":0,
            "1시간내 이동가능 거점":60,
            "교통총점":12.0,
            "백화점":0,
            "아울렛몰":80,
            "대형마트":0,
            "은행":0,
            "병원":0,
            "종합병원":80,
            "공원":100,
            "혐오시설":0,
            "인프라총점":27.0,
            "초등학군":89.98,
            "중학군":54.68,
            "학군총점":61.74,
            "인구수":18.23,
            "인구증감":-1.61,
            "인구총점":12.278,
            "일자리":7.78,
            "소득수준":61.54,
            "일자리총점":23.908,
            "가치 총점":35.961,
            "매매실거래년":20210709.0,
            "매매실거래가":155000.0,
            "전세실거래년":20210811.0,
            "전세실거래가":55000.0,
            "전세가율":70.97,
            "장기전세가율평균":73.25,
            "전세가율거품지수":2.28,
            "검색코드":115556,
            "세대수":534.0,
            "준공년월":"2019-02-01",
            "준공년차":4.0,
            "가까운역이름":"청계 (2026년 예정)",
            "가까운역거리":2195.71,
            "역세권여부":"비역세권",
            "30분이내주요거점역":0,
            "30분거점역이름":"[]",
            "1시간이내주요거점역":6,
            "1시간거점역이름":"['강남', '양재', '수원시청', '평촌', '수원', '서현']",
            "3km이내백화점수":0,
            "5km이내아울렛몰수":1,
            "1km이내대형먀트수":0,
            "500m이내은행수":0,
            "500m이내병원수":1,
            "5km이내대형병원수":1,
            "500m이내공원수":7,
            "3km이내혐오시설수":0,
            "초등학교학업성취도":89.98,
            "중학교학업성취도":88.2,
            "용적률":153,
            "건폐율":23,
            "Y":37.372262,
            "X":127.005074,
            "rank":68.0,
            "area_info":"29평(98.0), 34평(112.74), 34평(112.98), 34평(112.74), 34평(112.74), 34평(113.4), 34평(113.79), 42평(141.77), 42평(141.77), 42평(141.77), 46평(154.91), 49평(162.59)",
            "last_sales":"2021-07-09,155000.0,42평(141.77)",
            "rank_history":[
                [
                    "202203",
                    68
                ],
                [
                    "202202",
                    53
                ],
                [
                    "202201",
                    53
                ]
            ],
            "rank_gap":-15
        },
        {
            "index":92,
            "아파트명":"의왕푸르지오포레움(1블럭)",
            "투자타입":"일반",
            "전용면적(m2)":"70.25",
            "전용면적(평)":"21평",
            "법정동주소":"경기도 의왕시 삼동 594",
            "도로명주소":"경기도 의왕시 장안남북로 24",
            "세대수":0,
            "입주년차":100,
            "용적률점수":"--",
            "건폐율점수":"--",
            "세대당주차수":30,
            "난방방식":30,
            "공급면적":"--",
            "전용률":"--",
            "욕실수":50,
            "현관타입":100,
            "주거총점":42.5,
            "지역구공급총점":0.0,
            "역세권":0,
            "30분내 이동가능 거점":20,
            "1시간내 이동가능 거점":40,
            "교통총점":14.0,
            "백화점":0,
            "아울렛몰":80,
            "대형마트":80,
            "은행":0,
            "병원":10,
            "종합병원":100,
            "공원":100,
            "혐오시설":0,
            "인프라총점":44.0,
            "초등학군":90.0,
            "중학군":46.2,
            "학군총점":54.96,
            "인구수":18.23,
            "인구증감":-1.61,
            "인구총점":12.278,
            "일자리":7.78,
            "소득수준":61.54,
            "일자리총점":23.908,
            "가치 총점":34.844,
            "매매실거래년":20210814.0,
            "매매실거래가":54500.0,
            "전세실거래년":20220212.0,
            "전세실거래가":25200.0,
            "전세가율":46.24,
            "장기전세가율평균":73.25,
            "전세가율거품지수":27.01,
            "검색코드":119892,
            "세대수":194.0,
            "준공년월":"2020-02-03",
            "준공년차":3.0,
            "가까운역이름":"의왕",
            "가까운역거리":1027.83,
            "역세권여부":"비역세권",
            "30분이내주요거점역":1,
            "30분거점역이름":"['수원']",
            "1시간이내주요거점역":4,
            "1시간거점역이름":"['수원시청', '평촌', '가산디지털단지', '수원']",
            "3km이내백화점수":0,
            "5km이내아울렛몰수":1,
            "1km이내대형먀트수":1,
            "500m이내은행수":0,
            "500m이내병원수":2,
            "5km이내대형병원수":3,
            "500m이내공원수":4,
            "3km이내혐오시설수":0,
            "초등학교학업성취도":90.0,
            "중학교학업성취도":76.0,
            "용적률":199,
            "건폐율":19,
            "Y":37.320657,
            "X":126.959593,
            "rank":69.0,
            "area_info":"21평(70.25), 21평(70.06), 21평(70.51)",
            "last_sales":"2021-08-14,54500.0,21평(70.25)",
            "rank_history":[
                [
                    "202203",
                    69
                ],
                [
                    "202202",
                    55
                ],
                [
                    "202201",
                    68
                ]
            ],
            "rank_gap":-14
        },
        {
            "index":323,
            "아파트명":"의왕백운해링턴플레이스5단지",
            "투자타입":"일반",
            "전용면적(m2)":"113.0",
            "전용면적(평)":"34평",
            "법정동주소":"경기도 의왕시 학의동 1122",
            "도로명주소":"경기도 의왕시 백운중앙로 88",
            "세대수":50,
            "입주년차":100,
            "용적률점수":"--",
            "건폐율점수":"--",
            "세대당주차수":30,
            "난방방식":100,
            "공급면적":"--",
            "전용률":"--",
            "욕실수":100,
            "현관타입":100,
            "주거총점":72.0,
            "지역구공급총점":0.0,
            "역세권":0,
            "30분내 이동가능 거점":0,
            "1시간내 이동가능 거점":30,
            "교통총점":6.0,
            "백화점":0,
            "아울렛몰":80,
            "대형마트":0,
            "은행":0,
            "병원":0,
            "종합병원":80,
            "공원":100,
            "혐오시설":0,
            "인프라총점":27.0,
            "초등학군":89.98,
            "중학군":54.68,
            "학군총점":61.74,
            "인구수":18.23,
            "인구증감":-1.61,
            "인구총점":12.278,
            "일자리":7.78,
            "소득수준":61.54,
            "일자리총점":23.908,
            "가치 총점":33.861,
            "매매실거래년":20211116.0,
            "매매실거래가":125000.0,
            "전세실거래년":20220219.0,
            "전세실거래가":62000.0,
            "전세가율":49.6,
            "장기전세가율평균":73.25,
            "전세가율거품지수":23.65,
            "검색코드":115558,
            "세대수":586.0,
            "준공년월":"2019-02-01",
            "준공년차":4.0,
            "가까운역이름":"청계 (2026년 예정)",
            "가까운역거리":2723.18,
            "역세권여부":"비역세권",
            "30분이내주요거점역":0,
            "30분거점역이름":"[]",
            "1시간이내주요거점역":3,
            "1시간거점역이름":"['양재', '평촌', '수원']",
            "3km이내백화점수":0,
            "5km이내아울렛몰수":1,
            "1km이내대형먀트수":0,
            "500m이내은행수":0,
            "500m이내병원수":1,
            "5km이내대형병원수":1,
            "500m이내공원수":4,
            "3km이내혐오시설수":0,
            "초등학교학업성취도":89.98,
            "중학교학업성취도":88.2,
            "용적률":124,
            "건폐율":13,
            "Y":37.369664,
            "X":127.011298,
            "rank":70.0,
            "area_info":"34평(113.0), 34평(113.65), 34평(113.24), 34평(114.05), 42평(141.77), 49평(162.95), 49평(163.65), 49평(163.58)",
            "last_sales":"2021-11-16,125000.0,34평(113.0)",
            "rank_history":[
                [
                    "202203",
                    70
                ],
                [
                    "202202",
                    59
                ],
                [
                    "202201",
                    60
                ]
            ],
            "rank_gap":-11
        },
        {
            "index":274,
            "아파트명":"백운밸리레이크포레4단지",
            "투자타입":"일반",
            "전용면적(m2)":"79.47",
            "전용면적(평)":"24평",
            "법정동주소":"경기도 의왕시 학의동 1152",
            "도로명주소":"경기도 의왕시 백운호수로1길 9",
            "세대수":30,
            "입주년차":100,
            "용적률점수":"--",
            "건폐율점수":"--",
            "세대당주차수":60,
            "난방방식":100,
            "공급면적":"--",
            "전용률":"--",
            "욕실수":100,
            "현관타입":100,
            "주거총점":69.5,
            "지역구공급총점":0.0,
            "역세권":0,
            "30분내 이동가능 거점":0,
            "1시간내 이동가능 거점":30,
            "교통총점":6.0,
            "백화점":0,
            "아울렛몰":80,
            "대형마트":0,
            "은행":0,
            "병원":0,
            "종합병원":80,
            "공원":100,
            "혐오시설":0,
            "인프라총점":27.0,
            "초등학군":89.98,
            "중학군":49.34,
            "학군총점":57.468,
            "인구수":18.23,
            "인구증감":-1.61,
            "인구총점":12.278,
            "일자리":7.78,
            "소득수준":61.54,
            "일자리총점":23.908,
            "가치 총점":32.7202,
            "매매실거래년":"18000101",
            "매매실거래가":null,
            "전세실거래년":null,
            "전세실거래가":null,
            "전세가율":null,
            "장기전세가율평균":73.25,
            "전세가율거품지수":null,
            "검색코드":118734,
            "세대수":344.0,
            "준공년월":"2020-01-20",
            "준공년차":3.0,
            "가까운역이름":"청계 (2026년 예정)",
            "가까운역거리":2620.3,
            "역세권여부":"비역세권",
            "30분이내주요거점역":0,
            "30분거점역이름":"[]",
            "1시간이내주요거점역":3,
            "1시간거점역이름":"['양재', '평촌', '수원']",
            "3km이내백화점수":0,
            "5km이내아울렛몰수":1,
            "1km이내대형먀트수":0,
            "500m이내은행수":0,
            "500m이내병원수":0,
            "5km이내대형병원수":1,
            "500m이내공원수":5,
            "3km이내혐오시설수":0,
            "초등학교학업성취도":89.98,
            "중학교학업성취도":81.7,
            "용적률":179,
            "건폐율":19,
            "Y":37.367704,
            "X":127.003801,
            "rank":71.0,
            "area_info":"24평(79.47), 24평(79.57), 29평(98.22), 29평(98.66), 29평(98.35)",
            "last_sales":"1800-01-01,nan,24평(79.47)",
            "rank_history":[
                [
                    "202203",
                    71
                ],
                [
                    "202202",
                    62
                ],
                [
                    "202201",
                    63
                ]
            ],
            "rank_gap":-9
        },
        {
            "index":87,
            "아파트명":"의왕파크푸르지오",
            "투자타입":"일반",
            "전용면적(m2)":"101.25",
            "전용면적(평)":"30평",
            "법정동주소":"경기도 의왕시 삼동 616",
            "도로명주소":"경기도 의왕시 장안중앙로 42",
            "세대수":90,
            "입주년차":100,
            "용적률점수":"--",
            "건폐율점수":"--",
            "세대당주차수":30,
            "난방방식":30,
            "공급면적":"--",
            "전용률":"--",
            "욕실수":100,
            "현관타입":100,
            "주거총점":79.0,
            "지역구공급총점":0.0,
            "역세권":0,
            "30분내 이동가능 거점":0,
            "1시간내 이동가능 거점":20,
            "교통총점":4.0,
            "백화점":0,
            "아울렛몰":0,
            "대형마트":0,
            "은행":0,
            "병원":0,
            "종합병원":100,
            "공원":100,
            "혐오시설":0,
            "인프라총점":23.0,
            "초등학군":90.0,
            "중학군":46.2,
            "학군총점":54.96,
            "인구수":18.23,
            "인구증감":-1.61,
            "인구총점":12.278,
            "일자리":7.78,
            "소득수준":61.54,
            "일자리총점":23.908,
            "가치 총점":32.344,
            "매매실거래년":20220204.0,
            "매매실거래가":84500.0,
            "전세실거래년":20220225.0,
            "전세실거래가":32500.0,
            "전세가율":40.22,
            "장기전세가율평균":73.25,
            "전세가율거품지수":33.03,
            "검색코드":115114,
            "세대수":1068.0,
            "준공년월":"2019-01-18",
            "준공년차":4.0,
            "가까운역이름":"의왕",
            "가까운역거리":1399.57,
            "역세권여부":"비역세권",
            "30분이내주요거점역":0,
            "30분거점역이름":"[]",
            "1시간이내주요거점역":2,
            "1시간거점역이름":"['수원시청', '수원']",
            "3km이내백화점수":0,
            "5km이내아울렛몰수":0,
            "1km이내대형먀트수":0,
            "500m이내은행수":0,
            "500m이내병원수":0,
            "5km이내대형병원수":2,
            "500m이내공원수":2,
            "3km이내혐오시설수":0,
            "초등학교학업성취도":90.0,
            "중학교학업성취도":76.0,
            "용적률":196,
            "건폐율":14,
            "Y":37.318969,
            "X":126.963709,
            "rank":72.0,
            "area_info":"30평(101.25), 33평(111.45), 33평(111.94), 33평(111.9), 33평(112.38)",
            "last_sales":"2022-02-04,84500.0,33평(112.38)",
            "rank_history":[
                [
                    "202203",
                    72
                ],
                [
                    "202202",
                    61
                ],
                [
                    "202201",
                    64
                ]
            ],
            "rank_gap":-11
        },
        {
            "index":303,
            "아파트명":"의왕백운해링턴플레이스3단지",
            "투자타입":"일반",
            "전용면적(m2)":"110.55",
            "전용면적(평)":"33평",
            "법정동주소":"경기도 의왕시 학의동 1099",
            "도로명주소":"경기도 의왕시 백운중앙로 99",
            "세대수":0,
            "입주년차":100,
            "용적률점수":"--",
            "건폐율점수":"--",
            "세대당주차수":60,
            "난방방식":100,
            "공급면적":"--",
            "전용률":"--",
            "욕실수":100,
            "현관타입":100,
            "주거총점":59.0,
            "지역구공급총점":0.0,
            "역세권":0,
            "30분내 이동가능 거점":0,
            "1시간내 이동가능 거점":30,
            "교통총점":6.0,
            "백화점":0,
            "아울렛몰":80,
            "대형마트":0,
            "은행":0,
            "병원":0,
            "종합병원":80,
            "공원":100,
            "혐오시설":0,
            "인프라총점":27.0,
            "초등학군":89.98,
            "중학군":54.68,
            "학군총점":61.74,
            "인구수":18.23,
            "인구증감":-1.61,
            "인구총점":12.278,
            "일자리":7.78,
            "소득수준":61.54,
            "일자리총점":23.908,
            "가치 총점":31.261,
            "매매실거래년":20211005.0,
            "매매실거래가":185000.0,
            "전세실거래년":20210810.0,
            "전세실거래가":78000.0,
            "전세가율":79.59,
            "장기전세가율평균":73.25,
            "전세가율거품지수":-6.34,
            "검색코드":115555,
            "세대수":182.0,
            "준공년월":"2019-02-01",
            "준공년차":4.0,
            "가까운역이름":"청계 (2026년 예정)",
            "가까운역거리":2386.9,
            "역세권여부":"비역세권",
            "30분이내주요거점역":0,
            "30분거점역이름":"[]",
            "1시간이내주요거점역":3,
            "1시간거점역이름":"['양재', '평촌', '수원']",
            "3km이내백화점수":0,
            "5km이내아울렛몰수":1,
            "1km이내대형먀트수":0,
            "500m이내은행수":0,
            "500m이내병원수":1,
            "5km이내대형병원수":1,
            "500m이내공원수":7,
            "3km이내혐오시설수":0,
            "초등학교학업성취도":89.98,
            "중학교학업성취도":88.2,
            "용적률":129,
            "건폐율":23,
            "Y":37.372097,
            "X":127.009031,
            "rank":73.0,
            "area_info":"33평(110.55), 33평(110.79), 33평(111.2), 33평(111.6), 43평(142.32), 43평(142.6), 43평(142.53), 43평(142.32), 48평(159.47), 48평(160.16), 48평(160.11)",
            "last_sales":"2021-10-05,185000.0,43평(142.32)",
            "rank_history":[
                [
                    "202203",
                    73
                ],
                [
                    "202202",
                    64
                ],
                [
                    "202201",
                    66
                ]
            ],
            "rank_gap":-9
        },
        {
            "index":314,
            "아파트명":"의왕백운해링턴플레이스4단지",
            "투자타입":"일반",
            "전용면적(m2)":"111.14",
            "전용면적(평)":"33평",
            "법정동주소":"경기도 의왕시 학의동 1126",
            "도로명주소":"경기도 의왕시 백운중앙로 100",
            "세대수":0,
            "입주년차":100,
            "용적률점수":"--",
            "건폐율점수":"--",
            "세대당주차수":60,
            "난방방식":100,
            "공급면적":"--",
            "전용률":"--",
            "욕실수":100,
            "현관타입":100,
            "주거총점":59.0,
            "지역구공급총점":0.0,
            "역세권":0,
            "30분내 이동가능 거점":0,
            "1시간내 이동가능 거점":30,
            "교통총점":6.0,
            "백화점":0,
            "아울렛몰":80,
            "대형마트":0,
            "은행":0,
            "병원":0,
            "종합병원":80,
            "공원":100,
            "혐오시설":0,
            "인프라총점":27.0,
            "초등학군":89.98,
            "중학군":54.68,
            "학군총점":61.74,
            "인구수":18.23,
            "인구증감":-1.61,
            "인구총점":12.278,
            "일자리":7.78,
            "소득수준":61.54,
            "일자리총점":23.908,
            "가치 총점":31.261,
            "매매실거래년":20211028.0,
            "매매실거래가":115000.0,
            "전세실거래년":20211023.0,
            "전세실거래가":40000.0,
            "전세가율":34.78,
            "장기전세가율평균":73.25,
            "전세가율거품지수":38.47,
            "검색코드":115557,
            "세대수":220.0,
            "준공년월":"2019-02-01",
            "준공년차":4.0,
            "가까운역이름":"청계 (2026년 예정)",
            "가까운역거리":2496.76,
            "역세권여부":"비역세권",
            "30분이내주요거점역":0,
            "30분거점역이름":"[]",
            "1시간이내주요거점역":3,
            "1시간거점역이름":"['양재', '평촌', '수원']",
            "3km이내백화점수":0,
            "5km이내아울렛몰수":1,
            "1km이내대형먀트수":0,
            "500m이내은행수":0,
            "500m이내병원수":1,
            "5km이내대형병원수":1,
            "500m이내공원수":7,
            "3km이내혐오시설수":0,
            "초등학교학업성취도":89.98,
            "중학교학업성취도":88.2,
            "용적률":120,
            "건폐율":19,
            "Y":37.371919,
            "X":127.010873,
            "rank":73.0,
            "area_info":"33평(111.14), 33평(111.79), 33평(112.18), 43평(142.32), 43평(142.6), 43평(142.53), 43평(142.32), 48평(160.3), 48평(161.0)",
            "last_sales":"2021-10-28,115000.0,33평(111.14)",
            "rank_history":[
                [
                    "202203",
                    73
                ],
                [
                    "202202",
                    65
                ],
                [
                    "202201",
                    67
                ]
            ],
            "rank_gap":-8
        },
        {
            "index":279,
            "아파트명":"의왕백운밸리골드클래스(민간임대)",
            "투자타입":"일반",
            "전용면적(m2)":"82.85",
            "전용면적(평)":"25평",
            "법정동주소":"경기도 의왕시 학의동 1068",
            "도로명주소":"경기도 의왕시 바라산로 75",
            "세대수":50,
            "입주년차":100,
            "용적률점수":"--",
            "건폐율점수":"--",
            "세대당주차수":30,
            "난방방식":100,
            "공급면적":"--",
            "전용률":"--",
            "욕실수":100,
            "현관타입":100,
            "주거총점":72.0,
            "지역구공급총점":0.0,
            "역세권":0,
            "30분내 이동가능 거점":0,
            "1시간내 이동가능 거점":30,
            "교통총점":6.0,
            "백화점":0,
            "아울렛몰":80,
            "대형마트":0,
            "은행":0,
            "병원":0,
            "종합병원":0,
            "공원":100,
            "혐오시설":0,
            "인프라총점":11.0,
            "초등학군":89.98,
            "중학군":54.68,
            "학군총점":61.74,
            "인구수":18.23,
            "인구증감":-1.61,
            "인구총점":12.278,
            "일자리":7.78,
            "소득수준":61.54,
            "일자리총점":23.908,
            "가치 총점":29.061,
            "매매실거래년":"18000101",
            "매매실거래가":null,
            "전세실거래년":null,
            "전세실거래가":null,
            "전세가율":null,
            "장기전세가율평균":73.25,
            "전세가율거품지수":null,
            "검색코드":119408,
            "세대수":420.0,
            "준공년월":"2019-04-01",
            "준공년차":4.0,
            "가까운역이름":"청계 (2026년 예정)",
            "가까운역거리":2592.05,
            "역세권여부":"비역세권",
            "30분이내주요거점역":0,
            "30분거점역이름":"[]",
            "1시간이내주요거점역":3,
            "1시간거점역이름":"['양재', '평촌', '수원']",
            "3km이내백화점수":0,
            "5km이내아울렛몰수":1,
            "1km이내대형먀트수":0,
            "500m이내은행수":0,
            "500m이내병원수":0,
            "5km이내대형병원수":0,
            "500m이내공원수":2,
            "3km이내혐오시설수":0,
            "초등학교학업성취도":89.98,
            "중학교학업성취도":88.2,
            "용적률":0,
            "건폐율":0,
            "Y":37.374001,
            "X":127.015432,
            "rank":74.0,
            "area_info":"25평(82.85), 25평(83.02), 33평(110.03)",
            "last_sales":"1800-01-01,nan,25평(82.85)",
            "rank_history":[
                [
                    "202203",
                    74
                ],
                [
                    "202202",
                    68
                ],
                [
                    "202201",
                    71
                ]
            ],
            "rank_gap":-6
        },
        {
            "index":269,
            "아파트명":"백운밸리레이크포레2단지",
            "투자타입":"일반",
            "전용면적(m2)":"80.73",
            "전용면적(평)":"24평",
            "법정동주소":"경기도 의왕시 학의동 1078",
            "도로명주소":"경기도 의왕시 바라산로 76",
            "세대수":0,
            "입주년차":100,
            "용적률점수":"--",
            "건폐율점수":"--",
            "세대당주차수":30,
            "난방방식":100,
            "공급면적":"--",
            "전용률":"--",
            "욕실수":100,
            "현관타입":100,
            "주거총점":54.5,
            "지역구공급총점":0.0,
            "역세권":0,
            "30분내 이동가능 거점":0,
            "1시간내 이동가능 거점":30,
            "교통총점":6.0,
            "백화점":0,
            "아울렛몰":80,
            "대형마트":0,
            "은행":0,
            "병원":0,
            "종합병원":0,
            "공원":100,
            "혐오시설":0,
            "인프라총점":11.0,
            "초등학군":89.98,
            "중학군":54.68,
            "학군총점":61.74,
            "인구수":18.23,
            "인구증감":-1.61,
            "인구총점":12.278,
            "일자리":7.78,
            "소득수준":61.54,
            "일자리총점":23.908,
            "가치 총점":25.561,
            "매매실거래년":20211026.0,
            "매매실거래가":90000.0,
            "전세실거래년":20220108.0,
            "전세실거래가":33250.0,
            "전세가율":null,
            "장기전세가율평균":73.25,
            "전세가율거품지수":null,
            "검색코드":118733,
            "세대수":250.0,
            "준공년월":"2020-01-20",
            "준공년차":3.0,
            "가까운역이름":"청계 (2026년 예정)",
            "가까운역거리":2723.34,
            "역세권여부":"비역세권",
            "30분이내주요거점역":0,
            "30분거점역이름":"[]",
            "1시간이내주요거점역":3,
            "1시간거점역이름":"['양재', '평촌', '수원']",
            "3km이내백화점수":0,
            "5km이내아울렛몰수":1,
            "1km이내대형먀트수":0,
            "500m이내은행수":0,
            "500m이내병원수":0,
            "5km이내대형병원수":0,
            "500m이내공원수":2,
            "3km이내혐오시설수":0,
            "초등학교학업성취도":89.98,
            "중학교학업성취도":88.2,
            "용적률":0,
            "건폐율":0,
            "Y":37.372499,
            "X":127.015662,
            "rank":75.0,
            "area_info":"24평(80.73), 24평(80.82), 30평(99.79), 30평(99.92), 30평(100.23)",
            "last_sales":"2021-10-26,90000.0,24평(80.82)",
            "rank_history":[
                [
                    "202203",
                    75
                ],
                [
                    "202202",
                    72
                ],
                [
                    "202201",
                    75
                ]
            ],
            "rank_gap":-3
        }
    ]
}