{
    "schema":{
        "fields":[
            {
                "name":"index",
                "type":"integer"
            },
            {
                "name":"아파트명",
                "type":"string"
            },
            {
                "name":"투자타입",
                "type":"string"
            },
            {
                "name":"전용면적(m2)",
                "type":"string"
            },
            {
                "name":"전용면적(평)",
                "type":"string"
            },
            {
                "name":"법정동주소",
                "type":"string"
            },
            {
                "name":"도로명주소",
                "type":"string"
            },
            {
                "name":"세대수",
                "type":"integer"
            },
            {
                "name":"입주년차",
                "type":"string"
            },
            {
                "name":"용적률점수",
                "type":"string"
            },
            {
                "name":"건폐율점수",
                "type":"string"
            },
            {
                "name":"세대당주차수",
                "type":"string"
            },
            {
                "name":"난방방식",
                "type":"string"
            },
            {
                "name":"공급면적",
                "type":"string"
            },
            {
                "name":"전용률",
                "type":"string"
            },
            {
                "name":"욕실수",
                "type":"string"
            },
            {
                "name":"현관타입",
                "type":"string"
            },
            {
                "name":"주거총점",
                "type":"number"
            },
            {
                "name":"지역구공급총점",
                "type":"number"
            },
            {
                "name":"역세권",
                "type":"string"
            },
            {
                "name":"30분내 이동가능 거점",
                "type":"string"
            },
            {
                "name":"1시간내 이동가능 거점",
                "type":"string"
            },
            {
                "name":"교통총점",
                "type":"string"
            },
            {
                "name":"백화점",
                "type":"integer"
            },
            {
                "name":"아울렛몰",
                "type":"integer"
            },
            {
                "name":"대형마트",
                "type":"integer"
            },
            {
                "name":"은행",
                "type":"integer"
            },
            {
                "name":"병원",
                "type":"integer"
            },
            {
                "name":"종합병원",
                "type":"integer"
            },
            {
                "name":"공원",
                "type":"integer"
            },
            {
                "name":"혐오시설",
                "type":"integer"
            },
            {
                "name":"인프라총점",
                "type":"number"
            },
            {
                "name":"초등학군",
                "type":"number"
            },
            {
                "name":"중학군",
                "type":"number"
            },
            {
                "name":"학군총점",
                "type":"number"
            },
            {
                "name":"인구수",
                "type":"number"
            },
            {
                "name":"인구증감",
                "type":"number"
            },
            {
                "name":"인구총점",
                "type":"number"
            },
            {
                "name":"일자리",
                "type":"number"
            },
            {
                "name":"소득수준",
                "type":"number"
            },
            {
                "name":"일자리총점",
                "type":"number"
            },
            {
                "name":"가치 총점",
                "type":"number"
            },
            {
                "name":"매매실거래년",
                "type":"string"
            },
            {
                "name":"매매실거래가",
                "type":"number"
            },
            {
                "name":"전세실거래년",
                "type":"number"
            },
            {
                "name":"전세실거래가",
                "type":"number"
            },
            {
                "name":"전세가율",
                "type":"number"
            },
            {
                "name":"장기전세가율평균",
                "type":"number"
            },
            {
                "name":"전세가율거품지수",
                "type":"number"
            },
            {
                "name":"검색코드",
                "type":"integer"
            },
            {
                "name":"세대수",
                "type":"number"
            },
            {
                "name":"준공년월",
                "type":"string"
            },
            {
                "name":"준공년차",
                "type":"number"
            },
            {
                "name":"가까운역이름",
                "type":"string"
            },
            {
                "name":"가까운역거리",
                "type":"string"
            },
            {
                "name":"역세권여부",
                "type":"string"
            },
            {
                "name":"30분이내주요거점역",
                "type":"string"
            },
            {
                "name":"30분거점역이름",
                "type":"string"
            },
            {
                "name":"1시간이내주요거점역",
                "type":"string"
            },
            {
                "name":"1시간거점역이름",
                "type":"string"
            },
            {
                "name":"3km이내백화점수",
                "type":"integer"
            },
            {
                "name":"5km이내아울렛몰수",
                "type":"integer"
            },
            {
                "name":"1km이내대형먀트수",
                "type":"integer"
            },
            {
                "name":"500m이내은행수",
                "type":"integer"
            },
            {
                "name":"500m이내병원수",
                "type":"integer"
            },
            {
                "name":"5km이내대형병원수",
                "type":"integer"
            },
            {
                "name":"500m이내공원수",
                "type":"integer"
            },
            {
                "name":"3km이내혐오시설수",
                "type":"integer"
            },
            {
                "name":"초등학교학업성취도",
                "type":"number"
            },
            {
                "name":"중학교학업성취도",
                "type":"number"
            },
            {
                "name":"용적률",
                "type":"integer"
            },
            {
                "name":"건폐율",
                "type":"integer"
            },
            {
                "name":"Y",
                "type":"number"
            },
            {
                "name":"X",
                "type":"number"
            },
            {
                "name":"rank",
                "type":"number"
            },
            {
                "name":"area_info",
                "type":"string"
            },
            {
                "name":"last_sales",
                "type":"string"
            },
            {
                "name":"rank_history",
                "type":"string"
            },
            {
                "name":"rank_gap",
                "type":"integer"
            }
        ],
        "primaryKey":[
            "index"
        ],
        "pandas_version":"1.4.0"
    },
    "data":[
        {
            "index":65,
            "아파트명":"청주개신푸르지오",
            "투자타입":"일반",
            "전용면적(m2)":"107.65",
            "전용면적(평)":"32평",
            "법정동주소":"충청북도 청주시 서원구 개신동 634",
            "도로명주소":"충청북도 청주시 서원구 신율로 13",
            "세대수":90,
            "입주년차":40,
            "용적률점수":"--",
            "건폐율점수":"--",
            "세대당주차수":30,
            "난방방식":100,
            "공급면적":"--",
            "전용률":"--",
            "욕실수":100,
            "현관타입":100,
            "주거총점":74.0,
            "지역구공급총점":100.0,
            "역세권":"NA",
            "30분내 이동가능 거점":"NA",
            "1시간내 이동가능 거점":"NA",
            "교통총점":"NA",
            "백화점":0,
            "아울렛몰":80,
            "대형마트":80,
            "은행":0,
            "병원":80,
            "종합병원":100,
            "공원":100,
            "혐오시설":0,
            "인프라총점":51.0,
            "초등학군":89.99,
            "중학군":51.48,
            "학군총점":59.182,
            "인구수":21.47,
            "인구증감":-15.67,
            "인구총점":10.328,
            "일자리":12.38,
            "소득수준":61.51,
            "일자리총점":27.119,
            "가치 총점":61.0955,
            "매매실거래년":20220219.0,
            "매매실거래가":36400.0,
            "전세실거래년":20220208.0,
            "전세실거래가":33000.0,
            "전세가율":91.67,
            "장기전세가율평균":81.11,
            "전세가율거품지수":-10.56,
            "검색코드":12983,
            "세대수":920.0,
            "준공년월":"2004-11-26",
            "준공년차":19.0,
            "가까운역이름":"NA",
            "가까운역거리":"NA",
            "역세권여부":"NA",
            "30분이내주요거점역":"NA",
            "30분거점역이름":"NA",
            "1시간이내주요거점역":"NA",
            "1시간거점역이름":"NA",
            "3km이내백화점수":0,
            "5km이내아울렛몰수":1,
            "1km이내대형먀트수":1,
            "500m이내은행수":0,
            "500m이내병원수":40,
            "5km이내대형병원수":5,
            "500m이내공원수":5,
            "3km이내혐오시설수":0,
            "초등학교학업성취도":89.99,
            "중학교학업성취도":84.6,
            "용적률":242,
            "건폐율":14,
            "Y":36.619246,
            "X":127.447307,
            "rank":1.0,
            "area_info":"32평(107.65), 32평(108.64), 38평(128.46), 45평(151.55)",
            "last_sales":"2022-02-19,36400.0,32평(108.64)",
            "rank_history":[
                [
                    "202203",
                    1
                ],
                [
                    "202202",
                    1
                ],
                [
                    "202201",
                    2
                ]
            ],
            "rank_gap":0
        },
        {
            "index":302,
            "아파트명":"성화호반베르디움",
            "투자타입":"일반",
            "전용면적(m2)":"110.01",
            "전용면적(평)":"33평",
            "법정동주소":"충청북도 청주시 서원구 성화동 939",
            "도로명주소":"충청북도 청주시 서원구 구룡산로 24",
            "세대수":80,
            "입주년차":60,
            "용적률점수":"--",
            "건폐율점수":"--",
            "세대당주차수":60,
            "난방방식":30,
            "공급면적":"--",
            "전용률":"--",
            "욕실수":100,
            "현관타입":100,
            "주거총점":72.0,
            "지역구공급총점":100.0,
            "역세권":"NA",
            "30분내 이동가능 거점":"NA",
            "1시간내 이동가능 거점":"NA",
            "교통총점":"NA",
            "백화점":0,
            "아울렛몰":80,
            "대형마트":80,
            "은행":0,
            "병원":80,
            "종합병원":100,
            "공원":100,
            "혐오시설":0,
            "인프라총점":51.0,
            "초등학군":89.97,
            "중학군":51.48,
            "학군총점":59.178,
            "인구수":21.47,
            "인구증감":-15.67,
            "인구총점":10.328,
            "일자리":12.38,
            "소득수준":61.51,
            "일자리총점":27.119,
            "가치 총점":60.3945,
            "매매실거래년":20220117.0,
            "매매실거래가":41500.0,
            "전세실거래년":20220205.0,
            "전세실거래가":30000.0,
            "전세가율":72.29,
            "장기전세가율평균":81.11,
            "전세가율거품지수":8.82,
            "검색코드":101838,
            "세대수":840.0,
            "준공년월":"2012-06-25",
            "준공년차":11.0,
            "가까운역이름":"NA",
            "가까운역거리":"NA",
            "역세권여부":"NA",
            "30분이내주요거점역":"NA",
            "30분거점역이름":"NA",
            "1시간이내주요거점역":"NA",
            "1시간거점역이름":"NA",
            "3km이내백화점수":0,
            "5km이내아울렛몰수":1,
            "1km이내대형먀트수":1,
            "500m이내은행수":0,
            "500m이내병원수":31,
            "5km이내대형병원수":5,
            "500m이내공원수":4,
            "3km이내혐오시설수":0,
            "초등학교학업성취도":89.97,
            "중학교학업성취도":84.6,
            "용적률":180,
            "건폐율":16,
            "Y":36.614346,
            "X":127.447957,
            "rank":2.0,
            "area_info":"33평(110.01), 33평(110.06), 33평(112.08)",
            "last_sales":"2022-01-17,41500.0,33평(110.01)",
            "rank_history":[
                [
                    "202203",
                    2
                ],
                [
                    "202202",
                    2
                ],
                [
                    "202201",
                    4
                ]
            ],
            "rank_gap":0
        },
        {
            "index":323,
            "아파트명":"더샵청주퍼스트파크",
            "투자타입":"일반",
            "전용면적(m2)":"83.47",
            "전용면적(평)":"25평",
            "법정동주소":"충청북도 청주시 서원구 수곡동 1057",
            "도로명주소":"충청북도 청주시 서원구 수곡로 20",
            "세대수":90,
            "입주년차":100,
            "용적률점수":"--",
            "건폐율점수":"--",
            "세대당주차수":60,
            "난방방식":30,
            "공급면적":"--",
            "전용률":"--",
            "욕실수":100,
            "현관타입":100,
            "주거총점":83.5,
            "지역구공급총점":100.0,
            "역세권":"NA",
            "30분내 이동가능 거점":"NA",
            "1시간내 이동가능 거점":"NA",
            "교통총점":"NA",
            "백화점":0,
            "아울렛몰":0,
            "대형마트":80,
            "은행":0,
            "병원":60,
            "종합병원":100,
            "공원":100,
            "혐오시설":0,
            "인프라총점":41.0,
            "초등학군":90.02,
            "중학군":48.46,
            "학군총점":56.772,
            "인구수":21.47,
            "인구증감":-15.67,
            "인구총점":10.328,
            "일자리":12.38,
            "소득수준":61.51,
            "일자리총점":27.119,
            "가치 총점":59.818,
            "매매실거래년":20210526.0,
            "매매실거래가":42498.0,
            "전세실거래년":null,
            "전세실거래가":null,
            "전세가율":null,
            "장기전세가율평균":81.11,
            "전세가율거품지수":null,
            "검색코드":120999,
            "세대수":1112.0,
            "준공년월":"2021-03-01",
            "준공년차":2.0,
            "가까운역이름":"NA",
            "가까운역거리":"NA",
            "역세권여부":"NA",
            "30분이내주요거점역":"NA",
            "30분거점역이름":"NA",
            "1시간이내주요거점역":"NA",
            "1시간거점역이름":"NA",
            "3km이내백화점수":0,
            "5km이내아울렛몰수":0,
            "1km이내대형먀트수":1,
            "500m이내은행수":1,
            "500m이내병원수":17,
            "5km이내대형병원수":5,
            "500m이내공원수":2,
            "3km이내혐오시설수":0,
            "초등학교학업성취도":90.02,
            "중학교학업성취도":78.1,
            "용적률":226,
            "건폐율":17,
            "Y":36.615705,
            "X":127.47632,
            "rank":3.0,
            "area_info":"25평(83.47), 30평(100.78), 30평(100.88), 33평(110.07), 33평(110.59), 33평(110.18), 39평(130.96), 48평(160.21), 52평(174.42)",
            "last_sales":"2021-05-26,42498.0,33평(110.07)",
            "rank_history":[
                [
                    "202203",
                    3
                ],
                [
                    "202202",
                    4
                ],
                [
                    "202201",
                    3
                ]
            ],
            "rank_gap":1
        },
        {
            "index":212,
            "아파트명":"푸르지오캐슬1,2,3단지",
            "투자타입":"일반",
            "전용면적(m2)":"83.14",
            "전용면적(평)":"25평",
            "법정동주소":"충청북도 청주시 서원구 사직동 931",
            "도로명주소":"충청북도 청주시 서원구 예체로 68",
            "세대수":100,
            "입주년차":60,
            "용적률점수":"--",
            "건폐율점수":"--",
            "세대당주차수":60,
            "난방방식":100,
            "공급면적":"--",
            "전용률":"--",
            "욕실수":100,
            "현관타입":100,
            "주거총점":86.0,
            "지역구공급총점":100.0,
            "역세권":"NA",
            "30분내 이동가능 거점":"NA",
            "1시간내 이동가능 거점":"NA",
            "교통총점":"NA",
            "백화점":0,
            "아울렛몰":80,
            "대형마트":0,
            "은행":0,
            "병원":60,
            "종합병원":100,
            "공원":100,
            "혐오시설":0,
            "인프라총점":37.0,
            "초등학군":89.98,
            "중학군":51.82,
            "학군총점":59.452,
            "인구수":21.47,
            "인구증감":-15.67,
            "인구총점":10.328,
            "일자리":12.38,
            "소득수준":61.51,
            "일자리총점":27.119,
            "가치 총점":59.763,
            "매매실거래년":20220128.0,
            "매매실거래가":31000.0,
            "전세실거래년":20220124.0,
            "전세실거래가":24800.0,
            "전세가율":99.2,
            "장기전세가율평균":81.11,
            "전세가율거품지수":-18.09,
            "검색코드":26944,
            "세대수":1832.0,
            "준공년월":"2010-11-19",
            "준공년차":13.0,
            "가까운역이름":"NA",
            "가까운역거리":"NA",
            "역세권여부":"NA",
            "30분이내주요거점역":"NA",
            "30분거점역이름":"NA",
            "1시간이내주요거점역":"NA",
            "1시간거점역이름":"NA",
            "3km이내백화점수":0,
            "5km이내아울렛몰수":1,
            "1km이내대형먀트수":0,
            "500m이내은행수":0,
            "500m이내병원수":10,
            "5km이내대형병원수":6,
            "500m이내공원수":4,
            "3km이내혐오시설수":0,
            "초등학교학업성취도":89.98,
            "중학교학업성취도":83.5,
            "용적률":249,
            "건폐율":0,
            "Y":36.632331,
            "X":127.47035,
            "rank":4.0,
            "area_info":"25평(83.14), 28평(94.84), 33평(110.32), 40평(132.74), 47평(155.58), 52평(173.21), 65평(216.98)",
            "last_sales":"2022-01-28,31000.0,33평(110.32)",
            "rank_history":[
                [
                    "202203",
                    4
                ],
                [
                    "202202",
                    3
                ],
                [
                    "202201",
                    6
                ]
            ],
            "rank_gap":-1
        },
        {
            "index":289,
            "아파트명":"청주산남푸르지오",
            "투자타입":"일반",
            "전용면적(m2)":"96.05",
            "전용면적(평)":"29평",
            "법정동주소":"충청북도 청주시 서원구 산남동 679",
            "도로명주소":"충청북도 청주시 서원구 두꺼비로 53",
            "세대수":80,
            "입주년차":40,
            "용적률점수":"--",
            "건폐율점수":"--",
            "세대당주차수":60,
            "난방방식":100,
            "공급면적":"--",
            "전용률":"--",
            "욕실수":100,
            "현관타입":100,
            "주거총점":75.0,
            "지역구공급총점":100.0,
            "역세권":"NA",
            "30분내 이동가능 거점":"NA",
            "1시간내 이동가능 거점":"NA",
            "교통총점":"NA",
            "백화점":0,
            "아울렛몰":0,
            "대형마트":80,
            "은행":0,
            "병원":60,
            "종합병원":100,
            "공원":100,
            "혐오시설":0,
            "인프라총점":41.0,
            "초등학군":90.0,
            "중학군":56.86,
            "학군총점":63.488,
            "인구수":21.47,
            "인구증감":-15.67,
            "인구총점":10.328,
            "일자리":12.38,
            "소득수준":61.51,
            "일자리총점":27.119,
            "가치 총점":58.522,
            "매매실거래년":20220212.0,
            "매매실거래가":38000.0,
            "전세실거래년":20220124.0,
            "전세실거래가":22000.0,
            "전세가율":72.13,
            "장기전세가율평균":81.11,
            "전세가율거품지수":8.98,
            "검색코드":25919,
            "세대수":760.0,
            "준공년월":"2007-04-24",
            "준공년차":16.0,
            "가까운역이름":"NA",
            "가까운역거리":"NA",
            "역세권여부":"NA",
            "30분이내주요거점역":"NA",
            "30분거점역이름":"NA",
            "1시간이내주요거점역":"NA",
            "1시간거점역이름":"NA",
            "3km이내백화점수":0,
            "5km이내아울렛몰수":0,
            "1km이내대형먀트수":1,
            "500m이내은행수":0,
            "500m이내병원수":10,
            "5km이내대형병원수":5,
            "500m이내공원수":4,
            "3km이내혐오시설수":0,
            "초등학교학업성취도":90.0,
            "중학교학업성취도":93.3,
            "용적률":179,
            "건폐율":16,
            "Y":36.609153,
            "X":127.463308,
            "rank":5.0,
            "area_info":"29평(96.05), 33평(110.97), 33평(111.05)",
            "last_sales":"2022-02-12,38000.0,33평(111.05)",
            "rank_history":[
                [
                    "202203",
                    5
                ],
                [
                    "202202",
                    5
                ],
                [
                    "202201",
                    5
                ]
            ],
            "rank_gap":0
        },
        {
            "index":286,
            "아파트명":"부영사랑으로",
            "투자타입":"일반",
            "전용면적(m2)":"88.49",
            "전용면적(평)":"26평",
            "법정동주소":"충청북도 청주시 서원구 산남동 1094",
            "도로명주소":"충청북도 청주시 서원구 원흥로 14",
            "세대수":90,
            "입주년차":40,
            "용적률점수":"--",
            "건폐율점수":"--",
            "세대당주차수":30,
            "난방방식":100,
            "공급면적":"--",
            "전용률":"--",
            "욕실수":100,
            "현관타입":100,
            "주거총점":74.0,
            "지역구공급총점":100.0,
            "역세권":"NA",
            "30분내 이동가능 거점":"NA",
            "1시간내 이동가능 거점":"NA",
            "교통총점":"NA",
            "백화점":0,
            "아울렛몰":0,
            "대형마트":100,
            "은행":20,
            "병원":60,
            "종합병원":100,
            "공원":100,
            "혐오시설":0,
            "인프라총점":46.0,
            "초등학군":90.01,
            "중학군":48.46,
            "학군총점":56.77,
            "인구수":21.47,
            "인구증감":-15.67,
            "인구총점":10.328,
            "일자리":12.38,
            "소득수준":61.51,
            "일자리총점":27.119,
            "가치 총점":58.4925,
            "매매실거래년":20220212.0,
            "매매실거래가":23500.0,
            "전세실거래년":20220225.0,
            "전세실거래가":22000.0,
            "전세가율":93.62,
            "장기전세가율평균":81.11,
            "전세가율거품지수":-12.51,
            "검색코드":26054,
            "세대수":985.0,
            "준공년월":"2007-04-26",
            "준공년차":16.0,
            "가까운역이름":"NA",
            "가까운역거리":"NA",
            "역세권여부":"NA",
            "30분이내주요거점역":"NA",
            "30분거점역이름":"NA",
            "1시간이내주요거점역":"NA",
            "1시간거점역이름":"NA",
            "3km이내백화점수":0,
            "5km이내아울렛몰수":0,
            "1km이내대형먀트수":2,
            "500m이내은행수":2,
            "500m이내병원수":13,
            "5km이내대형병원수":5,
            "500m이내공원수":2,
            "3km이내혐오시설수":0,
            "초등학교학업성취도":90.01,
            "중학교학업성취도":78.1,
            "용적률":193,
            "건폐율":19,
            "Y":36.608457,
            "X":127.472937,
            "rank":6.0,
            "area_info":"26평(88.49)",
            "last_sales":"2022-02-12,23500.0,26평(88.49)",
            "rank_history":[
                [
                    "202203",
                    6
                ],
                [
                    "202202",
                    6
                ],
                [
                    "202201",
                    9
                ]
            ],
            "rank_gap":0
        },
        {
            "index":184,
            "아파트명":"현대대우",
            "투자타입":"일반",
            "전용면적(m2)":"104.14",
            "전용면적(평)":"31평",
            "법정동주소":"충청북도 청주시 서원구 분평동 1249",
            "도로명주소":"충청북도 청주시 서원구 월평로 24",
            "세대수":90,
            "입주년차":20,
            "용적률점수":"--",
            "건폐율점수":"--",
            "세대당주차수":60,
            "난방방식":100,
            "공급면적":"--",
            "전용률":"--",
            "욕실수":100,
            "현관타입":100,
            "주거총점":74.5,
            "지역구공급총점":100.0,
            "역세권":"NA",
            "30분내 이동가능 거점":"NA",
            "1시간내 이동가능 거점":"NA",
            "교통총점":"NA",
            "백화점":0,
            "아울렛몰":0,
            "대형마트":80,
            "은행":0,
            "병원":80,
            "종합병원":100,
            "공원":100,
            "혐오시설":0,
            "인프라총점":43.0,
            "초등학군":90.0,
            "중학군":51.68,
            "학군총점":59.344,
            "인구수":21.47,
            "인구증감":-15.67,
            "인구총점":10.328,
            "일자리":12.38,
            "소득수준":61.51,
            "일자리총점":27.119,
            "가치 총점":58.111,
            "매매실거래년":20220115.0,
            "매매실거래가":38500.0,
            "전세실거래년":20211001.0,
            "전세실거래가":24000.0,
            "전세가율":82.76,
            "장기전세가율평균":81.11,
            "전세가율거품지수":-1.65,
            "검색코드":7511,
            "세대수":1179.0,
            "준공년월":"1999-07-23",
            "준공년차":24.0,
            "가까운역이름":"NA",
            "가까운역거리":"NA",
            "역세권여부":"NA",
            "30분이내주요거점역":"NA",
            "30분거점역이름":"NA",
            "1시간이내주요거점역":"NA",
            "1시간거점역이름":"NA",
            "3km이내백화점수":0,
            "5km이내아울렛몰수":0,
            "1km이내대형먀트수":1,
            "500m이내은행수":1,
            "500m이내병원수":43,
            "5km이내대형병원수":4,
            "500m이내공원수":2,
            "3km이내혐오시설수":0,
            "초등학교학업성취도":90.0,
            "중학교학업성취도":83.2,
            "용적률":242,
            "건폐율":16,
            "Y":36.60979,
            "X":127.487181,
            "rank":7.0,
            "area_info":"31평(104.14), 36평(122.05), 37평(122.96), 48평(159.94), 48평(159.97), 62평(207.64)",
            "last_sales":"2022-01-15,38500.0,48평(159.94)",
            "rank_history":[
                [
                    "202203",
                    7
                ],
                [
                    "202202",
                    7
                ],
                [
                    "202201",
                    7
                ]
            ],
            "rank_gap":0
        },
        {
            "index":219,
            "아파트명":"푸르지오캐슬4단지",
            "투자타입":"일반",
            "전용면적(m2)":"110.43",
            "전용면적(평)":"33평",
            "법정동주소":"충청북도 청주시 서원구 사직동 937",
            "도로명주소":"충청북도 청주시 서원구 창직로 50",
            "세대수":90,
            "입주년차":60,
            "용적률점수":"--",
            "건폐율점수":"--",
            "세대당주차수":60,
            "난방방식":100,
            "공급면적":"--",
            "전용률":"--",
            "욕실수":100,
            "현관타입":100,
            "주거총점":82.5,
            "지역구공급총점":100.0,
            "역세권":"NA",
            "30분내 이동가능 거점":"NA",
            "1시간내 이동가능 거점":"NA",
            "교통총점":"NA",
            "백화점":0,
            "아울렛몰":80,
            "대형마트":0,
            "은행":0,
            "병원":30,
            "종합병원":100,
            "공원":100,
            "혐오시설":0,
            "인프라총점":34.0,
            "초등학군":89.98,
            "중학군":51.82,
            "학군총점":59.452,
            "인구수":21.47,
            "인구증감":-15.67,
            "인구총점":10.328,
            "일자리":12.38,
            "소득수준":61.51,
            "일자리총점":27.119,
            "가치 총점":57.338,
            "매매실거래년":20220214.0,
            "매매실거래가":34200.0,
            "전세실거래년":20220214.0,
            "전세실거래가":20000.0,
            "전세가율":58.48,
            "장기전세가율평균":81.11,
            "전세가율거품지수":22.63,
            "검색코드":106824,
            "세대수":1219.0,
            "준공년월":"2010-11-19",
            "준공년차":13.0,
            "가까운역이름":"NA",
            "가까운역거리":"NA",
            "역세권여부":"NA",
            "30분이내주요거점역":"NA",
            "30분거점역이름":"NA",
            "1시간이내주요거점역":"NA",
            "1시간거점역이름":"NA",
            "3km이내백화점수":0,
            "5km이내아울렛몰수":1,
            "1km이내대형먀트수":0,
            "500m이내은행수":0,
            "500m이내병원수":8,
            "5km이내대형병원수":5,
            "500m이내공원수":2,
            "3km이내혐오시설수":0,
            "초등학교학업성취도":89.98,
            "중학교학업성취도":83.5,
            "용적률":254,
            "건폐율":16,
            "Y":36.629935,
            "X":127.467368,
            "rank":8.0,
            "area_info":"33평(110.43), 40평(132.74), 47평(155.63), 52평(173.2)",
            "last_sales":"2022-02-14,34200.0,33평(110.43)",
            "rank_history":[
                [
                    "202203",
                    8
                ],
                [
                    "202202",
                    8
                ],
                [
                    "202201",
                    10
                ]
            ],
            "rank_gap":0
        },
        {
            "index":133,
            "아파트명":"대원",
            "투자타입":"일반",
            "전용면적(m2)":"82.8",
            "전용면적(평)":"25평",
            "법정동주소":"충청북도 청주시 서원구 분평동 1255",
            "도로명주소":"충청북도 청주시 서원구 분평로 49",
            "세대수":80,
            "입주년차":20,
            "용적률점수":"--",
            "건폐율점수":"--",
            "세대당주차수":80,
            "난방방식":100,
            "공급면적":"--",
            "전용률":"--",
            "욕실수":100,
            "현관타입":100,
            "주거총점":74.0,
            "지역구공급총점":100.0,
            "역세권":"NA",
            "30분내 이동가능 거점":"NA",
            "1시간내 이동가능 거점":"NA",
            "교통총점":"NA",
            "백화점":0,
            "아울렛몰":0,
            "대형마트":80,
            "은행":0,
            "병원":60,
            "종합병원":100,
            "공원":80,
            "혐오시설":0,
            "인프라총점":40.4,
            "초등학군":90.0,
            "중학군":51.88,
            "학군총점":59.504,
            "인구수":21.47,
            "인구증감":-15.67,
            "인구총점":10.328,
            "일자리":12.38,
            "소득수준":61.51,
            "일자리총점":27.119,
            "가치 총점":56.936,
            "매매실거래년":20220219.0,
            "매매실거래가":21000.0,
            "전세실거래년":20211113.0,
            "전세실거래가":18000.0,
            "전세가율":85.71,
            "장기전세가율평균":81.11,
            "전세가율거품지수":-4.6,
            "검색코드":7513,
            "세대수":731.0,
            "준공년월":"2000-10-28",
            "준공년차":23.0,
            "가까운역이름":"NA",
            "가까운역거리":"NA",
            "역세권여부":"NA",
            "30분이내주요거점역":"NA",
            "30분거점역이름":"NA",
            "1시간이내주요거점역":"NA",
            "1시간거점역이름":"NA",
            "3km이내백화점수":0,
            "5km이내아울렛몰수":0,
            "1km이내대형먀트수":1,
            "500m이내은행수":1,
            "500m이내병원수":25,
            "5km이내대형병원수":4,
            "500m이내공원수":1,
            "3km이내혐오시설수":0,
            "초등학교학업성취도":90.0,
            "중학교학업성취도":84.6,
            "용적률":228,
            "건폐율":20,
            "Y":36.609661,
            "X":127.490669,
            "rank":9.0,
            "area_info":"25평(82.8), 25평(82.74)",
            "last_sales":"2022-02-19,21000.0,25평(82.8)",
            "rank_history":[
                [
                    "202203",
                    9
                ],
                [
                    "202202",
                    10
                ],
                [
                    "202201",
                    11
                ]
            ],
            "rank_gap":1
        },
        {
            "index":52,
            "아파트명":"시영(청주)",
            "투자타입":"재건축",
            "전용면적(m2)":"47.77",
            "전용면적(평)":"14평",
            "법정동주소":"충청북도 청주시 서원구 개신동 506",
            "도로명주소":"충청북도 청주시 서원구 신율로 71",
            "세대수":0,
            "입주년차":"--",
            "용적률점수":100,
            "건폐율점수":0,
            "세대당주차수":"--",
            "난방방식":"--",
            "공급면적":50,
            "전용률":80,
            "욕실수":"--",
            "현관타입":"--",
            "주거총점":46.5,
            "지역구공급총점":100.0,
            "역세권":"NA",
            "30분내 이동가능 거점":"NA",
            "1시간내 이동가능 거점":"NA",
            "교통총점":"NA",
            "백화점":100,
            "아울렛몰":80,
            "대형마트":0,
            "은행":0,
            "병원":60,
            "종합병원":100,
            "공원":100,
            "혐오시설":0,
            "인프라총점":67.0,
            "초등학군":90.02,
            "중학군":46.3,
            "학군총점":55.044,
            "인구수":21.47,
            "인구증감":-15.67,
            "인구총점":10.328,
            "일자리":12.38,
            "소득수준":61.51,
            "일자리총점":27.119,
            "가치 총점":56.836,
            "매매실거래년":20220121.0,
            "매매실거래가":5800.0,
            "전세실거래년":20211223.0,
            "전세실거래가":6000.0,
            "전세가율":103.45,
            "장기전세가율평균":81.11,
            "전세가율거품지수":-22.34,
            "검색코드":15431,
            "세대수":141.0,
            "준공년월":"1990-12-19",
            "준공년차":33.0,
            "가까운역이름":"NA",
            "가까운역거리":"NA",
            "역세권여부":"NA",
            "30분이내주요거점역":"NA",
            "30분거점역이름":"NA",
            "1시간이내주요거점역":"NA",
            "1시간거점역이름":"NA",
            "3km이내백화점수":1,
            "5km이내아울렛몰수":1,
            "1km이내대형먀트수":0,
            "500m이내은행수":0,
            "500m이내병원수":11,
            "5km이내대형병원수":5,
            "500m이내공원수":4,
            "3km이내혐오시설수":0,
            "초등학교학업성취도":90.02,
            "중학교학업성취도":73.5,
            "용적률":116,
            "건폐율":55,
            "Y":36.624399,
            "X":127.446901,
            "rank":10.0,
            "area_info":"14평(47.77)",
            "last_sales":"2022-01-21,5800.0,14평(47.77)",
            "rank_history":[
                [
                    "202203",
                    10
                ],
                [
                    "202202",
                    11
                ],
                [
                    "202201",
                    14
                ]
            ],
            "rank_gap":1
        },
        {
            "index":75,
            "아파트명":"청주가마힐데스하임",
            "투자타입":"일반",
            "전용면적(m2)":"104.52",
            "전용면적(평)":"31평",
            "법정동주소":"충청북도 청주시 서원구 남이면 가마리 378",
            "도로명주소":"충청북도 청주시 서원구 2순환로 1717",
            "세대수":90,
            "입주년차":80,
            "용적률점수":"--",
            "건폐율점수":"--",
            "세대당주차수":60,
            "난방방식":30,
            "공급면적":"--",
            "전용률":"--",
            "욕실수":100,
            "현관타입":100,
            "주거총점":79.5,
            "지역구공급총점":100.0,
            "역세권":"NA",
            "30분내 이동가능 거점":"NA",
            "1시간내 이동가능 거점":"NA",
            "교통총점":"NA",
            "백화점":0,
            "아울렛몰":0,
            "대형마트":80,
            "은행":0,
            "병원":0,
            "종합병원":100,
            "공원":80,
            "혐오시설":0,
            "인프라총점":34.4,
            "초등학군":90.01,
            "중학군":53.72,
            "학군총점":60.978,
            "인구수":21.47,
            "인구증감":-15.67,
            "인구총점":10.328,
            "일자리":12.38,
            "소득수준":61.51,
            "일자리총점":27.119,
            "가치 총점":56.8295,
            "매매실거래년":20220212.0,
            "매매실거래가":39000.0,
            "전세실거래년":20220221.0,
            "전세실거래가":28000.0,
            "전세가율":82.35,
            "장기전세가율평균":81.11,
            "전세가율거품지수":-1.24,
            "검색코드":109416,
            "세대수":988.0,
            "준공년월":"2016-12-07",
            "준공년차":7.0,
            "가까운역이름":"NA",
            "가까운역거리":"NA",
            "역세권여부":"NA",
            "30분이내주요거점역":"NA",
            "30분거점역이름":"NA",
            "1시간이내주요거점역":"NA",
            "1시간거점역이름":"NA",
            "3km이내백화점수":0,
            "5km이내아울렛몰수":0,
            "1km이내대형먀트수":1,
            "500m이내은행수":0,
            "500m이내병원수":0,
            "5km이내대형병원수":5,
            "500m이내공원수":1,
            "3km이내혐오시설수":0,
            "초등학교학업성취도":90.01,
            "중학교학업성취도":87.4,
            "용적률":199,
            "건폐율":13,
            "Y":36.5983,
            "X":127.46962,
            "rank":11.0,
            "area_info":"31평(104.52), 31평(105.39), 34평(112.68), 34평(113.07)",
            "last_sales":"2022-02-12,39000.0,34평(113.07)",
            "rank_history":[
                [
                    "202203",
                    11
                ],
                [
                    "202202",
                    9
                ],
                [
                    "202201",
                    8
                ]
            ],
            "rank_gap":-2
        },
        {
            "index":168,
            "아파트명":"주공6단지",
            "투자타입":"일반",
            "전용면적(m2)":"106.83",
            "전용면적(평)":"32평",
            "법정동주소":"충청북도 청주시 서원구 분평동 1366",
            "도로명주소":"충청북도 청주시 서원구 1순환로1137번길 19",
            "세대수":90,
            "입주년차":20,
            "용적률점수":"--",
            "건폐율점수":"--",
            "세대당주차수":30,
            "난방방식":100,
            "공급면적":"--",
            "전용률":"--",
            "욕실수":100,
            "현관타입":100,
            "주거총점":70.0,
            "지역구공급총점":100.0,
            "역세권":"NA",
            "30분내 이동가능 거점":"NA",
            "1시간내 이동가능 거점":"NA",
            "교통총점":"NA",
            "백화점":0,
            "아울렛몰":0,
            "대형마트":80,
            "은행":0,
            "병원":60,
            "종합병원":100,
            "공원":80,
            "혐오시설":0,
            "인프라총점":40.4,
            "초등학군":90.01,
            "중학군":51.88,
            "학군총점":59.506,
            "인구수":21.47,
            "인구증감":-15.67,
            "인구총점":10.328,
            "일자리":12.38,
            "소득수준":61.51,
            "일자리총점":27.119,
            "가치 총점":55.5365,
            "매매실거래년":20220208.0,
            "매매실거래가":25700.0,
            "전세실거래년":20220126.0,
            "전세실거래가":22000.0,
            "전세가율":85.6,
            "장기전세가율평균":81.11,
            "전세가율거품지수":-4.49,
            "검색코드":7516,
            "세대수":1120.0,
            "준공년월":"1999-09-04",
            "준공년차":24.0,
            "가까운역이름":"NA",
            "가까운역거리":"NA",
            "역세권여부":"NA",
            "30분이내주요거점역":"NA",
            "30분거점역이름":"NA",
            "1시간이내주요거점역":"NA",
            "1시간거점역이름":"NA",
            "3km이내백화점수":0,
            "5km이내아울렛몰수":0,
            "1km이내대형먀트수":1,
            "500m이내은행수":0,
            "500m이내병원수":21,
            "5km이내대형병원수":4,
            "500m이내공원수":1,
            "3km이내혐오시설수":0,
            "초등학교학업성취도":90.01,
            "중학교학업성취도":84.6,
            "용적률":221,
            "건폐율":19,
            "Y":36.6074,
            "X":127.49186,
            "rank":12.0,
            "area_info":"32평(106.83), 33평(109.67), 33평(109.53)",
            "last_sales":"2022-02-08,25700.0,32평(106.83)",
            "rank_history":[
                [
                    "202203",
                    12
                ],
                [
                    "202202",
                    12
                ],
                [
                    "202201",
                    12
                ]
            ],
            "rank_gap":0
        },
        {
            "index":305,
            "아파트명":"청주성화2다안채6단지",
            "투자타입":"일반",
            "전용면적(m2)":"110.97",
            "전용면적(평)":"33평",
            "법정동주소":"충청북도 청주시 서원구 성화동 1034",
            "도로명주소":"충청북도 청주시 서원구 구룡산로52번길 51",
            "세대수":50,
            "입주년차":60,
            "용적률점수":"--",
            "건폐율점수":"--",
            "세대당주차수":60,
            "난방방식":100,
            "공급면적":"--",
            "전용률":"--",
            "욕실수":100,
            "현관타입":100,
            "주거총점":68.5,
            "지역구공급총점":100.0,
            "역세권":"NA",
            "30분내 이동가능 거점":"NA",
            "1시간내 이동가능 거점":"NA",
            "교통총점":"NA",
            "백화점":0,
            "아울렛몰":80,
            "대형마트":80,
            "은행":0,
            "병원":0,
            "종합병원":100,
            "공원":100,
            "혐오시설":0,
            "인프라총점":43.0,
            "초등학군":89.99,
            "중학군":48.3,
            "학군총점":56.638,
            "인구수":21.47,
            "인구증감":-15.67,
            "인구총점":10.328,
            "일자리":12.38,
            "소득수준":61.51,
            "일자리총점":27.119,
            "가치 총점":55.3345,
            "매매실거래년":20210916.0,
            "매매실거래가":30000.0,
            "전세실거래년":null,
            "전세실거래가":null,
            "전세가율":null,
            "장기전세가율평균":81.11,
            "전세가율거품지수":null,
            "검색코드":103529,
            "세대수":533.0,
            "준공년월":"2013-02-08",
            "준공년차":10.0,
            "가까운역이름":"NA",
            "가까운역거리":"NA",
            "역세권여부":"NA",
            "30분이내주요거점역":"NA",
            "30분거점역이름":"NA",
            "1시간이내주요거점역":"NA",
            "1시간거점역이름":"NA",
            "3km이내백화점수":0,
            "5km이내아울렛몰수":1,
            "1km이내대형먀트수":1,
            "500m이내은행수":0,
            "500m이내병원수":1,
            "5km이내대형병원수":5,
            "500m이내공원수":3,
            "3km이내혐오시설수":0,
            "초등학교학업성취도":89.99,
            "중학교학업성취도":76.3,
            "용적률":146,
            "건폐율":15,
            "Y":36.611839,
            "X":127.451451,
            "rank":13.0,
            "area_info":"33평(110.97), 33평(111.35), 33평(111.32), 33평(111.64), 33평(111.05), 33평(111.61), 33평(111.38), 33평(112.16), 34평(114.32)",
            "last_sales":"2021-09-16,30000.0,33평(112.16)",
            "rank_history":[
                [
                    "202203",
                    13
                ],
                [
                    "202202",
                    17
                ],
                [
                    "202201",
                    17
                ]
            ],
            "rank_gap":4
        },
        {
            "index":226,
            "아파트명":"대원칸타빌",
            "투자타입":"일반",
            "전용면적(m2)":"86.86",
            "전용면적(평)":"26평",
            "법정동주소":"충청북도 청주시 서원구 사창동 285-3",
            "도로명주소":"충청북도 청주시 서원구 예체로67번길 87",
            "세대수":80,
            "입주년차":40,
            "용적률점수":"--",
            "건폐율점수":"--",
            "세대당주차수":60,
            "난방방식":30,
            "공급면적":"--",
            "전용률":"--",
            "욕실수":100,
            "현관타입":100,
            "주거총점":68.0,
            "지역구공급총점":100.0,
            "역세권":"NA",
            "30분내 이동가능 거점":"NA",
            "1시간내 이동가능 거점":"NA",
            "교통총점":"NA",
            "백화점":0,
            "아울렛몰":80,
            "대형마트":0,
            "은행":70,
            "병원":80,
            "종합병원":100,
            "공원":100,
            "혐오시설":0,
            "인프라총점":46.0,
            "초등학군":89.98,
            "중학군":42.56,
            "학군총점":52.044,
            "인구수":21.47,
            "인구증감":-15.67,
            "인구총점":10.328,
            "일자리":12.38,
            "소득수준":61.51,
            "일자리총점":27.119,
            "가치 총점":55.211,
            "매매실거래년":20220126.0,
            "매매실거래가":24500.0,
            "전세실거래년":20220123.0,
            "전세실거래가":25000.0,
            "전세가율":102.04,
            "장기전세가율평균":81.11,
            "전세가율거품지수":-20.93,
            "검색코드":24345,
            "세대수":810.0,
            "준공년월":"2008-06-13",
            "준공년차":15.0,
            "가까운역이름":"NA",
            "가까운역거리":"NA",
            "역세권여부":"NA",
            "30분이내주요거점역":"NA",
            "30분거점역이름":"NA",
            "1시간이내주요거점역":"NA",
            "1시간거점역이름":"NA",
            "3km이내백화점수":0,
            "5km이내아울렛몰수":1,
            "1km이내대형먀트수":0,
            "500m이내은행수":4,
            "500m이내병원수":36,
            "5km이내대형병원수":5,
            "500m이내공원수":2,
            "3km이내혐오시설수":0,
            "초등학교학업성취도":89.98,
            "중학교학업성취도":70.6,
            "용적률":247,
            "건폐율":16,
            "Y":36.6325,
            "X":127.462565,
            "rank":14.0,
            "area_info":"26평(86.86), 34평(114.59), 44평(147.58)",
            "last_sales":"2022-01-26,24500.0,26평(86.86)",
            "rank_history":[
                [
                    "202203",
                    14
                ],
                [
                    "202202",
                    13
                ],
                [
                    "202201",
                    15
                ]
            ],
            "rank_gap":-1
        },
        {
            "index":392,
            "아파트명":"청주가경주공3단지",
            "투자타입":"일반",
            "전용면적(m2)":"67.68",
            "전용면적(평)":"20평",
            "법정동주소":"충청북도 청주시 서원구 죽림동 295",
            "도로명주소":"충청북도 청주시 서원구 대림로 493",
            "세대수":80,
            "입주년차":20,
            "용적률점수":"--",
            "건폐율점수":"--",
            "세대당주차수":0,
            "난방방식":100,
            "공급면적":"--",
            "전용률":"--",
            "욕실수":50,
            "현관타입":100,
            "주거총점":57.0,
            "지역구공급총점":100.0,
            "역세권":"NA",
            "30분내 이동가능 거점":"NA",
            "1시간내 이동가능 거점":"NA",
            "교통총점":"NA",
            "백화점":0,
            "아울렛몰":80,
            "대형마트":80,
            "은행":0,
            "병원":80,
            "종합병원":100,
            "공원":100,
            "혐오시설":0,
            "인프라총점":51.0,
            "초등학군":89.97,
            "중학군":51.48,
            "학군총점":59.178,
            "인구수":21.47,
            "인구증감":-15.67,
            "인구총점":10.328,
            "일자리":12.38,
            "소득수준":61.51,
            "일자리총점":27.119,
            "가치 총점":55.1445,
            "매매실거래년":20220211.0,
            "매매실거래가":15900.0,
            "전세실거래년":20220224.0,
            "전세실거래가":15500.0,
            "전세가율":97.48,
            "장기전세가율평균":81.11,
            "전세가율거품지수":-16.37,
            "검색코드":27617,
            "세대수":704.0,
            "준공년월":"2003-11-17",
            "준공년차":20.0,
            "가까운역이름":"NA",
            "가까운역거리":"NA",
            "역세권여부":"NA",
            "30분이내주요거점역":"NA",
            "30분거점역이름":"NA",
            "1시간이내주요거점역":"NA",
            "1시간거점역이름":"NA",
            "3km이내백화점수":0,
            "5km이내아울렛몰수":1,
            "1km이내대형먀트수":1,
            "500m이내은행수":0,
            "500m이내병원수":34,
            "5km이내대형병원수":5,
            "500m이내공원수":4,
            "3km이내혐오시설수":0,
            "초등학교학업성취도":89.97,
            "중학교학업성취도":84.6,
            "용적률":168,
            "건폐율":16,
            "Y":36.614344,
            "X":127.443586,
            "rank":15.0,
            "area_info":"20평(67.68), 23평(78.38)",
            "last_sales":"2022-02-11,15900.0,20평(67.68)",
            "rank_history":[
                [
                    "202203",
                    15
                ],
                [
                    "202202",
                    14
                ],
                [
                    "202201",
                    18
                ]
            ],
            "rank_gap":-1
        },
        {
            "index":191,
            "아파트명":"두산위브더제니스",
            "투자타입":"일반",
            "전용면적(m2)":"130.14",
            "전용면적(평)":"39평",
            "법정동주소":"충청북도 청주시 서원구 사직동 265-5",
            "도로명주소":"충청북도 청주시 서원구 사운로 93",
            "세대수":50,
            "입주년차":60,
            "용적률점수":"--",
            "건폐율점수":"--",
            "세대당주차수":80,
            "난방방식":30,
            "공급면적":"--",
            "전용률":"--",
            "욕실수":100,
            "현관타입":100,
            "주거총점":64.5,
            "지역구공급총점":100.0,
            "역세권":"NA",
            "30분내 이동가능 거점":"NA",
            "1시간내 이동가능 거점":"NA",
            "교통총점":"NA",
            "백화점":0,
            "아울렛몰":0,
            "대형마트":100,
            "은행":0,
            "병원":60,
            "종합병원":100,
            "공원":100,
            "혐오시설":0,
            "인프라총점":44.0,
            "초등학군":89.98,
            "중학군":51.82,
            "학군총점":59.452,
            "인구수":21.47,
            "인구증감":-15.67,
            "인구총점":10.328,
            "일자리":12.38,
            "소득수준":61.51,
            "일자리총점":27.119,
            "가치 총점":55.038,
            "매매실거래년":20211225.0,
            "매매실거래가":45000.0,
            "전세실거래년":20210720.0,
            "전세실거래가":21000.0,
            "전세가율":65.62,
            "장기전세가율평균":81.11,
            "전세가율거품지수":15.49,
            "검색코드":24884,
            "세대수":576.0,
            "준공년월":"2009-07-29",
            "준공년차":14.0,
            "가까운역이름":"NA",
            "가까운역거리":"NA",
            "역세권여부":"NA",
            "30분이내주요거점역":"NA",
            "30분거점역이름":"NA",
            "1시간이내주요거점역":"NA",
            "1시간거점역이름":"NA",
            "3km이내백화점수":0,
            "5km이내아울렛몰수":0,
            "1km이내대형먀트수":2,
            "500m이내은행수":0,
            "500m이내병원수":18,
            "5km이내대형병원수":6,
            "500m이내공원수":6,
            "3km이내혐오시설수":0,
            "초등학교학업성취도":89.98,
            "중학교학업성취도":83.5,
            "용적률":672,
            "건폐율":34,
            "Y":36.637201,
            "X":127.477908,
            "rank":16.0,
            "area_info":"39평(130.14), 49평(162.42), 49평(163.29), 57평(189.05), 78평(258.57)",
            "last_sales":"2021-12-25,45000.0,49평(163.29)",
            "rank_history":[
                [
                    "202203",
                    16
                ],
                [
                    "202202",
                    15
                ],
                [
                    "202201",
                    21
                ]
            ],
            "rank_gap":-1
        },
        {
            "index":281,
            "아파트명":"대원칸타빌1단지",
            "투자타입":"일반",
            "전용면적(m2)":"112.4",
            "전용면적(평)":"34평",
            "법정동주소":"충청북도 청주시 서원구 산남동 678",
            "도로명주소":"충청북도 청주시 서원구 두꺼비로 63",
            "세대수":50,
            "입주년차":40,
            "용적률점수":"--",
            "건폐율점수":"--",
            "세대당주차수":60,
            "난방방식":100,
            "공급면적":"--",
            "전용률":"--",
            "욕실수":100,
            "현관타입":100,
            "주거총점":64.5,
            "지역구공급총점":100.0,
            "역세권":"NA",
            "30분내 이동가능 거점":"NA",
            "1시간내 이동가능 거점":"NA",
            "교통총점":"NA",
            "백화점":0,
            "아울렛몰":0,
            "대형마트":80,
            "은행":0,
            "병원":60,
            "종합병원":100,
            "공원":100,
            "혐오시설":0,
            "인프라총점":41.0,
            "초등학군":90.0,
            "중학군":56.86,
            "학군총점":63.488,
            "인구수":21.47,
            "인구증감":-15.67,
            "인구총점":10.328,
            "일자리":12.38,
            "소득수준":61.51,
            "일자리총점":27.119,
            "가치 총점":54.847,
            "매매실거래년":20220220.0,
            "매매실거래가":39000.0,
            "전세실거래년":20220220.0,
            "전세실거래가":35000.0,
            "전세가율":89.74,
            "장기전세가율평균":81.11,
            "전세가율거품지수":-8.63,
            "검색코드":25917,
            "세대수":600.0,
            "준공년월":"2007-04-24",
            "준공년차":16.0,
            "가까운역이름":"NA",
            "가까운역거리":"NA",
            "역세권여부":"NA",
            "30분이내주요거점역":"NA",
            "30분거점역이름":"NA",
            "1시간이내주요거점역":"NA",
            "1시간거점역이름":"NA",
            "3km이내백화점수":0,
            "5km이내아울렛몰수":0,
            "1km이내대형먀트수":1,
            "500m이내은행수":0,
            "500m이내병원수":10,
            "5km이내대형병원수":5,
            "500m이내공원수":3,
            "3km이내혐오시설수":0,
            "초등학교학업성취도":90.0,
            "중학교학업성취도":93.3,
            "용적률":192,
            "건폐율":20,
            "Y":36.610377,
            "X":127.46292,
            "rank":17.0,
            "area_info":"34평(112.4), 34평(113.02)",
            "last_sales":"2022-02-20,39000.0,34평(112.4)",
            "rank_history":[
                [
                    "202203",
                    17
                ],
                [
                    "202202",
                    16
                ],
                [
                    "202201",
                    13
                ]
            ],
            "rank_gap":-1
        },
        {
            "index":275,
            "아파트명":"계룡리슈빌",
            "투자타입":"일반",
            "전용면적(m2)":"130.98",
            "전용면적(평)":"39평",
            "법정동주소":"충청북도 청주시 서원구 산남동 1102",
            "도로명주소":"충청북도 청주시 서원구 산남로 23",
            "세대수":50,
            "입주년차":40,
            "용적률점수":"--",
            "건폐율점수":"--",
            "세대당주차수":60,
            "난방방식":100,
            "공급면적":"--",
            "전용률":"--",
            "욕실수":100,
            "현관타입":100,
            "주거총점":64.5,
            "지역구공급총점":100.0,
            "역세권":"NA",
            "30분내 이동가능 거점":"NA",
            "1시간내 이동가능 거점":"NA",
            "교통총점":"NA",
            "백화점":0,
            "아울렛몰":0,
            "대형마트":80,
            "은행":20,
            "병원":60,
            "종합병원":100,
            "공원":100,
            "혐오시설":0,
            "인프라총점":43.0,
            "초등학군":90.01,
            "중학군":48.46,
            "학군총점":56.77,
            "인구수":21.47,
            "인구증감":-15.67,
            "인구총점":10.328,
            "일자리":12.38,
            "소득수준":61.51,
            "일자리총점":27.119,
            "가치 총점":53.9675,
            "매매실거래년":20211209.0,
            "매매실거래가":66500.0,
            "전세실거래년":20220221.0,
            "전세실거래가":33000.0,
            "전세가율":66.0,
            "장기전세가율평균":81.11,
            "전세가율거품지수":15.11,
            "검색코드":25552,
            "세대수":551.0,
            "준공년월":"2007-02-22",
            "준공년차":16.0,
            "가까운역이름":"NA",
            "가까운역거리":"NA",
            "역세권여부":"NA",
            "30분이내주요거점역":"NA",
            "30분거점역이름":"NA",
            "1시간이내주요거점역":"NA",
            "1시간거점역이름":"NA",
            "3km이내백화점수":0,
            "5km이내아울렛몰수":0,
            "1km이내대형먀트수":1,
            "500m이내은행수":2,
            "500m이내병원수":20,
            "5km이내대형병원수":5,
            "500m이내공원수":6,
            "3km이내혐오시설수":0,
            "초등학교학업성취도":90.01,
            "중학교학업성취도":78.1,
            "용적률":199,
            "건폐율":17,
            "Y":36.61043,
            "X":127.47103,
            "rank":18.0,
            "area_info":"39평(130.98), 39평(131.03), 49평(162.11), 49평(163.93), 52평(174.52), 59평(197.06)",
            "last_sales":"2021-12-09,66500.0,59평(197.06)",
            "rank_history":[
                [
                    "202203",
                    18
                ],
                [
                    "202202",
                    18
                ],
                [
                    "202201",
                    16
                ]
            ],
            "rank_gap":0
        },
        {
            "index":292,
            "아파트명":"청주현진에버빌",
            "투자타입":"일반",
            "전용면적(m2)":"110.42",
            "전용면적(평)":"33평",
            "법정동주소":"충청북도 청주시 서원구 산남동 1103",
            "도로명주소":"충청북도 청주시 서원구 탑골로 6",
            "세대수":50,
            "입주년차":40,
            "용적률점수":"--",
            "건폐율점수":"--",
            "세대당주차수":60,
            "난방방식":100,
            "공급면적":"--",
            "전용률":"--",
            "욕실수":100,
            "현관타입":100,
            "주거총점":64.5,
            "지역구공급총점":100.0,
            "역세권":"NA",
            "30분내 이동가능 거점":"NA",
            "1시간내 이동가능 거점":"NA",
            "교통총점":"NA",
            "백화점":0,
            "아울렛몰":0,
            "대형마트":80,
            "은행":20,
            "병원":60,
            "종합병원":100,
            "공원":100,
            "혐오시설":0,
            "인프라총점":43.0,
            "초등학군":90.01,
            "중학군":48.46,
            "학군총점":56.77,
            "인구수":21.47,
            "인구증감":-15.67,
            "인구총점":10.328,
            "일자리":12.38,
            "소득수준":61.51,
            "일자리총점":27.119,
            "가치 총점":53.9675,
            "매매실거래년":20220122.0,
            "매매실거래가":34000.0,
            "전세실거래년":20220221.0,
            "전세실거래가":33000.0,
            "전세가율":97.06,
            "장기전세가율평균":81.11,
            "전세가율거품지수":-15.95,
            "검색코드":25550,
            "세대수":477.0,
            "준공년월":"2006-12-15",
            "준공년차":17.0,
            "가까운역이름":"NA",
            "가까운역거리":"NA",
            "역세권여부":"NA",
            "30분이내주요거점역":"NA",
            "30분거점역이름":"NA",
            "1시간이내주요거점역":"NA",
            "1시간거점역이름":"NA",
            "3km이내백화점수":0,
            "5km이내아울렛몰수":0,
            "1km이내대형먀트수":1,
            "500m이내은행수":2,
            "500m이내병원수":15,
            "5km이내대형병원수":5,
            "500m이내공원수":6,
            "3km이내혐오시설수":0,
            "초등학교학업성취도":90.01,
            "중학교학업성취도":78.1,
            "용적률":190,
            "건폐율":18,
            "Y":36.611216,
            "X":127.473142,
            "rank":18.0,
            "area_info":"33평(110.42), 34평(113.1), 35평(115.97)",
            "last_sales":"2022-01-22,34000.0,33평(110.42)",
            "rank_history":[
                [
                    "202203",
                    18
                ],
                [
                    "202202",
                    18
                ],
                [
                    "202201",
                    19
                ]
            ],
            "rank_gap":0
        },
        {
            "index":79,
            "아파트명":"LH트릴로채",
            "투자타입":"일반",
            "전용면적(m2)":"85.88",
            "전용면적(평)":"25평",
            "법정동주소":"충청북도 청주시 서원구 모충동 553",
            "도로명주소":"충청북도 청주시 서원구 쌍샘로 22",
            "세대수":100,
            "입주년차":100,
            "용적률점수":"--",
            "건폐율점수":"--",
            "세대당주차수":0,
            "난방방식":100,
            "공급면적":"--",
            "전용률":"--",
            "욕실수":100,
            "현관타입":100,
            "주거총점":85.0,
            "지역구공급총점":100.0,
            "역세권":"NA",
            "30분내 이동가능 거점":"NA",
            "1시간내 이동가능 거점":"NA",
            "교통총점":"NA",
            "백화점":0,
            "아울렛몰":0,
            "대형마트":0,
            "은행":0,
            "병원":0,
            "종합병원":100,
            "공원":100,
            "혐오시설":0,
            "인프라총점":23.0,
            "초등학군":90.0,
            "중학군":51.36,
            "학군총점":59.088,
            "인구수":21.47,
            "인구증감":-15.67,
            "인구총점":10.328,
            "일자리":12.38,
            "소득수준":61.51,
            "일자리총점":27.119,
            "가치 총점":53.722,
            "매매실거래년":20220211.0,
            "매매실거래가":35617.0,
            "전세실거래년":20220124.0,
            "전세실거래가":23000.0,
            "전세가율":null,
            "장기전세가율평균":81.11,
            "전세가율거품지수":null,
            "검색코드":127744,
            "세대수":1692.0,
            "준공년월":"2021-11-01",
            "준공년차":2.0,
            "가까운역이름":"NA",
            "가까운역거리":"NA",
            "역세권여부":"NA",
            "30분이내주요거점역":"NA",
            "30분거점역이름":"NA",
            "1시간이내주요거점역":"NA",
            "1시간거점역이름":"NA",
            "3km이내백화점수":0,
            "5km이내아울렛몰수":0,
            "1km이내대형먀트수":0,
            "500m이내은행수":0,
            "500m이내병원수":1,
            "5km이내대형병원수":5,
            "500m이내공원수":2,
            "3km이내혐오시설수":0,
            "초등학교학업성취도":90.0,
            "중학교학업성취도":83.2,
            "용적률":195,
            "건폐율":17,
            "Y":36.628051,
            "X":127.479753,
            "rank":19.0,
            "area_info":"25평(85.88), 26평(86.17), 29평(98.87), 29평(98.98), 29평(99.03), 33평(111.09), 33평(111.06)",
            "last_sales":"2022-02-11,35617.0,33평(111.09)",
            "rank_history":[
                [
                    "202203",
                    19
                ],
                [
                    "202202",
                    19
                ],
                [
                    "202201",
                    23
                ]
            ],
            "rank_gap":0
        },
        {
            "index":223,
            "아파트명":"푸르지오캐슬5단지",
            "투자타입":"일반",
            "전용면적(m2)":"94.84",
            "전용면적(평)":"28평",
            "법정동주소":"충청북도 청주시 서원구 사직동 934",
            "도로명주소":"충청북도 청주시 서원구 예체로 30",
            "세대수":50,
            "입주년차":60,
            "용적률점수":"--",
            "건폐율점수":"--",
            "세대당주차수":60,
            "난방방식":100,
            "공급면적":"--",
            "전용률":"--",
            "욕실수":100,
            "현관타입":100,
            "주거총점":68.5,
            "지역구공급총점":100.0,
            "역세권":"NA",
            "30분내 이동가능 거점":"NA",
            "1시간내 이동가능 거점":"NA",
            "교통총점":"NA",
            "백화점":0,
            "아울렛몰":80,
            "대형마트":0,
            "은행":0,
            "병원":60,
            "종합병원":100,
            "공원":100,
            "혐오시설":0,
            "인프라총점":37.0,
            "초등학군":89.98,
            "중학군":51.82,
            "학군총점":59.452,
            "인구수":21.47,
            "인구증감":-15.67,
            "인구총점":10.328,
            "일자리":12.38,
            "소득수준":61.51,
            "일자리총점":27.119,
            "가치 총점":53.638,
            "매매실거래년":20220220.0,
            "매매실거래가":29500.0,
            "전세실거래년":20220116.0,
            "전세실거래가":26000.0,
            "전세가율":88.14,
            "장기전세가율평균":81.11,
            "전세가율거품지수":-7.03,
            "검색코드":106825,
            "세대수":548.0,
            "준공년월":"2010-11-19",
            "준공년차":13.0,
            "가까운역이름":"NA",
            "가까운역거리":"NA",
            "역세권여부":"NA",
            "30분이내주요거점역":"NA",
            "30분거점역이름":"NA",
            "1시간이내주요거점역":"NA",
            "1시간거점역이름":"NA",
            "3km이내백화점수":0,
            "5km이내아울렛몰수":1,
            "1km이내대형먀트수":0,
            "500m이내은행수":0,
            "500m이내병원수":12,
            "5km이내대형병원수":5,
            "500m이내공원수":3,
            "3km이내혐오시설수":0,
            "초등학교학업성취도":89.98,
            "중학교학업성취도":83.5,
            "용적률":245,
            "건폐율":14,
            "Y":36.630269,
            "X":127.469502,
            "rank":20.0,
            "area_info":"28평(94.84), 40평(132.88), 47평(156.33)",
            "last_sales":"2022-02-20,29500.0,28평(94.84)",
            "rank_history":[
                [
                    "202203",
                    20
                ],
                [
                    "202202",
                    20
                ],
                [
                    "202201",
                    29
                ]
            ],
            "rank_gap":0
        },
        {
            "index":283,
            "아파트명":"대원칸타빌2단지",
            "투자타입":"일반",
            "전용면적(m2)":"113.48",
            "전용면적(평)":"34평",
            "법정동주소":"충청북도 청주시 서원구 산남동 1100",
            "도로명주소":"충청북도 청주시 서원구 산미로 143",
            "세대수":50,
            "입주년차":40,
            "용적률점수":"--",
            "건폐율점수":"--",
            "세대당주차수":30,
            "난방방식":100,
            "공급면적":"--",
            "전용률":"--",
            "욕실수":100,
            "현관타입":100,
            "주거총점":60.0,
            "지역구공급총점":100.0,
            "역세권":"NA",
            "30분내 이동가능 거점":"NA",
            "1시간내 이동가능 거점":"NA",
            "교통총점":"NA",
            "백화점":0,
            "아울렛몰":0,
            "대형마트":100,
            "은행":20,
            "병원":60,
            "종합병원":100,
            "공원":100,
            "혐오시설":0,
            "인프라총점":46.0,
            "초등학군":90.01,
            "중학군":48.46,
            "학군총점":56.77,
            "인구수":21.47,
            "인구증감":-15.67,
            "인구총점":10.328,
            "일자리":12.38,
            "소득수준":61.51,
            "일자리총점":27.119,
            "가치 총점":53.5925,
            "매매실거래년":20211113.0,
            "매매실거래가":36500.0,
            "전세실거래년":20220219.0,
            "전세실거래가":26250.0,
            "전세가율":71.92,
            "장기전세가율평균":81.11,
            "전세가율거품지수":9.19,
            "검색코드":25918,
            "세대수":518.0,
            "준공년월":"2007-04-24",
            "준공년차":16.0,
            "가까운역이름":"NA",
            "가까운역거리":"NA",
            "역세권여부":"NA",
            "30분이내주요거점역":"NA",
            "30분거점역이름":"NA",
            "1시간이내주요거점역":"NA",
            "1시간거점역이름":"NA",
            "3km이내백화점수":0,
            "5km이내아울렛몰수":0,
            "1km이내대형먀트수":2,
            "500m이내은행수":2,
            "500m이내병원수":11,
            "5km이내대형병원수":5,
            "500m이내공원수":2,
            "3km이내혐오시설수":0,
            "초등학교학업성취도":90.01,
            "중학교학업성취도":78.1,
            "용적률":192,
            "건폐율":0,
            "Y":36.609808,
            "X":127.47475,
            "rank":21.0,
            "area_info":"34평(113.48), 34평(114.15), 34평(115.2)",
            "last_sales":"2021-11-13,36500.0,34평(113.48)",
            "rank_history":[
                [
                    "202203",
                    21
                ],
                [
                    "202202",
                    21
                ],
                [
                    "202201",
                    27
                ]
            ],
            "rank_gap":0
        },
        {
            "index":171,
            "아파트명":"주공7단지",
            "투자타입":"일반",
            "전용면적(m2)":"103.84",
            "전용면적(평)":"31평",
            "법정동주소":"충청북도 청주시 서원구 분평동 1386",
            "도로명주소":"충청북도 청주시 서원구 분평로 18",
            "세대수":90,
            "입주년차":0,
            "용적률점수":"--",
            "건폐율점수":"--",
            "세대당주차수":0,
            "난방방식":100,
            "공급면적":"--",
            "전용률":"--",
            "욕실수":100,
            "현관타입":100,
            "주거총점":61.5,
            "지역구공급총점":100.0,
            "역세권":"NA",
            "30분내 이동가능 거점":"NA",
            "1시간내 이동가능 거점":"NA",
            "교통총점":"NA",
            "백화점":0,
            "아울렛몰":0,
            "대형마트":80,
            "은행":0,
            "병원":80,
            "종합병원":100,
            "공원":80,
            "혐오시설":0,
            "인프라총점":42.4,
            "초등학군":90.03,
            "중학군":51.68,
            "학군총점":59.35,
            "인구수":21.47,
            "인구증감":-15.67,
            "인구총점":10.328,
            "일자리":12.38,
            "소득수준":61.51,
            "일자리총점":27.119,
            "가치 총점":53.3225,
            "매매실거래년":20220224.0,
            "매매실거래가":20500.0,
            "전세실거래년":20130406.0,
            "전세실거래가":14000.0,
            "전세가율":94.59,
            "장기전세가율평균":81.11,
            "전세가율거품지수":-13.48,
            "검색코드":7510,
            "세대수":930.0,
            "준공년월":"1997-12-06",
            "준공년차":26.0,
            "가까운역이름":"NA",
            "가까운역거리":"NA",
            "역세권여부":"NA",
            "30분이내주요거점역":"NA",
            "30분거점역이름":"NA",
            "1시간이내주요거점역":"NA",
            "1시간거점역이름":"NA",
            "3km이내백화점수":0,
            "5km이내아울렛몰수":0,
            "1km이내대형먀트수":1,
            "500m이내은행수":1,
            "500m이내병원수":39,
            "5km이내대형병원수":4,
            "500m이내공원수":1,
            "3km이내혐오시설수":0,
            "초등학교학업성취도":90.03,
            "중학교학업성취도":83.2,
            "용적률":0,
            "건폐율":0,
            "Y":36.607657,
            "X":127.487843,
            "rank":22.0,
            "area_info":"31평(103.84), 31평(104.24)",
            "last_sales":"2022-02-24,20500.0,31평(104.24)",
            "rank_history":[
                [
                    "202203",
                    22
                ],
                [
                    "202202",
                    24
                ],
                [
                    "202201",
                    26
                ]
            ],
            "rank_gap":2
        },
        {
            "index":288,
            "아파트명":"유승한내들",
            "투자타입":"일반",
            "전용면적(m2)":"85.63",
            "전용면적(평)":"25평",
            "법정동주소":"충청북도 청주시 서원구 산남동 669",
            "도로명주소":"충청북도 청주시 서원구 두꺼비로 109",
            "세대수":50,
            "입주년차":40,
            "용적률점수":"--",
            "건폐율점수":"--",
            "세대당주차수":30,
            "난방방식":100,
            "공급면적":"--",
            "전용률":"--",
            "욕실수":100,
            "현관타입":100,
            "주거총점":60.0,
            "지역구공급총점":100.0,
            "역세권":"NA",
            "30분내 이동가능 거점":"NA",
            "1시간내 이동가능 거점":"NA",
            "교통총점":"NA",
            "백화점":0,
            "아울렛몰":0,
            "대형마트":80,
            "은행":0,
            "병원":60,
            "종합병원":100,
            "공원":100,
            "혐오시설":0,
            "인프라총점":41.0,
            "초등학군":90.0,
            "중학군":56.86,
            "학군총점":63.488,
            "인구수":21.47,
            "인구증감":-15.67,
            "인구총점":10.328,
            "일자리":12.38,
            "소득수준":61.51,
            "일자리총점":27.119,
            "가치 총점":53.272,
            "매매실거래년":20220214.0,
            "매매실거래가":24500.0,
            "전세실거래년":20220223.0,
            "전세실거래가":23000.0,
            "전세가율":93.88,
            "장기전세가율평균":81.11,
            "전세가율거품지수":-12.77,
            "검색코드":25551,
            "세대수":464.0,
            "준공년월":"2007-07-13",
            "준공년차":16.0,
            "가까운역이름":"NA",
            "가까운역거리":"NA",
            "역세권여부":"NA",
            "30분이내주요거점역":"NA",
            "30분거점역이름":"NA",
            "1시간이내주요거점역":"NA",
            "1시간거점역이름":"NA",
            "3km이내백화점수":0,
            "5km이내아울렛몰수":0,
            "1km이내대형먀트수":1,
            "500m이내은행수":0,
            "500m이내병원수":10,
            "5km이내대형병원수":5,
            "500m이내공원수":4,
            "3km이내혐오시설수":0,
            "초등학교학업성취도":90.0,
            "중학교학업성취도":93.3,
            "용적률":207,
            "건폐율":18,
            "Y":36.613903,
            "X":127.463476,
            "rank":23.0,
            "area_info":"25평(85.63)",
            "last_sales":"2022-02-14,24500.0,25평(85.63)",
            "rank_history":[
                [
                    "202203",
                    23
                ],
                [
                    "202202",
                    22
                ],
                [
                    "202201",
                    20
                ]
            ],
            "rank_gap":-1
        },
        {
            "index":173,
            "아파트명":"주은프레지던트",
            "투자타입":"일반",
            "전용면적(m2)":"112.46",
            "전용면적(평)":"34평",
            "법정동주소":"충청북도 청주시 서원구 분평동 1255",
            "도로명주소":"충청북도 청주시 서원구 1순환로1137번길 79",
            "세대수":50,
            "입주년차":20,
            "용적률점수":"--",
            "건폐율점수":"--",
            "세대당주차수":80,
            "난방방식":100,
            "공급면적":"--",
            "전용률":"--",
            "욕실수":100,
            "현관타입":100,
            "주거총점":63.5,
            "지역구공급총점":100.0,
            "역세권":"NA",
            "30분내 이동가능 거점":"NA",
            "1시간내 이동가능 거점":"NA",
            "교통총점":"NA",
            "백화점":0,
            "아울렛몰":0,
            "대형마트":80,
            "은행":0,
            "병원":60,
            "종합병원":100,
            "공원":80,
            "혐오시설":0,
            "인프라총점":40.4,
            "초등학군":90.0,
            "중학군":51.88,
            "학군총점":59.504,
            "인구수":21.47,
            "인구증감":-15.67,
            "인구총점":10.328,
            "일자리":12.38,
            "소득수준":61.51,
            "일자리총점":27.119,
            "가치 총점":53.261,
            "매매실거래년":20220216.0,
            "매매실거래가":32800.0,
            "전세실거래년":20220221.0,
            "전세실거래가":17000.0,
            "전세가율":65.38,
            "장기전세가율평균":81.11,
            "전세가율거품지수":15.73,
            "검색코드":11644,
            "세대수":620.0,
            "준공년월":"2001-11-19",
            "준공년차":22.0,
            "가까운역이름":"NA",
            "가까운역거리":"NA",
            "역세권여부":"NA",
            "30분이내주요거점역":"NA",
            "30분거점역이름":"NA",
            "1시간이내주요거점역":"NA",
            "1시간거점역이름":"NA",
            "3km이내백화점수":0,
            "5km이내아울렛몰수":0,
            "1km이내대형먀트수":1,
            "500m이내은행수":0,
            "500m이내병원수":21,
            "5km이내대형병원수":4,
            "500m이내공원수":1,
            "3km이내혐오시설수":0,
            "초등학교학업성취도":90.0,
            "중학교학업성취도":84.6,
            "용적률":228,
            "건폐율":20,
            "Y":36.61017,
            "X":127.491728,
            "rank":24.0,
            "area_info":"34평(112.46), 44평(148.68), 53평(175.83)",
            "last_sales":"2022-02-16,32800.0,44평(148.68)",
            "rank_history":[
                [
                    "202203",
                    24
                ],
                [
                    "202202",
                    25
                ],
                [
                    "202201",
                    24
                ]
            ],
            "rank_gap":1
        },
        {
            "index":176,
            "아파트명":"청주분평뜨란채1단지",
            "투자타입":"일반",
            "전용면적(m2)":"68.23",
            "전용면적(평)":"20평",
            "법정동주소":"충청북도 청주시 서원구 분평동 1211",
            "도로명주소":"충청북도 청주시 서원구 월평로 25",
            "세대수":90,
            "입주년차":20,
            "용적률점수":"--",
            "건폐율점수":"--",
            "세대당주차수":0,
            "난방방식":100,
            "공급면적":"--",
            "전용률":"--",
            "욕실수":50,
            "현관타입":100,
            "주거총점":60.5,
            "지역구공급총점":100.0,
            "역세권":"NA",
            "30분내 이동가능 거점":"NA",
            "1시간내 이동가능 거점":"NA",
            "교통총점":"NA",
            "백화점":0,
            "아울렛몰":0,
            "대형마트":80,
            "은행":0,
            "병원":80,
            "종합병원":100,
            "공원":100,
            "혐오시설":0,
            "인프라총점":43.0,
            "초등학군":90.0,
            "중학군":51.68,
            "학군총점":59.344,
            "인구수":21.47,
            "인구증감":-15.67,
            "인구총점":10.328,
            "일자리":12.38,
            "소득수준":61.51,
            "일자리총점":27.119,
            "가치 총점":53.211,
            "매매실거래년":20220104.0,
            "매매실거래가":14500.0,
            "전세실거래년":20220127.0,
            "전세실거래가":11000.0,
            "전세가율":88.0,
            "장기전세가율평균":81.11,
            "전세가율거품지수":-6.89,
            "검색코드":23894,
            "세대수":982.0,
            "준공년월":"2000-10-06",
            "준공년차":23.0,
            "가까운역이름":"NA",
            "가까운역거리":"NA",
            "역세권여부":"NA",
            "30분이내주요거점역":"NA",
            "30분거점역이름":"NA",
            "1시간이내주요거점역":"NA",
            "1시간거점역이름":"NA",
            "3km이내백화점수":0,
            "5km이내아울렛몰수":0,
            "1km이내대형먀트수":1,
            "500m이내은행수":1,
            "500m이내병원수":45,
            "5km이내대형병원수":4,
            "500m이내공원수":3,
            "3km이내혐오시설수":0,
            "초등학교학업성취도":90.0,
            "중학교학업성취도":83.2,
            "용적률":215,
            "건폐율":16,
            "Y":36.612002,
            "X":127.488061,
            "rank":25.0,
            "area_info":"20평(68.23), 20평(68.27), 20평(68.39), 20평(69.02), 24평(82.38), 24평(82.38), 24평(82.38), 24평(82.16)",
            "last_sales":"2022-01-04,14500.0,24평(82.16)",
            "rank_history":[
                [
                    "202203",
                    25
                ],
                [
                    "202202",
                    26
                ],
                [
                    "202201",
                    30
                ]
            ],
            "rank_gap":1
        },
        {
            "index":287,
            "아파트명":"산남퀸덤",
            "투자타입":"일반",
            "전용면적(m2)":"112.43",
            "전용면적(평)":"34평",
            "법정동주소":"충청북도 청주시 서원구 산남동 671",
            "도로명주소":"충청북도 청주시 서원구 두꺼비로 93",
            "세대수":50,
            "입주년차":40,
            "용적률점수":"--",
            "건폐율점수":"--",
            "세대당주차수":60,
            "난방방식":100,
            "공급면적":"--",
            "전용률":"--",
            "욕실수":100,
            "현관타입":50,
            "주거총점":59.5,
            "지역구공급총점":100.0,
            "역세권":"NA",
            "30분내 이동가능 거점":"NA",
            "1시간내 이동가능 거점":"NA",
            "교통총점":"NA",
            "백화점":0,
            "아울렛몰":0,
            "대형마트":80,
            "은행":0,
            "병원":60,
            "종합병원":100,
            "공원":100,
            "혐오시설":0,
            "인프라총점":41.0,
            "초등학군":90.0,
            "중학군":56.86,
            "학군총점":63.488,
            "인구수":21.47,
            "인구증감":-15.67,
            "인구총점":10.328,
            "일자리":12.38,
            "소득수준":61.51,
            "일자리총점":27.119,
            "가치 총점":53.097,
            "매매실거래년":20220110.0,
            "매매실거래가":37000.0,
            "전세실거래년":20220126.0,
            "전세실거래가":32500.0,
            "전세가율":87.84,
            "장기전세가율평균":81.11,
            "전세가율거품지수":-6.73,
            "검색코드":25844,
            "세대수":570.0,
            "준공년월":"2007-01-02",
            "준공년차":16.0,
            "가까운역이름":"NA",
            "가까운역거리":"NA",
            "역세권여부":"NA",
            "30분이내주요거점역":"NA",
            "30분거점역이름":"NA",
            "1시간이내주요거점역":"NA",
            "1시간거점역이름":"NA",
            "3km이내백화점수":0,
            "5km이내아울렛몰수":0,
            "1km이내대형먀트수":1,
            "500m이내은행수":0,
            "500m이내병원수":10,
            "5km이내대형병원수":5,
            "500m이내공원수":2,
            "3km이내혐오시설수":0,
            "초등학교학업성취도":90.0,
            "중학교학업성취도":93.3,
            "용적률":199,
            "건폐율":19,
            "Y":36.612747,
            "X":127.462892,
            "rank":26.0,
            "area_info":"34평(112.43)",
            "last_sales":"2022-01-10,37000.0,34평(112.43)",
            "rank_history":[
                [
                    "202203",
                    26
                ],
                [
                    "202202",
                    23
                ],
                [
                    "202201",
                    22
                ]
            ],
            "rank_gap":-3
        },
        {
            "index":61,
            "아파트명":"청주개신주공3단지",
            "투자타입":"일반",
            "전용면적(m2)":"97.29",
            "전용면적(평)":"29평",
            "법정동주소":"충청북도 청주시 서원구 개신동 590",
            "도로명주소":"충청북도 청주시 서원구 신율로 43",
            "세대수":50,
            "입주년차":20,
            "용적률점수":"--",
            "건폐율점수":"--",
            "세대당주차수":30,
            "난방방식":100,
            "공급면적":"--",
            "전용률":"--",
            "욕실수":100,
            "현관타입":100,
            "주거총점":56.0,
            "지역구공급총점":100.0,
            "역세권":"NA",
            "30분내 이동가능 거점":"NA",
            "1시간내 이동가능 거점":"NA",
            "교통총점":"NA",
            "백화점":0,
            "아울렛몰":80,
            "대형마트":80,
            "은행":0,
            "병원":60,
            "종합병원":100,
            "공원":100,
            "혐오시설":0,
            "인프라총점":49.0,
            "초등학군":90.02,
            "중학군":46.3,
            "학군총점":55.044,
            "인구수":21.47,
            "인구증감":-15.67,
            "인구총점":10.328,
            "일자리":12.38,
            "소득수준":61.51,
            "일자리총점":27.119,
            "가치 총점":52.961,
            "매매실거래년":20211127.0,
            "매매실거래가":28500.0,
            "전세실거래년":20220204.0,
            "전세실거래가":19000.0,
            "전세가율":67.86,
            "장기전세가율평균":81.11,
            "전세가율거품지수":13.25,
            "검색코드":10630,
            "세대수":634.0,
            "준공년월":"2003-07-11",
            "준공년차":20.0,
            "가까운역이름":"NA",
            "가까운역거리":"NA",
            "역세권여부":"NA",
            "30분이내주요거점역":"NA",
            "30분거점역이름":"NA",
            "1시간이내주요거점역":"NA",
            "1시간거점역이름":"NA",
            "3km이내백화점수":0,
            "5km이내아울렛몰수":1,
            "1km이내대형먀트수":1,
            "500m이내은행수":0,
            "500m이내병원수":13,
            "5km이내대형병원수":5,
            "500m이내공원수":6,
            "3km이내혐오시설수":0,
            "초등학교학업성취도":90.02,
            "중학교학업성취도":73.5,
            "용적률":166,
            "건폐율":11,
            "Y":36.62231,
            "X":127.445295,
            "rank":27.0,
            "area_info":"29평(97.29), 32평(108.58), 32평(108.68), 32평(108.51)",
            "last_sales":"2021-11-27,28500.0,32평(108.51)",
            "rank_history":[
                [
                    "202203",
                    27
                ],
                [
                    "202202",
                    27
                ],
                [
                    "202201",
                    1
                ]
            ],
            "rank_gap":0
        },
        {
            "index":53,
            "아파트명":"청주개신뜨란채2단지",
            "투자타입":"일반",
            "전용면적(m2)":"68.95",
            "전용면적(평)":"20평",
            "법정동주소":"충청북도 청주시 서원구 개신동 635",
            "도로명주소":"충청북도 청주시 서원구 경신로 68",
            "세대수":90,
            "입주년차":20,
            "용적률점수":"--",
            "건폐율점수":"--",
            "세대당주차수":30,
            "난방방식":100,
            "공급면적":"--",
            "전용률":"--",
            "욕실수":50,
            "현관타입":10,
            "주거총점":56.0,
            "지역구공급총점":100.0,
            "역세권":"NA",
            "30분내 이동가능 거점":"NA",
            "1시간내 이동가능 거점":"NA",
            "교통총점":"NA",
            "백화점":0,
            "아울렛몰":80,
            "대형마트":80,
            "은행":0,
            "병원":60,
            "종합병원":100,
            "공원":100,
            "혐오시설":0,
            "인프라총점":49.0,
            "초등학군":89.99,
            "중학군":46.3,
            "학군총점":55.038,
            "인구수":21.47,
            "인구증감":-15.67,
            "인구총점":10.328,
            "일자리":12.38,
            "소득수준":61.51,
            "일자리총점":27.119,
            "가치 총점":52.9595,
            "매매실거래년":20220212.0,
            "매매실거래가":19000.0,
            "전세실거래년":20220104.0,
            "전세실거래가":15800.0,
            "전세가율":92.94,
            "장기전세가율평균":81.11,
            "전세가율거품지수":-11.83,
            "검색코드":17209,
            "세대수":980.0,
            "준공년월":"2000-12-11",
            "준공년차":23.0,
            "가까운역이름":"NA",
            "가까운역거리":"NA",
            "역세권여부":"NA",
            "30분이내주요거점역":"NA",
            "30분거점역이름":"NA",
            "1시간이내주요거점역":"NA",
            "1시간거점역이름":"NA",
            "3km이내백화점수":0,
            "5km이내아울렛몰수":1,
            "1km이내대형먀트수":1,
            "500m이내은행수":0,
            "500m이내병원수":22,
            "5km이내대형병원수":5,
            "500m이내공원수":4,
            "3km이내혐오시설수":0,
            "초등학교학업성취도":89.99,
            "중학교학업성취도":73.5,
            "용적률":214,
            "건폐율":18,
            "Y":36.620932,
            "X":127.449553,
            "rank":28.0,
            "area_info":"20평(68.95), 24평(81.95)",
            "last_sales":"2022-02-12,19000.0,24평(81.95)",
            "rank_history":[
                [
                    "202203",
                    28
                ],
                [
                    "202202",
                    28
                ],
                [
                    "202201",
                    25
                ]
            ],
            "rank_gap":0
        },
        {
            "index":161,
            "아파트명":"주공4단지",
            "투자타입":"일반",
            "전용면적(m2)":"56.26",
            "전용면적(평)":"17평",
            "법정동주소":"충청북도 청주시 서원구 분평동 1261",
            "도로명주소":"충청북도 청주시 서원구 1순환로1137번길 80",
            "세대수":90,
            "입주년차":20,
            "용적률점수":"--",
            "건폐율점수":"--",
            "세대당주차수":0,
            "난방방식":100,
            "공급면적":"--",
            "전용률":"--",
            "욕실수":50,
            "현관타입":100,
            "주거총점":60.5,
            "지역구공급총점":100.0,
            "역세권":"NA",
            "30분내 이동가능 거점":"NA",
            "1시간내 이동가능 거점":"NA",
            "교통총점":"NA",
            "백화점":0,
            "아울렛몰":0,
            "대형마트":80,
            "은행":0,
            "병원":60,
            "종합병원":100,
            "공원":100,
            "혐오시설":0,
            "인프라총점":41.0,
            "초등학군":90.01,
            "중학군":51.88,
            "학군총점":59.506,
            "인구수":21.47,
            "인구증감":-15.67,
            "인구총점":10.328,
            "일자리":12.38,
            "소득수준":61.51,
            "일자리총점":27.119,
            "가치 총점":52.4515,
            "매매실거래년":20220127.0,
            "매매실거래가":17800.0,
            "전세실거래년":20220120.0,
            "전세실거래가":9000.0,
            "전세가율":102.27,
            "장기전세가율평균":81.11,
            "전세가율거품지수":-21.16,
            "검색코드":7498,
            "세대수":1314.0,
            "준공년월":"1999-06-26",
            "준공년차":24.0,
            "가까운역이름":"NA",
            "가까운역거리":"NA",
            "역세권여부":"NA",
            "30분이내주요거점역":"NA",
            "30분거점역이름":"NA",
            "1시간이내주요거점역":"NA",
            "1시간거점역이름":"NA",
            "3km이내백화점수":0,
            "5km이내아울렛몰수":0,
            "1km이내대형먀트수":1,
            "500m이내은행수":0,
            "500m이내병원수":21,
            "5km이내대형병원수":4,
            "500m이내공원수":2,
            "3km이내혐오시설수":0,
            "초등학교학업성취도":90.01,
            "중학교학업성취도":84.6,
            "용적률":453,
            "건폐율":0,
            "Y":36.60953,
            "X":127.49376,
            "rank":29.0,
            "area_info":"17평(56.26), 20평(67.91), 21평(71.12), 24평(81.87)",
            "last_sales":"2022-01-27,17800.0,24평(81.87)",
            "rank_history":[
                [
                    "202203",
                    29
                ],
                [
                    "202202",
                    29
                ],
                [
                    "202201",
                    28
                ]
            ],
            "rank_gap":0
        },
        {
            "index":297,
            "아파트명":"남양휴튼",
            "투자타입":"일반",
            "전용면적(m2)":"129.91",
            "전용면적(평)":"39평",
            "법정동주소":"충청북도 청주시 서원구 성화동 436",
            "도로명주소":"충청북도 청주시 서원구 장전로 51",
            "세대수":50,
            "입주년차":40,
            "용적률점수":"--",
            "건폐율점수":"--",
            "세대당주차수":60,
            "난방방식":100,
            "공급면적":"--",
            "전용률":"--",
            "욕실수":100,
            "현관타입":100,
            "주거총점":64.5,
            "지역구공급총점":100.0,
            "역세권":"NA",
            "30분내 이동가능 거점":"NA",
            "1시간내 이동가능 거점":"NA",
            "교통총점":"NA",
            "백화점":0,
            "아울렛몰":80,
            "대형마트":0,
            "은행":0,
            "병원":30,
            "종합병원":100,
            "공원":100,
            "혐오시설":0,
            "인프라총점":34.0,
            "초등학군":89.99,
            "중학군":48.3,
            "학군총점":56.638,
            "인구수":21.47,
            "인구증감":-15.67,
            "인구총점":10.328,
            "일자리":12.38,
            "소득수준":61.51,
            "일자리총점":27.119,
            "가치 총점":50.3345,
            "매매실거래년":20220205.0,
            "매매실거래가":44000.0,
            "전세실거래년":20220218.0,
            "전세실거래가":36000.0,
            "전세가율":82.76,
            "장기전세가율평균":81.11,
            "전세가율거품지수":-1.65,
            "검색코드":26188,
            "세대수":577.0,
            "준공년월":"2008-08-01",
            "준공년차":15.0,
            "가까운역이름":"NA",
            "가까운역거리":"NA",
            "역세권여부":"NA",
            "30분이내주요거점역":"NA",
            "30분거점역이름":"NA",
            "1시간이내주요거점역":"NA",
            "1시간거점역이름":"NA",
            "3km이내백화점수":0,
            "5km이내아울렛몰수":1,
            "1km이내대형먀트수":0,
            "500m이내은행수":0,
            "500m이내병원수":6,
            "5km이내대형병원수":5,
            "500m이내공원수":2,
            "3km이내혐오시설수":0,
            "초등학교학업성취도":89.99,
            "중학교학업성취도":76.3,
            "용적률":219,
            "건폐율":18,
            "Y":36.61827,
            "X":127.45403,
            "rank":30.0,
            "area_info":"39평(129.91), 44평(146.09), 44평(146.31), 48평(158.78), 56평(186.56)",
            "last_sales":"2022-02-05,44000.0,48평(158.78)",
            "rank_history":[
                [
                    "202203",
                    30
                ],
                [
                    "202202",
                    31
                ],
                [
                    "202201",
                    32
                ]
            ],
            "rank_gap":1
        },
        {
            "index":332,
            "아파트명":"두진하트리움",
            "투자타입":"일반",
            "전용면적(m2)":"73.96",
            "전용면적(평)":"22평",
            "법정동주소":"충청북도 청주시 서원구 수곡동 1002",
            "도로명주소":"충청북도 청주시 서원구 수곡로 36",
            "세대수":90,
            "입주년차":0,
            "용적률점수":"--",
            "건폐율점수":"--",
            "세대당주차수":30,
            "난방방식":100,
            "공급면적":"--",
            "전용률":"--",
            "욕실수":50,
            "현관타입":50,
            "주거총점":56.0,
            "지역구공급총점":100.0,
            "역세권":"NA",
            "30분내 이동가능 거점":"NA",
            "1시간내 이동가능 거점":"NA",
            "교통총점":"NA",
            "백화점":0,
            "아울렛몰":0,
            "대형마트":80,
            "은행":0,
            "병원":60,
            "종합병원":100,
            "공원":100,
            "혐오시설":0,
            "인프라총점":41.0,
            "초등학군":90.02,
            "중학군":48.46,
            "학군총점":56.772,
            "인구수":21.47,
            "인구증감":-15.67,
            "인구총점":10.328,
            "일자리":12.38,
            "소득수준":61.51,
            "일자리총점":27.119,
            "가치 총점":50.193,
            "매매실거래년":20220219.0,
            "매매실거래가":13650.0,
            "전세실거래년":20220216.0,
            "전세실거래가":13500.0,
            "전세가율":98.9,
            "장기전세가율평균":81.11,
            "전세가율거품지수":-17.79,
            "검색코드":12824,
            "세대수":935.0,
            "준공년월":"1995-05-02",
            "준공년차":28.0,
            "가까운역이름":"NA",
            "가까운역거리":"NA",
            "역세권여부":"NA",
            "30분이내주요거점역":"NA",
            "30분거점역이름":"NA",
            "1시간이내주요거점역":"NA",
            "1시간거점역이름":"NA",
            "3km이내백화점수":0,
            "5km이내아울렛몰수":0,
            "1km이내대형먀트수":1,
            "500m이내은행수":1,
            "500m이내병원수":15,
            "5km이내대형병원수":5,
            "500m이내공원수":3,
            "3km이내혐오시설수":0,
            "초등학교학업성취도":90.02,
            "중학교학업성취도":78.1,
            "용적률":215,
            "건폐율":19,
            "Y":36.616135,
            "X":127.474897,
            "rank":31.0,
            "area_info":"22평(73.96), 22평(74.4), 22평(74.4), 22평(74.52)",
            "last_sales":"2022-02-19,13650.0,22평(73.96)",
            "rank_history":[
                [
                    "202203",
                    31
                ],
                [
                    "202202",
                    30
                ],
                [
                    "202201",
                    31
                ]
            ],
            "rank_gap":-1
        },
        {
            "index":295,
            "아파트명":"구룡산휴먼시아3단지",
            "투자타입":"일반",
            "전용면적(m2)":"106.38",
            "전용면적(평)":"32평",
            "법정동주소":"충청북도 청주시 서원구 성화동 616",
            "도로명주소":"충청북도 청주시 서원구 신성화로 8",
            "세대수":50,
            "입주년차":60,
            "용적률점수":"--",
            "건폐율점수":"--",
            "세대당주차수":30,
            "난방방식":100,
            "공급면적":"--",
            "전용률":"--",
            "욕실수":100,
            "현관타입":100,
            "주거총점":64.0,
            "지역구공급총점":100.0,
            "역세권":"NA",
            "30분내 이동가능 거점":"NA",
            "1시간내 이동가능 거점":"NA",
            "교통총점":"NA",
            "백화점":0,
            "아울렛몰":80,
            "대형마트":0,
            "은행":0,
            "병원":30,
            "종합병원":100,
            "공원":100,
            "혐오시설":0,
            "인프라총점":34.0,
            "초등학군":89.99,
            "중학군":48.3,
            "학군총점":56.638,
            "인구수":21.47,
            "인구증감":-15.67,
            "인구총점":10.328,
            "일자리":12.38,
            "소득수준":61.51,
            "일자리총점":27.119,
            "가치 총점":50.1595,
            "매매실거래년":20220124.0,
            "매매실거래가":33000.0,
            "전세실거래년":20211222.0,
            "전세실거래가":26500.0,
            "전세가율":80.3,
            "장기전세가율평균":81.11,
            "전세가율거품지수":0.81,
            "검색코드":26806,
            "세대수":470.0,
            "준공년월":"2009-05-04",
            "준공년차":14.0,
            "가까운역이름":"NA",
            "가까운역거리":"NA",
            "역세권여부":"NA",
            "30분이내주요거점역":"NA",
            "30분거점역이름":"NA",
            "1시간이내주요거점역":"NA",
            "1시간거점역이름":"NA",
            "3km이내백화점수":0,
            "5km이내아울렛몰수":1,
            "1km이내대형먀트수":0,
            "500m이내은행수":0,
            "500m이내병원수":5,
            "5km이내대형병원수":5,
            "500m이내공원수":2,
            "3km이내혐오시설수":0,
            "초등학교학업성취도":89.99,
            "중학교학업성취도":76.3,
            "용적률":145,
            "건폐율":15,
            "Y":36.616367,
            "X":127.460318,
            "rank":32.0,
            "area_info":"32평(106.38), 32평(106.62)",
            "last_sales":"2022-01-24,33000.0,32평(106.38)",
            "rank_history":[
                [
                    "202203",
                    32
                ],
                [
                    "202202",
                    32
                ],
                [
                    "202201",
                    34
                ]
            ],
            "rank_gap":0
        },
        {
            "index":31,
            "아파트명":"삼익",
            "투자타입":"재건축",
            "전용면적(m2)":"104.48",
            "전용면적(평)":"31평",
            "법정동주소":"충청북도 청주시 서원구 개신동 10",
            "도로명주소":"충청북도 청주시 서원구 예체로29번길 9",
            "세대수":80,
            "입주년차":"--",
            "용적률점수":20,
            "건폐율점수":100,
            "세대당주차수":"--",
            "난방방식":"--",
            "공급면적":90,
            "전용률":80,
            "욕실수":"--",
            "현관타입":"--",
            "주거총점":60.5,
            "지역구공급총점":100.0,
            "역세권":"NA",
            "30분내 이동가능 거점":"NA",
            "1시간내 이동가능 거점":"NA",
            "교통총점":"NA",
            "백화점":0,
            "아울렛몰":80,
            "대형마트":0,
            "은행":0,
            "병원":60,
            "종합병원":100,
            "공원":80,
            "혐오시설":0,
            "인프라총점":36.4,
            "초등학군":89.98,
            "중학군":48.3,
            "학군총점":56.636,
            "인구수":21.47,
            "인구증감":-15.67,
            "인구총점":10.328,
            "일자리":12.38,
            "소득수준":61.51,
            "일자리총점":27.119,
            "가치 총점":49.894,
            "매매실거래년":20220222.0,
            "매매실거래가":18300.0,
            "전세실거래년":20220213.0,
            "전세실거래가":16500.0,
            "전세가율":90.16,
            "장기전세가율평균":81.11,
            "전세가율거품지수":-9.05,
            "검색코드":7279,
            "세대수":744.0,
            "준공년월":"1991-02-27",
            "준공년차":32.0,
            "가까운역이름":"NA",
            "가까운역거리":"NA",
            "역세권여부":"NA",
            "30분이내주요거점역":"NA",
            "30분거점역이름":"NA",
            "1시간이내주요거점역":"NA",
            "1시간거점역이름":"NA",
            "3km이내백화점수":0,
            "5km이내아울렛몰수":1,
            "1km이내대형먀트수":0,
            "500m이내은행수":0,
            "500m이내병원수":14,
            "5km이내대형병원수":5,
            "500m이내공원수":1,
            "3km이내혐오시설수":0,
            "초등학교학업성취도":89.98,
            "중학교학업성취도":76.3,
            "용적률":210,
            "건폐율":17,
            "Y":36.627374,
            "X":127.46686,
            "rank":33.0,
            "area_info":"31평(104.48), 31평(104.38), 45평(151.68)",
            "last_sales":"2022-02-22,18300.0,31평(104.48)",
            "rank_history":[
                [
                    "202203",
                    33
                ],
                [
                    "202202",
                    34
                ],
                [
                    "202201",
                    33
                ]
            ],
            "rank_gap":1
        },
        {
            "index":55,
            "아파트명":"청주개신주공1단지",
            "투자타입":"일반",
            "전용면적(m2)":"71.32",
            "전용면적(평)":"21평",
            "법정동주소":"충청북도 청주시 서원구 개신동 613",
            "도로명주소":"충청북도 청주시 서원구 경신로 67",
            "세대수":90,
            "입주년차":20,
            "용적률점수":"--",
            "건폐율점수":"--",
            "세대당주차수":0,
            "난방방식":100,
            "공급면적":"--",
            "전용률":"--",
            "욕실수":50,
            "현관타입":100,
            "주거총점":60.5,
            "지역구공급총점":100.0,
            "역세권":"NA",
            "30분내 이동가능 거점":"NA",
            "1시간내 이동가능 거점":"NA",
            "교통총점":"NA",
            "백화점":0,
            "아울렛몰":80,
            "대형마트":0,
            "은행":0,
            "병원":60,
            "종합병원":100,
            "공원":100,
            "혐오시설":0,
            "인프라총점":37.0,
            "초등학군":89.99,
            "중학군":46.3,
            "학군총점":55.038,
            "인구수":21.47,
            "인구증감":-15.67,
            "인구총점":10.328,
            "일자리":12.38,
            "소득수준":61.51,
            "일자리총점":27.119,
            "가치 총점":49.7345,
            "매매실거래년":20220206.0,
            "매매실거래가":19500.0,
            "전세실거래년":20220217.0,
            "전세실거래가":16000.0,
            "전세가율":100.0,
            "장기전세가율평균":81.11,
            "전세가율거품지수":-18.89,
            "검색코드":25977,
            "세대수":1398.0,
            "준공년월":"2001-12-12",
            "준공년차":22.0,
            "가까운역이름":"NA",
            "가까운역거리":"NA",
            "역세권여부":"NA",
            "30분이내주요거점역":"NA",
            "30분거점역이름":"NA",
            "1시간이내주요거점역":"NA",
            "1시간거점역이름":"NA",
            "3km이내백화점수":0,
            "5km이내아울렛몰수":1,
            "1km이내대형먀트수":0,
            "500m이내은행수":0,
            "500m이내병원수":10,
            "5km이내대형병원수":5,
            "500m이내공원수":5,
            "3km이내혐오시설수":0,
            "초등학교학업성취도":89.99,
            "중학교학업성취도":73.5,
            "용적률":204,
            "건폐율":18,
            "Y":36.622985,
            "X":127.44898,
            "rank":34.0,
            "area_info":"21평(71.32), 21평(71.18), 25평(85.57), 25평(85.39), 25평(85.58), 25평(85.62)",
            "last_sales":"2022-02-06,19500.0,25평(85.58)",
            "rank_history":[
                [
                    "202203",
                    34
                ],
                [
                    "202202",
                    33
                ],
                [
                    "202201",
                    35
                ]
            ],
            "rank_gap":-1
        },
        {
            "index":151,
            "아파트명":"주공2단지",
            "투자타입":"일반",
            "전용면적(m2)":"57.84",
            "전용면적(평)":"17평",
            "법정동주소":"충청북도 청주시 서원구 분평동 1202",
            "도로명주소":"충청북도 청주시 서원구 1순환로1137번길 129",
            "세대수":90,
            "입주년차":0,
            "용적률점수":"--",
            "건폐율점수":"--",
            "세대당주차수":0,
            "난방방식":100,
            "공급면적":"--",
            "전용률":"--",
            "욕실수":50,
            "현관타입":10,
            "주거총점":47.5,
            "지역구공급총점":100.0,
            "역세권":"NA",
            "30분내 이동가능 거점":"NA",
            "1시간내 이동가능 거점":"NA",
            "교통총점":"NA",
            "백화점":0,
            "아울렛몰":0,
            "대형마트":80,
            "은행":0,
            "병원":60,
            "종합병원":100,
            "공원":80,
            "혐오시설":0,
            "인프라총점":40.4,
            "초등학군":89.98,
            "중학군":51.88,
            "학군총점":59.5,
            "인구수":21.47,
            "인구증감":-15.67,
            "인구총점":10.328,
            "일자리":12.38,
            "소득수준":61.51,
            "일자리총점":27.119,
            "가치 총점":47.66,
            "매매실거래년":20220222.0,
            "매매실거래가":14900.0,
            "전세실거래년":20211009.0,
            "전세실거래가":7000.0,
            "전세가율":76.09,
            "장기전세가율평균":81.11,
            "전세가율거품지수":5.02,
            "검색코드":7487,
            "세대수":1310.0,
            "준공년월":"1997-06-18",
            "준공년차":26.0,
            "가까운역이름":"NA",
            "가까운역거리":"NA",
            "역세권여부":"NA",
            "30분이내주요거점역":"NA",
            "30분거점역이름":"NA",
            "1시간이내주요거점역":"NA",
            "1시간거점역이름":"NA",
            "3km이내백화점수":0,
            "5km이내아울렛몰수":0,
            "1km이내대형먀트수":1,
            "500m이내은행수":0,
            "500m이내병원수":15,
            "5km이내대형병원수":4,
            "500m이내공원수":1,
            "3km이내혐오시설수":0,
            "초등학교학업성취도":89.98,
            "중학교학업성취도":84.6,
            "용적률":0,
            "건폐율":0,
            "Y":36.612135,
            "X":127.491737,
            "rank":35.0,
            "area_info":"17평(57.84), 21평(71.12), 23평(76.74), 24평(81.31)",
            "last_sales":"2022-02-22,14900.0,24평(81.31)",
            "rank_history":[
                [
                    "202203",
                    35
                ],
                [
                    "202202",
                    35
                ],
                [
                    "202201",
                    37
                ]
            ],
            "rank_gap":0
        },
        {
            "index":354,
            "아파트명":"산남주공4단지",
            "투자타입":"일반",
            "전용면적(m2)":"50.39",
            "전용면적(평)":"15평",
            "법정동주소":"충청북도 청주시 서원구 수곡동 314",
            "도로명주소":"충청북도 청주시 서원구 구룡산로 275-13",
            "세대수":90,
            "입주년차":0,
            "용적률점수":"--",
            "건폐율점수":"--",
            "세대당주차수":0,
            "난방방식":100,
            "공급면적":"--",
            "전용률":"--",
            "욕실수":50,
            "현관타입":10,
            "주거총점":47.5,
            "지역구공급총점":100.0,
            "역세권":"NA",
            "30분내 이동가능 거점":"NA",
            "1시간내 이동가능 거점":"NA",
            "교통총점":"NA",
            "백화점":0,
            "아울렛몰":0,
            "대형마트":80,
            "은행":0,
            "병원":60,
            "종합병원":100,
            "공원":100,
            "혐오시설":0,
            "인프라총점":41.0,
            "초등학군":90.02,
            "중학군":48.46,
            "학군총점":56.772,
            "인구수":21.47,
            "인구증감":-15.67,
            "인구총점":10.328,
            "일자리":12.38,
            "소득수준":61.51,
            "일자리총점":27.119,
            "가치 총점":47.218,
            "매매실거래년":20220211.0,
            "매매실거래가":6300.0,
            "전세실거래년":20211006.0,
            "전세실거래가":5000.0,
            "전세가율":79.37,
            "장기전세가율평균":81.11,
            "전세가율거품지수":1.74,
            "검색코드":7418,
            "세대수":1005.0,
            "준공년월":"1993-07-31",
            "준공년차":30.0,
            "가까운역이름":"NA",
            "가까운역거리":"NA",
            "역세권여부":"NA",
            "30분이내주요거점역":"NA",
            "30분거점역이름":"NA",
            "1시간이내주요거점역":"NA",
            "1시간거점역이름":"NA",
            "3km이내백화점수":0,
            "5km이내아울렛몰수":0,
            "1km이내대형먀트수":1,
            "500m이내은행수":0,
            "500m이내병원수":12,
            "5km이내대형병원수":5,
            "500m이내공원수":2,
            "3km이내혐오시설수":0,
            "초등학교학업성취도":90.02,
            "중학교학업성취도":78.1,
            "용적률":148,
            "건폐율":11,
            "Y":36.61973,
            "X":127.474627,
            "rank":36.0,
            "area_info":"15평(50.39), 17평(58.6), 18평(60.33), 22평(72.95), 21평(72.15), 28평(94.12), 28평(94.52), 31평(104.31)",
            "last_sales":"2022-02-11,6300.0,15평(50.39)",
            "rank_history":[
                [
                    "202203",
                    36
                ],
                [
                    "202202",
                    36
                ],
                [
                    "202201",
                    38
                ]
            ],
            "rank_gap":0
        },
        {
            "index":26,
            "아파트명":"라임스토리2(도시형)",
            "투자타입":"일반",
            "전용면적(m2)":"30.5",
            "전용면적(평)":"9평",
            "법정동주소":"충청북도 청주시 서원구 개신동 706",
            "도로명주소":"충청북도 청주시 서원구 복대로17번길 7-10",
            "세대수":0,
            "입주년차":80,
            "용적률점수":"--",
            "건폐율점수":"--",
            "세대당주차수":0,
            "난방방식":30,
            "공급면적":"--",
            "전용률":"--",
            "욕실수":50,
            "현관타입":100,
            "주거총점":34.0,
            "지역구공급총점":100.0,
            "역세권":"NA",
            "30분내 이동가능 거점":"NA",
            "1시간내 이동가능 거점":"NA",
            "교통총점":"NA",
            "백화점":0,
            "아울렛몰":80,
            "대형마트":80,
            "은행":0,
            "병원":80,
            "종합병원":100,
            "공원":100,
            "혐오시설":0,
            "인프라총점":51.0,
            "초등학군":90.01,
            "중학군":51.48,
            "학군총점":59.186,
            "인구수":21.47,
            "인구증감":-15.67,
            "인구총점":10.328,
            "일자리":12.38,
            "소득수준":61.51,
            "일자리총점":27.119,
            "가치 총점":47.0965,
            "매매실거래년":20210217.0,
            "매매실거래가":11500.0,
            "전세실거래년":20160618.0,
            "전세실거래가":6500.0,
            "전세가율":84.67,
            "장기전세가율평균":81.11,
            "전세가율거품지수":-3.56,
            "검색코드":111324,
            "세대수":53.0,
            "준공년월":"2014-12-24",
            "준공년차":9.0,
            "가까운역이름":"NA",
            "가까운역거리":"NA",
            "역세권여부":"NA",
            "30분이내주요거점역":"NA",
            "30분거점역이름":"NA",
            "1시간이내주요거점역":"NA",
            "1시간거점역이름":"NA",
            "3km이내백화점수":0,
            "5km이내아울렛몰수":1,
            "1km이내대형먀트수":1,
            "500m이내은행수":0,
            "500m이내병원수":50,
            "5km이내대형병원수":5,
            "500m이내공원수":6,
            "3km이내혐오시설수":0,
            "초등학교학업성취도":90.01,
            "중학교학업성취도":84.6,
            "용적률":404,
            "건폐율":69,
            "Y":36.618219,
            "X":127.445458,
            "rank":37.0,
            "area_info":"9평(30.5), 9평(32.54), 13평(44.06), 15평(51.14), 19평(65.56)",
            "last_sales":"2021-02-17,11500.0,19평(65.56)",
            "rank_history":[
                [
                    "202203",
                    37
                ],
                [
                    "202202",
                    9999
                ]
            ],
            "rank_gap":9999
        },
        {
            "index":165,
            "아파트명":"주공5단지",
            "투자타입":"일반",
            "전용면적(m2)":"56.44",
            "전용면적(평)":"17평",
            "법정동주소":"충청북도 청주시 서원구 분평동 1360",
            "도로명주소":"충청북도 청주시 서원구 분평로 88-1",
            "세대수":90,
            "입주년차":0,
            "용적률점수":"--",
            "건폐율점수":"--",
            "세대당주차수":0,
            "난방방식":100,
            "공급면적":"--",
            "전용률":"--",
            "욕실수":50,
            "현관타입":10,
            "주거총점":47.5,
            "지역구공급총점":100.0,
            "역세권":"NA",
            "30분내 이동가능 거점":"NA",
            "1시간내 이동가능 거점":"NA",
            "교통총점":"NA",
            "백화점":0,
            "아울렛몰":0,
            "대형마트":80,
            "은행":0,
            "병원":30,
            "종합병원":100,
            "공원":100,
            "혐오시설":0,
            "인프라총점":38.0,
            "초등학군":90.01,
            "중학군":51.88,
            "학군총점":59.506,
            "인구수":21.47,
            "인구증감":-15.67,
            "인구총점":10.328,
            "일자리":12.38,
            "소득수준":61.51,
            "일자리총점":27.119,
            "가치 총점":46.7015,
            "매매실거래년":20220222.0,
            "매매실거래가":17000.0,
            "전세실거래년":20211222.0,
            "전세실거래가":6300.0,
            "전세가율":97.37,
            "장기전세가율평균":81.11,
            "전세가율거품지수":-16.26,
            "검색코드":7500,
            "세대수":1350.0,
            "준공년월":"1998-02-13",
            "준공년차":25.0,
            "가까운역이름":"NA",
            "가까운역거리":"NA",
            "역세권여부":"NA",
            "30분이내주요거점역":"NA",
            "30분거점역이름":"NA",
            "1시간이내주요거점역":"NA",
            "1시간거점역이름":"NA",
            "3km이내백화점수":0,
            "5km이내아울렛몰수":0,
            "1km이내대형먀트수":1,
            "500m이내은행수":0,
            "500m이내병원수":7,
            "5km이내대형병원수":4,
            "500m이내공원수":4,
            "3km이내혐오시설수":0,
            "초등학교학업성취도":90.01,
            "중학교학업성취도":84.6,
            "용적률":202,
            "건폐율":18,
            "Y":36.607365,
            "X":127.495502,
            "rank":38.0,
            "area_info":"17평(56.44), 21평(69.69), 23평(76.73)",
            "last_sales":"2022-02-22,17000.0,23평(76.73)",
            "rank_history":[
                [
                    "202203",
                    38
                ],
                [
                    "202202",
                    37
                ],
                [
                    "202201",
                    36
                ]
            ],
            "rank_gap":-1
        },
        {
            "index":155,
            "아파트명":"주공3단지",
            "투자타입":"일반",
            "전용면적(m2)":"56.44",
            "전용면적(평)":"17평",
            "법정동주소":"충청북도 청주시 서원구 분평동 1200",
            "도로명주소":"충청북도 청주시 서원구 1순환로1137번길 130",
            "세대수":90,
            "입주년차":0,
            "용적률점수":"--",
            "건폐율점수":"--",
            "세대당주차수":0,
            "난방방식":100,
            "공급면적":"--",
            "전용률":"--",
            "욕실수":50,
            "현관타입":10,
            "주거총점":47.5,
            "지역구공급총점":100.0,
            "역세권":"NA",
            "30분내 이동가능 거점":"NA",
            "1시간내 이동가능 거점":"NA",
            "교통총점":"NA",
            "백화점":0,
            "아울렛몰":0,
            "대형마트":80,
            "은행":0,
            "병원":30,
            "종합병원":100,
            "공원":80,
            "혐오시설":0,
            "인프라총점":37.4,
            "초등학군":89.98,
            "중학군":51.88,
            "학군총점":59.5,
            "인구수":21.47,
            "인구증감":-15.67,
            "인구총점":10.328,
            "일자리":12.38,
            "소득수준":61.51,
            "일자리총점":27.119,
            "가치 총점":46.46,
            "매매실거래년":20220219.0,
            "매매실거래가":18100.0,
            "전세실거래년":20220119.0,
            "전세실거래가":7000.0,
            "전세가율":83.33,
            "장기전세가율평균":81.11,
            "전세가율거품지수":-2.22,
            "검색코드":7493,
            "세대수":1330.0,
            "준공년월":"1997-06-18",
            "준공년차":26.0,
            "가까운역이름":"NA",
            "가까운역거리":"NA",
            "역세권여부":"NA",
            "30분이내주요거점역":"NA",
            "30분거점역이름":"NA",
            "1시간이내주요거점역":"NA",
            "1시간거점역이름":"NA",
            "3km이내백화점수":0,
            "5km이내아울렛몰수":0,
            "1km이내대형먀트수":1,
            "500m이내은행수":0,
            "500m이내병원수":7,
            "5km이내대형병원수":4,
            "500m이내공원수":1,
            "3km이내혐오시설수":0,
            "초등학교학업성취도":89.98,
            "중학교학업성취도":84.6,
            "용적률":0,
            "건폐율":0,
            "Y":36.612569,
            "X":127.494239,
            "rank":39.0,
            "area_info":"17평(56.44), 21평(69.69), 21평(71.12), 22평(72.96), 23평(76.74), 24평(81.31)",
            "last_sales":"2022-02-19,18100.0,24평(81.31)",
            "rank_history":[
                [
                    "202203",
                    39
                ],
                [
                    "202202",
                    38
                ],
                [
                    "202201",
                    39
                ]
            ],
            "rank_gap":-1
        },
        {
            "index":386,
            "아파트명":"한마음1차",
            "투자타입":"일반",
            "전용면적(m2)":"75.63",
            "전용면적(평)":"22평",
            "법정동주소":"충청북도 청주시 서원구 수곡동 777",
            "도로명주소":"충청북도 청주시 서원구 수곡로 78",
            "세대수":50,
            "입주년차":0,
            "용적률점수":"--",
            "건폐율점수":"--",
            "세대당주차수":30,
            "난방방식":80,
            "공급면적":"--",
            "전용률":"--",
            "욕실수":50,
            "현관타입":100,
            "주거총점":45.0,
            "지역구공급총점":100.0,
            "역세권":"NA",
            "30분내 이동가능 거점":"NA",
            "1시간내 이동가능 거점":"NA",
            "교통총점":"NA",
            "백화점":0,
            "아울렛몰":0,
            "대형마트":80,
            "은행":0,
            "병원":60,
            "종합병원":100,
            "공원":100,
            "혐오시설":0,
            "인프라총점":41.0,
            "초등학군":90.06,
            "중학군":48.46,
            "학군총점":56.78,
            "인구수":21.47,
            "인구증감":-15.67,
            "인구총점":10.328,
            "일자리":12.38,
            "소득수준":61.51,
            "일자리총점":27.119,
            "가치 총점":46.345,
            "매매실거래년":20220206.0,
            "매매실거래가":13900.0,
            "전세실거래년":20211119.0,
            "전세실거래가":11000.0,
            "전세가율":79.14,
            "장기전세가율평균":81.11,
            "전세가율거품지수":1.97,
            "검색코드":12786,
            "세대수":435.0,
            "준공년월":"1995-04-27",
            "준공년차":28.0,
            "가까운역이름":"NA",
            "가까운역거리":"NA",
            "역세권여부":"NA",
            "30분이내주요거점역":"NA",
            "30분거점역이름":"NA",
            "1시간이내주요거점역":"NA",
            "1시간거점역이름":"NA",
            "3km이내백화점수":0,
            "5km이내아울렛몰수":0,
            "1km이내대형먀트수":1,
            "500m이내은행수":0,
            "500m이내병원수":13,
            "5km이내대형병원수":5,
            "500m이내공원수":2,
            "3km이내혐오시설수":0,
            "초등학교학업성취도":90.06,
            "중학교학업성취도":78.1,
            "용적률":0,
            "건폐율":0,
            "Y":36.61892,
            "X":127.47244,
            "rank":40.0,
            "area_info":"22평(75.63)",
            "last_sales":"2022-02-06,13900.0,22평(75.63)",
            "rank_history":[
                [
                    "202203",
                    40
                ],
                [
                    "202202",
                    39
                ],
                [
                    "202201",
                    40
                ]
            ],
            "rank_gap":-1
        },
        {
            "index":266,
            "아파트명":"청우",
            "투자타입":"재건축",
            "전용면적(m2)":"82.85",
            "전용면적(평)":"25평",
            "법정동주소":"충청북도 청주시 서원구 사창동 136-1",
            "도로명주소":"충청북도 청주시 서원구 사직대로89번길 25",
            "세대수":0,
            "입주년차":"--",
            "용적률점수":0,
            "건폐율점수":0,
            "세대당주차수":"--",
            "난방방식":"--",
            "공급면적":70,
            "전용률":80,
            "욕실수":"--",
            "현관타입":"--",
            "주거총점":7.5,
            "지역구공급총점":100.0,
            "역세권":"NA",
            "30분내 이동가능 거점":"NA",
            "1시간내 이동가능 거점":"NA",
            "교통총점":"NA",
            "백화점":100,
            "아울렛몰":80,
            "대형마트":0,
            "은행":70,
            "병원":80,
            "종합병원":100,
            "공원":100,
            "혐오시설":0,
            "인프라총점":76.0,
            "초등학군":90.05,
            "중학군":42.56,
            "학군총점":52.058,
            "인구수":21.47,
            "인구증감":-15.67,
            "인구총점":10.328,
            "일자리":12.38,
            "소득수준":61.51,
            "일자리총점":27.119,
            "가치 총점":46.0395,
            "매매실거래년":20211125.0,
            "매매실거래가":10450.0,
            "전세실거래년":20200108.0,
            "전세실거래가":2500.0,
            "전세가율":23.92,
            "장기전세가율평균":81.11,
            "전세가율거품지수":57.19,
            "검색코드":114997,
            "세대수":75.0,
            "준공년월":"1979-01-06",
            "준공년차":44.0,
            "가까운역이름":"NA",
            "가까운역거리":"NA",
            "역세권여부":"NA",
            "30분이내주요거점역":"NA",
            "30분거점역이름":"NA",
            "1시간이내주요거점역":"NA",
            "1시간거점역이름":"NA",
            "3km이내백화점수":1,
            "5km이내아울렛몰수":1,
            "1km이내대형먀트수":0,
            "500m이내은행수":3,
            "500m이내병원수":45,
            "5km이내대형병원수":6,
            "500m이내공원수":3,
            "3km이내혐오시설수":0,
            "초등학교학업성취도":90.05,
            "중학교학업성취도":70.6,
            "용적률":0,
            "건폐율":0,
            "Y":36.636303,
            "X":127.456751,
            "rank":41.0,
            "area_info":"25평(82.85)",
            "last_sales":"2021-11-25,10450.0,25평(82.85)",
            "rank_history":[
                [
                    "202203",
                    41
                ],
                [
                    "202202",
                    9999
                ]
            ],
            "rank_gap":9999
        },
        {
            "index":140,
            "아파트명":"분평계룡리슈빌",
            "투자타입":"일반",
            "전용면적(m2)":"132.05",
            "전용면적(평)":"39평",
            "법정동주소":"충청북도 청주시 서원구 분평동 274",
            "도로명주소":"충청북도 청주시 서원구 매봉로 26-1",
            "세대수":0,
            "입주년차":40,
            "용적률점수":"--",
            "건폐율점수":"--",
            "세대당주차수":80,
            "난방방식":30,
            "공급면적":"--",
            "전용률":"--",
            "욕실수":100,
            "현관타입":100,
            "주거총점":43.0,
            "지역구공급총점":100.0,
            "역세권":"NA",
            "30분내 이동가능 거점":"NA",
            "1시간내 이동가능 거점":"NA",
            "교통총점":"NA",
            "백화점":0,
            "아울렛몰":0,
            "대형마트":100,
            "은행":20,
            "병원":0,
            "종합병원":100,
            "공원":100,
            "혐오시설":0,
            "인프라총점":40.0,
            "초등학군":90.03,
            "중학군":48.46,
            "학군총점":56.774,
            "인구수":21.47,
            "인구증감":-15.67,
            "인구총점":10.328,
            "일자리":12.38,
            "소득수준":61.51,
            "일자리총점":27.119,
            "가치 총점":45.2435,
            "매매실거래년":20210729.0,
            "매매실거래가":40500.0,
            "전세실거래년":20190601.0,
            "전세실거래가":25000.0,
            "전세가율":78.86,
            "장기전세가율평균":81.11,
            "전세가율거품지수":2.25,
            "검색코드":26496,
            "세대수":173.0,
            "준공년월":"2008-07-30",
            "준공년차":15.0,
            "가까운역이름":"NA",
            "가까운역거리":"NA",
            "역세권여부":"NA",
            "30분이내주요거점역":"NA",
            "30분거점역이름":"NA",
            "1시간이내주요거점역":"NA",
            "1시간거점역이름":"NA",
            "3km이내백화점수":0,
            "5km이내아울렛몰수":0,
            "1km이내대형먀트수":2,
            "500m이내은행수":2,
            "500m이내병원수":1,
            "5km이내대형병원수":5,
            "500m이내공원수":2,
            "3km이내혐오시설수":0,
            "초등학교학업성취도":90.03,
            "중학교학업성취도":78.1,
            "용적률":209,
            "건폐율":19,
            "Y":36.6127,
            "X":127.47856,
            "rank":42.0,
            "area_info":"39평(132.05), 49평(164.5), 59평(197.44)",
            "last_sales":"2021-07-29,40500.0,59평(197.44)",
            "rank_history":[
                [
                    "202203",
                    42
                ],
                [
                    "202202",
                    40
                ],
                [
                    "202201",
                    42
                ]
            ],
            "rank_gap":-2
        },
        {
            "index":348,
            "아파트명":"산남세원청실",
            "투자타입":"일반",
            "전용면적(m2)":"84.37",
            "전용면적(평)":"25평",
            "법정동주소":"충청북도 청주시 서원구 수곡동 1001",
            "도로명주소":"충청북도 청주시 서원구 수곡로 46",
            "세대수":50,
            "입주년차":0,
            "용적률점수":"--",
            "건폐율점수":"--",
            "세대당주차수":30,
            "난방방식":30,
            "공급면적":"--",
            "전용률":"--",
            "욕실수":50,
            "현관타입":100,
            "주거총점":40.0,
            "지역구공급총점":100.0,
            "역세권":"NA",
            "30분내 이동가능 거점":"NA",
            "1시간내 이동가능 거점":"NA",
            "교통총점":"NA",
            "백화점":0,
            "아울렛몰":0,
            "대형마트":80,
            "은행":0,
            "병원":60,
            "종합병원":100,
            "공원":100,
            "혐오시설":0,
            "인프라총점":41.0,
            "초등학군":90.02,
            "중학군":48.46,
            "학군총점":56.772,
            "인구수":21.47,
            "인구증감":-15.67,
            "인구총점":10.328,
            "일자리":12.38,
            "소득수준":61.51,
            "일자리총점":27.119,
            "가치 총점":44.593,
            "매매실거래년":20220108.0,
            "매매실거래가":21000.0,
            "전세실거래년":20211127.0,
            "전세실거래가":15000.0,
            "전세가율":90.91,
            "장기전세가율평균":81.11,
            "전세가율거품지수":-9.8,
            "검색코드":7401,
            "세대수":417.0,
            "준공년월":"1995-05-08",
            "준공년차":28.0,
            "가까운역이름":"NA",
            "가까운역거리":"NA",
            "역세권여부":"NA",
            "30분이내주요거점역":"NA",
            "30분거점역이름":"NA",
            "1시간이내주요거점역":"NA",
            "1시간거점역이름":"NA",
            "3km이내백화점수":0,
            "5km이내아울렛몰수":0,
            "1km이내대형먀트수":1,
            "500m이내은행수":0,
            "500m이내병원수":15,
            "5km이내대형병원수":5,
            "500m이내공원수":3,
            "3km이내혐오시설수":0,
            "초등학교학업성취도":90.02,
            "중학교학업성취도":78.1,
            "용적률":221,
            "건폐율":18,
            "Y":36.616772,
            "X":127.474144,
            "rank":43.0,
            "area_info":"25평(84.37), 32평(106.94)",
            "last_sales":"2022-01-08,21000.0,32평(106.94)",
            "rank_history":[
                [
                    "202203",
                    43
                ],
                [
                    "202202",
                    41
                ],
                [
                    "202201",
                    41
                ]
            ],
            "rank_gap":-2
        },
        {
            "index":148,
            "아파트명":"우성2차",
            "투자타입":"재건축",
            "전용면적(m2)":"105.67",
            "전용면적(평)":"31평",
            "법정동주소":"충청북도 청주시 서원구 분평동 237",
            "도로명주소":"충청북도 청주시 서원구 청남로2005번길 45",
            "세대수":30,
            "입주년차":"--",
            "용적률점수":0,
            "건폐율점수":60,
            "세대당주차수":"--",
            "난방방식":"--",
            "공급면적":90,
            "전용률":80,
            "욕실수":"--",
            "현관타입":"--",
            "주거총점":29.5,
            "지역구공급총점":100.0,
            "역세권":"NA",
            "30분내 이동가능 거점":"NA",
            "1시간내 이동가능 거점":"NA",
            "교통총점":"NA",
            "백화점":0,
            "아울렛몰":0,
            "대형마트":100,
            "은행":20,
            "병원":80,
            "종합병원":100,
            "공원":80,
            "혐오시설":0,
            "인프라총점":47.4,
            "초등학군":90.03,
            "중학군":51.68,
            "학군총점":59.35,
            "인구수":21.47,
            "인구증감":-15.67,
            "인구총점":10.328,
            "일자리":12.38,
            "소득수준":61.51,
            "일자리총점":27.119,
            "가치 총점":44.1225,
            "매매실거래년":20220208.0,
            "매매실거래가":23800.0,
            "전세실거래년":20220114.0,
            "전세실거래가":10500.0,
            "전세가율":63.64,
            "장기전세가율평균":81.11,
            "전세가율거품지수":17.47,
            "검색코드":7485,
            "세대수":388.0,
            "준공년월":"1990-11-30",
            "준공년차":33.0,
            "가까운역이름":"NA",
            "가까운역거리":"NA",
            "역세권여부":"NA",
            "30분이내주요거점역":"NA",
            "30분거점역이름":"NA",
            "1시간이내주요거점역":"NA",
            "1시간거점역이름":"NA",
            "3km이내백화점수":0,
            "5km이내아울렛몰수":0,
            "1km이내대형먀트수":2,
            "500m이내은행수":2,
            "500m이내병원수":31,
            "5km이내대형병원수":5,
            "500m이내공원수":1,
            "3km이내혐오시설수":0,
            "초등학교학업성취도":90.03,
            "중학교학업성취도":83.2,
            "용적률":220,
            "건폐율":33,
            "Y":36.610087,
            "X":127.482853,
            "rank":44.0,
            "area_info":"31평(105.67), 46평(152.97), 56평(186.98)",
            "last_sales":"2022-02-08,23800.0,46평(152.97)",
            "rank_history":[
                [
                    "202203",
                    44
                ],
                [
                    "202202",
                    42
                ],
                [
                    "202201",
                    44
                ]
            ],
            "rank_gap":-2
        },
        {
            "index":23,
            "아파트명":"라임스토리(도시형)",
            "투자타입":"일반",
            "전용면적(m2)":"32.86",
            "전용면적(평)":"9평",
            "법정동주소":"충청북도 청주시 서원구 개신동 708",
            "도로명주소":"충청북도 청주시 서원구 복대로17번길 23",
            "세대수":0,
            "입주년차":60,
            "용적률점수":"--",
            "건폐율점수":"--",
            "세대당주차수":0,
            "난방방식":30,
            "공급면적":"--",
            "전용률":"--",
            "욕실수":50,
            "현관타입":50,
            "주거총점":25.0,
            "지역구공급총점":100.0,
            "역세권":"NA",
            "30분내 이동가능 거점":"NA",
            "1시간내 이동가능 거점":"NA",
            "교통총점":"NA",
            "백화점":0,
            "아울렛몰":80,
            "대형마트":80,
            "은행":0,
            "병원":80,
            "종합병원":100,
            "공원":100,
            "혐오시설":0,
            "인프라총점":51.0,
            "초등학군":90.01,
            "중학군":51.48,
            "학군총점":59.186,
            "인구수":21.47,
            "인구증감":-15.67,
            "인구총점":10.328,
            "일자리":12.38,
            "소득수준":61.51,
            "일자리총점":27.119,
            "가치 총점":43.9465,
            "매매실거래년":20210928.0,
            "매매실거래가":4000.0,
            "전세실거래년":20211007.0,
            "전세실거래가":4500.0,
            "전세가율":112.5,
            "장기전세가율평균":81.11,
            "전세가율거품지수":-31.39,
            "검색코드":107459,
            "세대수":56.0,
            "준공년월":"2012-09-07",
            "준공년차":11.0,
            "가까운역이름":"NA",
            "가까운역거리":"NA",
            "역세권여부":"NA",
            "30분이내주요거점역":"NA",
            "30분거점역이름":"NA",
            "1시간이내주요거점역":"NA",
            "1시간거점역이름":"NA",
            "3km이내백화점수":0,
            "5km이내아울렛몰수":1,
            "1km이내대형먀트수":1,
            "500m이내은행수":0,
            "500m이내병원수":50,
            "5km이내대형병원수":5,
            "500m이내공원수":6,
            "3km이내혐오시설수":0,
            "초등학교학업성취도":90.01,
            "중학교학업성취도":84.6,
            "용적률":340,
            "건폐율":58,
            "Y":36.618182,
            "X":127.445224,
            "rank":45.0,
            "area_info":"9평(32.86), 10평(33.74), 10평(34.19)",
            "last_sales":"2021-09-28,4000.0,9평(32.86)",
            "rank_history":[
                [
                    "202203",
                    45
                ],
                [
                    "202202",
                    9999
                ]
            ],
            "rank_gap":9999
        },
        {
            "index":43,
            "아파트명":"수펠리스(도시형)",
            "투자타입":"일반",
            "전용면적(m2)":"37.53",
            "전용면적(평)":"11평",
            "법정동주소":"충청북도 청주시 서원구 개신동 707",
            "도로명주소":"충청북도 청주시 서원구 복대로17번길 11",
            "세대수":0,
            "입주년차":80,
            "용적률점수":"--",
            "건폐율점수":"--",
            "세대당주차수":0,
            "난방방식":30,
            "공급면적":"--",
            "전용률":"--",
            "욕실수":50,
            "현관타입":10,
            "주거총점":25.0,
            "지역구공급총점":100.0,
            "역세권":"NA",
            "30분내 이동가능 거점":"NA",
            "1시간내 이동가능 거점":"NA",
            "교통총점":"NA",
            "백화점":0,
            "아울렛몰":80,
            "대형마트":80,
            "은행":0,
            "병원":80,
            "종합병원":100,
            "공원":100,
            "혐오시설":0,
            "인프라총점":51.0,
            "초등학군":90.01,
            "중학군":51.48,
            "학군총점":59.186,
            "인구수":21.47,
            "인구증감":-15.67,
            "인구총점":10.328,
            "일자리":12.38,
            "소득수준":61.51,
            "일자리총점":27.119,
            "가치 총점":43.9465,
            "매매실거래년":20180710.0,
            "매매실거래가":16940.0,
            "전세실거래년":20220119.0,
            "전세실거래가":6900.0,
            "전세가율":80.23,
            "장기전세가율평균":81.11,
            "전세가율거품지수":0.88,
            "검색코드":116848,
            "세대수":60.0,
            "준공년월":"2016-06-20",
            "준공년차":7.0,
            "가까운역이름":"NA",
            "가까운역거리":"NA",
            "역세권여부":"NA",
            "30분이내주요거점역":"NA",
            "30분거점역이름":"NA",
            "1시간이내주요거점역":"NA",
            "1시간거점역이름":"NA",
            "3km이내백화점수":0,
            "5km이내아울렛몰수":1,
            "1km이내대형먀트수":1,
            "500m이내은행수":0,
            "500m이내병원수":50,
            "5km이내대형병원수":5,
            "500m이내공원수":7,
            "3km이내혐오시설수":0,
            "초등학교학업성취도":90.01,
            "중학교학업성취도":84.6,
            "용적률":446,
            "건폐율":69,
            "Y":36.61843,
            "X":127.445343,
            "rank":45.0,
            "area_info":"11평(37.53), 11평(38.86), 18평(60.08), 18평(61.57), 18평(62.18), 19평(65.25), 20평(67.94), 20평(67.0), 20평(67.64)",
            "last_sales":"2018-07-10,16940.0,20평(67.64)",
            "rank_history":[
                [
                    "202203",
                    45
                ],
                [
                    "202202",
                    9999
                ]
            ],
            "rank_gap":9999
        },
        {
            "index":88,
            "아파트명":"금호타운",
            "투자타입":"일반",
            "전용면적(m2)":"91.33",
            "전용면적(평)":"27평",
            "법정동주소":"충청북도 청주시 서원구 모충동 492",
            "도로명주소":"충청북도 청주시 서원구 쌍샘로107번길 12",
            "세대수":50,
            "입주년차":0,
            "용적률점수":"--",
            "건폐율점수":"--",
            "세대당주차수":0,
            "난방방식":30,
            "공급면적":"--",
            "전용률":"--",
            "욕실수":100,
            "현관타입":100,
            "주거총점":40.5,
            "지역구공급총점":100.0,
            "역세권":"NA",
            "30분내 이동가능 거점":"NA",
            "1시간내 이동가능 거점":"NA",
            "교통총점":"NA",
            "백화점":0,
            "아울렛몰":80,
            "대형마트":0,
            "은행":0,
            "병원":60,
            "종합병원":100,
            "공원":100,
            "혐오시설":0,
            "인프라총점":37.0,
            "초등학군":90.0,
            "중학군":51.36,
            "학군총점":59.088,
            "인구수":21.47,
            "인구증감":-15.67,
            "인구총점":10.328,
            "일자리":12.38,
            "소득수준":61.51,
            "일자리총점":27.119,
            "가치 총점":43.747,
            "매매실거래년":20220224.0,
            "매매실거래가":14000.0,
            "전세실거래년":20210721.0,
            "전세실거래가":11000.0,
            "전세가율":88.35,
            "장기전세가율평균":81.11,
            "전세가율거품지수":-7.24,
            "검색코드":7292,
            "세대수":418.0,
            "준공년월":"1995-02-24",
            "준공년차":28.0,
            "가까운역이름":"NA",
            "가까운역거리":"NA",
            "역세권여부":"NA",
            "30분이내주요거점역":"NA",
            "30분거점역이름":"NA",
            "1시간이내주요거점역":"NA",
            "1시간거점역이름":"NA",
            "3km이내백화점수":0,
            "5km이내아울렛몰수":1,
            "1km이내대형먀트수":0,
            "500m이내은행수":0,
            "500m이내병원수":10,
            "5km이내대형병원수":5,
            "500m이내공원수":2,
            "3km이내혐오시설수":0,
            "초등학교학업성취도":90.0,
            "중학교학업성취도":83.2,
            "용적률":0,
            "건폐율":0,
            "Y":36.62607,
            "X":127.471565,
            "rank":46.0,
            "area_info":"27평(91.33), 31평(102.75)",
            "last_sales":"2022-02-24,14000.0,31평(102.75)",
            "rank_history":[
                [
                    "202203",
                    46
                ],
                [
                    "202202",
                    43
                ],
                [
                    "202201",
                    46
                ]
            ],
            "rank_gap":-3
        },
        {
            "index":143,
            "아파트명":"분평계룡리슈빌2단지",
            "투자타입":"일반",
            "전용면적(m2)":"130.54",
            "전용면적(평)":"39평",
            "법정동주소":"충청북도 청주시 서원구 분평동 262",
            "도로명주소":"충청북도 청주시 서원구 매봉로 28",
            "세대수":0,
            "입주년차":40,
            "용적률점수":"--",
            "건폐율점수":"--",
            "세대당주차수":60,
            "난방방식":30,
            "공급면적":"--",
            "전용률":"--",
            "욕실수":100,
            "현관타입":100,
            "주거총점":40.0,
            "지역구공급총점":100.0,
            "역세권":"NA",
            "30분내 이동가능 거점":"NA",
            "1시간내 이동가능 거점":"NA",
            "교통총점":"NA",
            "백화점":0,
            "아울렛몰":0,
            "대형마트":80,
            "은행":20,
            "병원":0,
            "종합병원":100,
            "공원":100,
            "혐오시설":0,
            "인프라총점":37.0,
            "초등학군":90.02,
            "중학군":48.46,
            "학군총점":56.772,
            "인구수":21.47,
            "인구증감":-15.67,
            "인구총점":10.328,
            "일자리":12.38,
            "소득수준":61.51,
            "일자리총점":27.119,
            "가치 총점":42.993,
            "매매실거래년":20210807.0,
            "매매실거래가":35800.0,
            "전세실거래년":20210922.0,
            "전세실거래가":33000.0,
            "전세가율":92.18,
            "장기전세가율평균":81.11,
            "전세가율거품지수":-11.07,
            "검색코드":26495,
            "세대수":150.0,
            "준공년월":"2008-07-30",
            "준공년차":15.0,
            "가까운역이름":"NA",
            "가까운역거리":"NA",
            "역세권여부":"NA",
            "30분이내주요거점역":"NA",
            "30분거점역이름":"NA",
            "1시간이내주요거점역":"NA",
            "1시간거점역이름":"NA",
            "3km이내백화점수":0,
            "5km이내아울렛몰수":0,
            "1km이내대형먀트수":1,
            "500m이내은행수":2,
            "500m이내병원수":1,
            "5km이내대형병원수":5,
            "500m이내공원수":2,
            "3km이내혐오시설수":0,
            "초등학교학업성취도":90.02,
            "중학교학업성취도":78.1,
            "용적률":218,
            "건폐율":19,
            "Y":36.613211,
            "X":127.478014,
            "rank":47.0,
            "area_info":"39평(130.54), 51평(169.8)",
            "last_sales":"2021-08-07,35800.0,39평(130.54)",
            "rank_history":[
                [
                    "202203",
                    47
                ],
                [
                    "202202",
                    44
                ],
                [
                    "202201",
                    43
                ]
            ],
            "rank_gap":-3
        },
        {
            "index":34,
            "아파트명":"삼익2차",
            "투자타입":"일반",
            "전용면적(m2)":"103.38",
            "전용면적(평)":"31평",
            "법정동주소":"충청북도 청주시 서원구 개신동 11",
            "도로명주소":"충청북도 청주시 서원구 창직로12번길 65",
            "세대수":30,
            "입주년차":0,
            "용적률점수":"--",
            "건폐율점수":"--",
            "세대당주차수":0,
            "난방방식":100,
            "공급면적":"--",
            "전용률":"--",
            "욕실수":100,
            "현관타입":100,
            "주거총점":40.5,
            "지역구공급총점":100.0,
            "역세권":"NA",
            "30분내 이동가능 거점":"NA",
            "1시간내 이동가능 거점":"NA",
            "교통총점":"NA",
            "백화점":0,
            "아울렛몰":80,
            "대형마트":0,
            "은행":0,
            "병원":60,
            "종합병원":100,
            "공원":80,
            "혐오시설":0,
            "인프라총점":36.4,
            "초등학군":89.98,
            "중학군":48.3,
            "학군총점":56.636,
            "인구수":21.47,
            "인구증감":-15.67,
            "인구총점":10.328,
            "일자리":12.38,
            "소득수준":61.51,
            "일자리총점":27.119,
            "가치 총점":42.894,
            "매매실거래년":20220212.0,
            "매매실거래가":15000.0,
            "전세실거래년":20220120.0,
            "전세실거래가":16000.0,
            "전세가율":106.67,
            "장기전세가율평균":81.11,
            "전세가율거품지수":-25.56,
            "검색코드":15428,
            "세대수":390.0,
            "준공년월":"1993-02-22",
            "준공년차":30.0,
            "가까운역이름":"NA",
            "가까운역거리":"NA",
            "역세권여부":"NA",
            "30분이내주요거점역":"NA",
            "30분거점역이름":"NA",
            "1시간이내주요거점역":"NA",
            "1시간거점역이름":"NA",
            "3km이내백화점수":0,
            "5km이내아울렛몰수":1,
            "1km이내대형먀트수":0,
            "500m이내은행수":0,
            "500m이내병원수":12,
            "5km이내대형병원수":5,
            "500m이내공원수":1,
            "3km이내혐오시설수":0,
            "초등학교학업성취도":89.98,
            "중학교학업성취도":76.3,
            "용적률":193,
            "건폐율":18,
            "Y":36.62853,
            "X":127.46444,
            "rank":48.0,
            "area_info":"31평(103.38), 44평(145.64), 51평(170.67)",
            "last_sales":"2022-02-12,15000.0,31평(103.38)",
            "rank_history":[
                [
                    "202203",
                    48
                ],
                [
                    "202202",
                    46
                ],
                [
                    "202201",
                    47
                ]
            ],
            "rank_gap":-2
        },
        {
            "index":69,
            "아파트명":"태암베스트윙",
            "투자타입":"일반",
            "전용면적(m2)":"112.48",
            "전용면적(평)":"34평",
            "법정동주소":"충청북도 청주시 서원구 개신동 8",
            "도로명주소":"충청북도 청주시 서원구 1순환로751번길 29",
            "세대수":0,
            "입주년차":40,
            "용적률점수":"--",
            "건폐율점수":"--",
            "세대당주차수":60,
            "난방방식":30,
            "공급면적":"--",
            "전용률":"--",
            "욕실수":100,
            "현관타입":100,
            "주거총점":40.0,
            "지역구공급총점":100.0,
            "역세권":"NA",
            "30분내 이동가능 거점":"NA",
            "1시간내 이동가능 거점":"NA",
            "교통총점":"NA",
            "백화점":0,
            "아울렛몰":80,
            "대형마트":0,
            "은행":0,
            "병원":60,
            "종합병원":100,
            "공원":80,
            "혐오시설":0,
            "인프라총점":36.4,
            "초등학군":89.98,
            "중학군":48.3,
            "학군총점":56.636,
            "인구수":21.47,
            "인구증감":-15.67,
            "인구총점":10.328,
            "일자리":12.38,
            "소득수준":61.51,
            "일자리총점":27.119,
            "가치 총점":42.719,
            "매매실거래년":20220209.0,
            "매매실거래가":21800.0,
            "전세실거래년":20210314.0,
            "전세실거래가":18500.0,
            "전세가율":84.86,
            "장기전세가율평균":81.11,
            "전세가율거품지수":-3.75,
            "검색코드":25720,
            "세대수":118.0,
            "준공년월":"2005-09-05",
            "준공년차":18.0,
            "가까운역이름":"NA",
            "가까운역거리":"NA",
            "역세권여부":"NA",
            "30분이내주요거점역":"NA",
            "30분거점역이름":"NA",
            "1시간이내주요거점역":"NA",
            "1시간거점역이름":"NA",
            "3km이내백화점수":0,
            "5km이내아울렛몰수":1,
            "1km이내대형먀트수":0,
            "500m이내은행수":1,
            "500m이내병원수":10,
            "5km이내대형병원수":5,
            "500m이내공원수":1,
            "3km이내혐오시설수":0,
            "초등학교학업성취도":89.98,
            "중학교학업성취도":76.3,
            "용적률":175,
            "건폐율":21,
            "Y":36.62737,
            "X":127.46474,
            "rank":49.0,
            "area_info":"34평(112.48)",
            "last_sales":"2022-02-09,21800.0,34평(112.48)",
            "rank_history":[
                [
                    "202203",
                    49
                ],
                [
                    "202202",
                    47
                ],
                [
                    "202201",
                    49
                ]
            ],
            "rank_gap":-2
        },
        {
            "index":374,
            "아파트명":"세원홍실",
            "투자타입":"일반",
            "전용면적(m2)":"116.01",
            "전용면적(평)":"35평",
            "법정동주소":"충청북도 청주시 서원구 수곡동 776",
            "도로명주소":"충청북도 청주시 서원구 수곡로 88",
            "세대수":0,
            "입주년차":0,
            "용적률점수":"--",
            "건폐율점수":"--",
            "세대당주차수":30,
            "난방방식":100,
            "공급면적":"--",
            "전용률":"--",
            "욕실수":100,
            "현관타입":100,
            "주거총점":34.5,
            "지역구공급총점":100.0,
            "역세권":"NA",
            "30분내 이동가능 거점":"NA",
            "1시간내 이동가능 거점":"NA",
            "교통총점":"NA",
            "백화점":0,
            "아울렛몰":0,
            "대형마트":80,
            "은행":0,
            "병원":60,
            "종합병원":100,
            "공원":100,
            "혐오시설":0,
            "인프라총점":41.0,
            "초등학군":90.06,
            "중학군":48.46,
            "학군총점":56.78,
            "인구수":21.47,
            "인구증감":-15.67,
            "인구총점":10.328,
            "일자리":12.38,
            "소득수준":61.51,
            "일자리총점":27.119,
            "가치 총점":42.67,
            "매매실거래년":20211012.0,
            "매매실거래가":23000.0,
            "전세실거래년":20210714.0,
            "전세실거래가":20000.0,
            "전세가율":105.82,
            "장기전세가율평균":81.11,
            "전세가율거품지수":-24.71,
            "검색코드":13013,
            "세대수":224.0,
            "준공년월":"1996-09-04",
            "준공년차":27.0,
            "가까운역이름":"NA",
            "가까운역거리":"NA",
            "역세권여부":"NA",
            "30분이내주요거점역":"NA",
            "30분거점역이름":"NA",
            "1시간이내주요거점역":"NA",
            "1시간거점역이름":"NA",
            "3km이내백화점수":0,
            "5km이내아울렛몰수":0,
            "1km이내대형먀트수":1,
            "500m이내은행수":0,
            "500m이내병원수":13,
            "5km이내대형병원수":5,
            "500m이내공원수":2,
            "3km이내혐오시설수":0,
            "초등학교학업성취도":90.06,
            "중학교학업성취도":78.1,
            "용적률":220,
            "건폐율":20,
            "Y":36.61978,
            "X":127.4722,
            "rank":50.0,
            "area_info":"35평(116.01), 43평(144.91), 48평(159.7)",
            "last_sales":"2021-10-12,23000.0,48평(159.7)",
            "rank_history":[
                [
                    "202203",
                    50
                ],
                [
                    "202202",
                    45
                ],
                [
                    "202201",
                    45
                ]
            ],
            "rank_gap":-5
        },
        {
            "index":387,
            "아파트명":"한마음2차",
            "투자타입":"일반",
            "전용면적(m2)":"130.09",
            "전용면적(평)":"39평",
            "법정동주소":"충청북도 청주시 서원구 수곡동 775",
            "도로명주소":"충청북도 청주시 서원구 수곡로 100",
            "세대수":0,
            "입주년차":0,
            "용적률점수":"--",
            "건폐율점수":"--",
            "세대당주차수":0,
            "난방방식":100,
            "공급면적":"--",
            "전용률":"--",
            "욕실수":100,
            "현관타입":100,
            "주거총점":30.0,
            "지역구공급총점":100.0,
            "역세권":"NA",
            "30분내 이동가능 거점":"NA",
            "1시간내 이동가능 거점":"NA",
            "교통총점":"NA",
            "백화점":0,
            "아울렛몰":0,
            "대형마트":80,
            "은행":0,
            "병원":60,
            "종합병원":100,
            "공원":100,
            "혐오시설":0,
            "인프라총점":41.0,
            "초등학군":90.06,
            "중학군":48.46,
            "학군총점":56.78,
            "인구수":21.47,
            "인구증감":-15.67,
            "인구총점":10.328,
            "일자리":12.38,
            "소득수준":61.51,
            "일자리총점":27.119,
            "가치 총점":41.095,
            "매매실거래년":20211004.0,
            "매매실거래가":21000.0,
            "전세실거래년":20190824.0,
            "전세실거래가":6000.0,
            "전세가율":29.85,
            "장기전세가율평균":81.11,
            "전세가율거품지수":51.26,
            "검색코드":12787,
            "세대수":228.0,
            "준공년월":"1995-04-24",
            "준공년차":28.0,
            "가까운역이름":"NA",
            "가까운역거리":"NA",
            "역세권여부":"NA",
            "30분이내주요거점역":"NA",
            "30분거점역이름":"NA",
            "1시간이내주요거점역":"NA",
            "1시간거점역이름":"NA",
            "3km이내백화점수":0,
            "5km이내아울렛몰수":0,
            "1km이내대형먀트수":1,
            "500m이내은행수":0,
            "500m이내병원수":10,
            "5km이내대형병원수":5,
            "500m이내공원수":2,
            "3km이내혐오시설수":0,
            "초등학교학업성취도":90.06,
            "중학교학업성취도":78.1,
            "용적률":0,
            "건폐율":0,
            "Y":36.620599,
            "X":127.471536,
            "rank":51.0,
            "area_info":"39평(130.09), 46평(152.24), 57평(190.9)",
            "last_sales":"2021-10-04,21000.0,46평(152.24)",
            "rank_history":[
                [
                    "202203",
                    51
                ],
                [
                    "202202",
                    48
                ],
                [
                    "202201",
                    48
                ]
            ],
            "rank_gap":-3
        },
        {
            "index":132,
            "아파트명":"대승스카이빌",
            "투자타입":"일반",
            "전용면적(m2)":"50.66",
            "전용면적(평)":"15평",
            "법정동주소":"충청북도 청주시 서원구 분평동 275-1",
            "도로명주소":"충청북도 청주시 서원구 안뜸로12번길 13",
            "세대수":30,
            "입주년차":20,
            "용적률점수":"--",
            "건폐율점수":"--",
            "세대당주차수":0,
            "난방방식":30,
            "공급면적":"--",
            "전용률":"--",
            "욕실수":50,
            "현관타입":100,
            "주거총점":32.5,
            "지역구공급총점":100.0,
            "역세권":"NA",
            "30분내 이동가능 거점":"NA",
            "1시간내 이동가능 거점":"NA",
            "교통총점":"NA",
            "백화점":0,
            "아울렛몰":0,
            "대형마트":100,
            "은행":0,
            "병원":10,
            "종합병원":100,
            "공원":80,
            "혐오시설":0,
            "인프라총점":38.4,
            "초등학군":90.03,
            "중학군":48.46,
            "학군총점":56.774,
            "인구수":21.47,
            "인구증감":-15.67,
            "인구총점":10.328,
            "일자리":12.38,
            "소득수준":61.51,
            "일자리총점":27.119,
            "가치 총점":40.9285,
            "매매실거래년":20220218.0,
            "매매실거래가":7100.0,
            "전세실거래년":20211203.0,
            "전세실거래가":6500.0,
            "전세가율":91.55,
            "장기전세가율평균":81.11,
            "전세가율거품지수":-10.44,
            "검색코드":102106,
            "세대수":306.0,
            "준공년월":"2001-06-26",
            "준공년차":22.0,
            "가까운역이름":"NA",
            "가까운역거리":"NA",
            "역세권여부":"NA",
            "30분이내주요거점역":"NA",
            "30분거점역이름":"NA",
            "1시간이내주요거점역":"NA",
            "1시간거점역이름":"NA",
            "3km이내백화점수":0,
            "5km이내아울렛몰수":0,
            "1km이내대형먀트수":2,
            "500m이내은행수":0,
            "500m이내병원수":4,
            "5km이내대형병원수":5,
            "500m이내공원수":1,
            "3km이내혐오시설수":0,
            "초등학교학업성취도":90.03,
            "중학교학업성취도":78.1,
            "용적률":0,
            "건폐율":0,
            "Y":36.611737,
            "X":127.479041,
            "rank":52.0,
            "area_info":"15평(50.66)",
            "last_sales":"2022-02-18,7100.0,15평(50.66)",
            "rank_history":[
                [
                    "202203",
                    52
                ],
                [
                    "202202",
                    49
                ],
                [
                    "202201",
                    50
                ]
            ],
            "rank_gap":-3
        },
        {
            "index":99,
            "아파트명":"모충동일센타시아",
            "투자타입":"일반",
            "전용면적(m2)":"85.35",
            "전용면적(평)":"25평",
            "법정동주소":"충청북도 청주시 서원구 모충동 552",
            "도로명주소":"충청북도 청주시 서원구 매봉로 190",
            "세대수":0,
            "입주년차":80,
            "용적률점수":"--",
            "건폐율점수":"--",
            "세대당주차수":30,
            "난방방식":30,
            "공급면적":"--",
            "전용률":"--",
            "욕실수":100,
            "현관타입":100,
            "주거총점":43.5,
            "지역구공급총점":100.0,
            "역세권":"NA",
            "30분내 이동가능 거점":"NA",
            "1시간내 이동가능 거점":"NA",
            "교통총점":"NA",
            "백화점":0,
            "아울렛몰":0,
            "대형마트":0,
            "은행":0,
            "병원":30,
            "종합병원":100,
            "공원":80,
            "혐오시설":0,
            "인프라총점":25.4,
            "초등학군":90.0,
            "중학군":51.36,
            "학군총점":59.088,
            "인구수":21.47,
            "인구증감":-15.67,
            "인구총점":10.328,
            "일자리":12.38,
            "소득수준":61.51,
            "일자리총점":27.119,
            "가치 총점":40.157,
            "매매실거래년":20220122.0,
            "매매실거래가":20800.0,
            "전세실거래년":20211203.0,
            "전세실거래가":17000.0,
            "전세가율":81.73,
            "장기전세가율평균":81.11,
            "전세가율거품지수":-0.62,
            "검색코드":110869,
            "세대수":240.0,
            "준공년월":"2016-05-03",
            "준공년차":7.0,
            "가까운역이름":"NA",
            "가까운역거리":"NA",
            "역세권여부":"NA",
            "30분이내주요거점역":"NA",
            "30분거점역이름":"NA",
            "1시간이내주요거점역":"NA",
            "1시간거점역이름":"NA",
            "3km이내백화점수":0,
            "5km이내아울렛몰수":0,
            "1km이내대형먀트수":0,
            "500m이내은행수":0,
            "500m이내병원수":5,
            "5km이내대형병원수":5,
            "500m이내공원수":1,
            "3km이내혐오시설수":0,
            "초등학교학업성취도":90.0,
            "중학교학업성취도":83.2,
            "용적률":226,
            "건폐율":20,
            "Y":36.626211,
            "X":127.476387,
            "rank":53.0,
            "area_info":"25평(85.35), 26평(86.23), 27평(92.24)",
            "last_sales":"2022-01-22,20800.0,27평(92.24)",
            "rank_history":[
                [
                    "202203",
                    53
                ],
                [
                    "202202",
                    50
                ],
                [
                    "202201",
                    53
                ]
            ],
            "rank_gap":-3
        },
        {
            "index":229,
            "아파트명":"두진하트리움에덴(도시형)",
            "투자타입":"일반",
            "전용면적(m2)":"35.22",
            "전용면적(평)":"10평",
            "법정동주소":"충청북도 청주시 서원구 사창동 304-1",
            "도로명주소":"충청북도 청주시 서원구 사직대로 160",
            "세대수":0,
            "입주년차":80,
            "용적률점수":"--",
            "건폐율점수":"--",
            "세대당주차수":0,
            "난방방식":30,
            "공급면적":"--",
            "전용률":"--",
            "욕실수":50,
            "현관타입":10,
            "주거총점":25.0,
            "지역구공급총점":100.0,
            "역세권":"NA",
            "30분내 이동가능 거점":"NA",
            "1시간내 이동가능 거점":"NA",
            "교통총점":"NA",
            "백화점":0,
            "아울렛몰":80,
            "대형마트":0,
            "은행":20,
            "병원":80,
            "종합병원":100,
            "공원":100,
            "혐오시설":0,
            "인프라총점":41.0,
            "초등학군":89.98,
            "중학군":51.82,
            "학군총점":59.452,
            "인구수":21.47,
            "인구증감":-15.67,
            "인구총점":10.328,
            "일자리":12.38,
            "소득수준":61.51,
            "일자리총점":27.119,
            "가치 총점":40.013,
            "매매실거래년":20210903.0,
            "매매실거래가":11410.0,
            "전세실거래년":null,
            "전세실거래가":null,
            "전세가율":null,
            "장기전세가율평균":81.11,
            "전세가율거품지수":null,
            "검색코드":106463,
            "세대수":297.0,
            "준공년월":"2014-11-12",
            "준공년차":9.0,
            "가까운역이름":"NA",
            "가까운역거리":"NA",
            "역세권여부":"NA",
            "30분이내주요거점역":"NA",
            "30분거점역이름":"NA",
            "1시간이내주요거점역":"NA",
            "1시간거점역이름":"NA",
            "3km이내백화점수":0,
            "5km이내아울렛몰수":1,
            "1km이내대형먀트수":0,
            "500m이내은행수":2,
            "500m이내병원수":30,
            "5km이내대형병원수":6,
            "500m이내공원수":4,
            "3km이내혐오시설수":0,
            "초등학교학업성취도":89.98,
            "중학교학업성취도":83.5,
            "용적률":793,
            "건폐율":73,
            "Y":36.634836,
            "X":127.46502,
            "rank":54.0,
            "area_info":"10평(35.22), 11평(38.34), 20평(67.22), 21평(70.09), 21평(71.49), 21평(71.12), 21평(72.46), 21평(72.42)",
            "last_sales":"2021-09-03,11410.0,21평(72.42)",
            "rank_history":[
                [
                    "202203",
                    54
                ],
                [
                    "202202",
                    51
                ],
                [
                    "202201",
                    54
                ]
            ],
            "rank_gap":-3
        },
        {
            "index":145,
            "아파트명":"우성1차",
            "투자타입":"재건축",
            "전용면적(m2)":"94.42",
            "전용면적(평)":"28평",
            "법정동주소":"충청북도 청주시 서원구 분평동 320",
            "도로명주소":"충청북도 청주시 서원구 1순환로1013번길 10",
            "세대수":50,
            "입주년차":"--",
            "용적률점수":0,
            "건폐율점수":0,
            "세대당주차수":"--",
            "난방방식":"--",
            "공급면적":70,
            "전용률":80,
            "욕실수":"--",
            "현관타입":"--",
            "주거총점":22.5,
            "지역구공급총점":100.0,
            "역세권":"NA",
            "30분내 이동가능 거점":"NA",
            "1시간내 이동가능 거점":"NA",
            "교통총점":"NA",
            "백화점":0,
            "아울렛몰":0,
            "대형마트":100,
            "은행":20,
            "병원":60,
            "종합병원":100,
            "공원":0,
            "혐오시설":0,
            "인프라총점":43.0,
            "초등학군":90.03,
            "중학군":51.68,
            "학군총점":59.35,
            "인구수":21.47,
            "인구증감":-15.67,
            "인구총점":10.328,
            "일자리":12.38,
            "소득수준":61.51,
            "일자리총점":27.119,
            "가치 총점":39.9125,
            "매매실거래년":20220115.0,
            "매매실거래가":17000.0,
            "전세실거래년":20211026.0,
            "전세실거래가":14000.0,
            "전세가율":93.33,
            "장기전세가율평균":81.11,
            "전세가율거품지수":-12.22,
            "검색코드":12032,
            "세대수":412.0,
            "준공년월":"1990-10-31",
            "준공년차":33.0,
            "가까운역이름":"NA",
            "가까운역거리":"NA",
            "역세권여부":"NA",
            "30분이내주요거점역":"NA",
            "30분거점역이름":"NA",
            "1시간이내주요거점역":"NA",
            "1시간거점역이름":"NA",
            "3km이내백화점수":0,
            "5km이내아울렛몰수":0,
            "1km이내대형먀트수":2,
            "500m이내은행수":2,
            "500m이내병원수":25,
            "5km이내대형병원수":5,
            "500m이내공원수":0,
            "3km이내혐오시설수":0,
            "초등학교학업성취도":90.03,
            "중학교학업성취도":83.2,
            "용적률":0,
            "건폐율":0,
            "Y":36.609545,
            "X":127.480531,
            "rank":55.0,
            "area_info":"28평(94.42), 31평(105.25), 47평(157.61)",
            "last_sales":"2022-01-15,17000.0,31평(105.25)",
            "rank_history":[
                [
                    "202203",
                    55
                ],
                [
                    "202202",
                    52
                ],
                [
                    "202201",
                    51
                ]
            ],
            "rank_gap":-3
        },
        {
            "index":123,
            "아파트명":"포스필",
            "투자타입":"일반",
            "전용면적(m2)":"80.68",
            "전용면적(평)":"24평",
            "법정동주소":"충청북도 청주시 서원구 모충동 490-5",
            "도로명주소":"충청북도 청주시 서원구 쌍샘로107번길 33",
            "세대수":0,
            "입주년차":80,
            "용적률점수":"--",
            "건폐율점수":"--",
            "세대당주차수":0,
            "난방방식":30,
            "공급면적":"--",
            "전용률":"--",
            "욕실수":100,
            "현관타입":100,
            "주거총점":39.0,
            "지역구공급총점":100.0,
            "역세권":"NA",
            "30분내 이동가능 거점":"NA",
            "1시간내 이동가능 거점":"NA",
            "교통총점":"NA",
            "백화점":0,
            "아울렛몰":0,
            "대형마트":0,
            "은행":0,
            "병원":30,
            "종합병원":100,
            "공원":80,
            "혐오시설":0,
            "인프라총점":25.4,
            "초등학군":90.0,
            "중학군":51.36,
            "학군총점":59.088,
            "인구수":21.47,
            "인구증감":-15.67,
            "인구총점":10.328,
            "일자리":12.38,
            "소득수준":61.51,
            "일자리총점":27.119,
            "가치 총점":38.582,
            "매매실거래년":20210906.0,
            "매매실거래가":15000.0,
            "전세실거래년":20211106.0,
            "전세실거래가":13000.0,
            "전세가율":109.24,
            "장기전세가율평균":81.11,
            "전세가율거품지수":-28.13,
            "검색코드":111387,
            "세대수":76.0,
            "준공년월":"2015-07-15",
            "준공년차":8.0,
            "가까운역이름":"NA",
            "가까운역거리":"NA",
            "역세권여부":"NA",
            "30분이내주요거점역":"NA",
            "30분거점역이름":"NA",
            "1시간이내주요거점역":"NA",
            "1시간거점역이름":"NA",
            "3km이내백화점수":0,
            "5km이내아울렛몰수":0,
            "1km이내대형먀트수":0,
            "500m이내은행수":0,
            "500m이내병원수":8,
            "5km이내대형병원수":5,
            "500m이내공원수":1,
            "3km이내혐오시설수":0,
            "초등학교학업성취도":90.0,
            "중학교학업성취도":83.2,
            "용적률":198,
            "건폐율":24,
            "Y":36.625163,
            "X":127.472298,
            "rank":56.0,
            "area_info":"24평(80.68), 24평(81.2), 24평(81.41)",
            "last_sales":"2021-09-06,15000.0,24평(81.41)",
            "rank_history":[
                [
                    "202203",
                    56
                ],
                [
                    "202202",
                    9999
                ]
            ],
            "rank_gap":9999
        },
        {
            "index":367,
            "아파트명":"선광한빛(로즈웰타운)",
            "투자타입":"일반",
            "전용면적(m2)":"39.67",
            "전용면적(평)":"12평",
            "법정동주소":"충청북도 청주시 서원구 수곡동 231-2",
            "도로명주소":"충청북도 청주시 서원구 매봉로60번길 18",
            "세대수":30,
            "입주년차":0,
            "용적률점수":"--",
            "건폐율점수":"--",
            "세대당주차수":0,
            "난방방식":30,
            "공급면적":"--",
            "전용률":"--",
            "욕실수":50,
            "현관타입":100,
            "주거총점":28.5,
            "지역구공급총점":100.0,
            "역세권":"NA",
            "30분내 이동가능 거점":"NA",
            "1시간내 이동가능 거점":"NA",
            "교통총점":"NA",
            "백화점":0,
            "아울렛몰":0,
            "대형마트":80,
            "은행":0,
            "병원":10,
            "종합병원":100,
            "공원":100,
            "혐오시설":0,
            "인프라총점":36.0,
            "초등학군":90.02,
            "중학군":48.46,
            "학군총점":56.772,
            "인구수":21.47,
            "인구증감":-15.67,
            "인구총점":10.328,
            "일자리":12.38,
            "소득수준":61.51,
            "일자리총점":27.119,
            "가치 총점":38.568,
            "매매실거래년":"18000101",
            "매매실거래가":null,
            "전세실거래년":20220216.0,
            "전세실거래가":3200.0,
            "전세가율":null,
            "장기전세가율평균":81.11,
            "전세가율거품지수":null,
            "검색코드":126786,
            "세대수":377.0,
            "준공년월":"1998-03-31",
            "준공년차":25.0,
            "가까운역이름":"NA",
            "가까운역거리":"NA",
            "역세권여부":"NA",
            "30분이내주요거점역":"NA",
            "30분거점역이름":"NA",
            "1시간이내주요거점역":"NA",
            "1시간거점역이름":"NA",
            "3km이내백화점수":0,
            "5km이내아울렛몰수":0,
            "1km이내대형먀트수":1,
            "500m이내은행수":1,
            "500m이내병원수":3,
            "5km이내대형병원수":5,
            "500m이내공원수":2,
            "3km이내혐오시설수":0,
            "초등학교학업성취도":90.02,
            "중학교학업성취도":78.1,
            "용적률":311,
            "건폐율":23,
            "Y":36.615027,
            "X":127.478844,
            "rank":57.0,
            "area_info":"12평(39.67)",
            "last_sales":"1800-01-01,nan,12평(39.67)",
            "rank_history":[
                [
                    "202203",
                    57
                ],
                [
                    "202202",
                    53
                ],
                [
                    "202201",
                    52
                ]
            ],
            "rank_gap":-4
        },
        {
            "index":111,
            "아파트명":"서원",
            "투자타입":"재건축",
            "전용면적(m2)":"32.39",
            "전용면적(평)":"9평",
            "법정동주소":"충청북도 청주시 서원구 모충동 117-2",
            "도로명주소":"충청북도 청주시 서원구 구룡산로389번길 79",
            "세대수":0,
            "입주년차":"--",
            "용적률점수":60,
            "건폐율점수":40,
            "세대당주차수":"--",
            "난방방식":"--",
            "공급면적":50,
            "전용률":80,
            "욕실수":"--",
            "현관타입":"--",
            "주거총점":38.5,
            "지역구공급총점":100.0,
            "역세권":"NA",
            "30분내 이동가능 거점":"NA",
            "1시간내 이동가능 거점":"NA",
            "교통총점":"NA",
            "백화점":0,
            "아울렛몰":0,
            "대형마트":0,
            "은행":0,
            "병원":60,
            "종합병원":100,
            "공원":100,
            "혐오시설":0,
            "인프라총점":29.0,
            "초등학군":90.0,
            "중학군":40.84,
            "학군총점":50.672,
            "인구수":21.47,
            "인구증감":-15.67,
            "인구총점":10.328,
            "일자리":12.38,
            "소득수준":61.51,
            "일자리총점":27.119,
            "가치 총점":37.743,
            "매매실거래년":20211101.0,
            "매매실거래가":4000.0,
            "전세실거래년":null,
            "전세실거래가":null,
            "전세가율":null,
            "장기전세가율평균":81.11,
            "전세가율거품지수":null,
            "검색코드":105702,
            "세대수":89.0,
            "준공년월":"1987-10-30",
            "준공년차":36.0,
            "가까운역이름":"NA",
            "가까운역거리":"NA",
            "역세권여부":"NA",
            "30분이내주요거점역":"NA",
            "30분거점역이름":"NA",
            "1시간이내주요거점역":"NA",
            "1시간거점역이름":"NA",
            "3km이내백화점수":0,
            "5km이내아울렛몰수":0,
            "1km이내대형먀트수":0,
            "500m이내은행수":0,
            "500m이내병원수":12,
            "5km이내대형병원수":4,
            "500m이내공원수":2,
            "3km이내혐오시설수":0,
            "초등학교학업성취도":90.0,
            "중학교학업성취도":66.4,
            "용적률":188,
            "건폐율":37,
            "Y":36.621999,
            "X":127.488643,
            "rank":58.0,
            "area_info":"9평(32.39), 11평(36.44), 11평(38.46)",
            "last_sales":"2021-11-01,4000.0,11평(38.46)",
            "rank_history":[
                [
                    "202203",
                    58
                ],
                [
                    "202202",
                    9999
                ]
            ],
            "rank_gap":9999
        },
        {
            "index":119,
            "아파트명":"주공2단지",
            "투자타입":"재건축",
            "전용면적(m2)":"49.48",
            "전용면적(평)":"14평",
            "법정동주소":"충청북도 청주시 서원구 모충동 516",
            "도로명주소":"충청북도 청주시 서원구 모충로 61",
            "세대수":50,
            "입주년차":"--",
            "용적률점수":0,
            "건폐율점수":0,
            "세대당주차수":"--",
            "난방방식":"--",
            "공급면적":50,
            "전용률":60,
            "욕실수":"--",
            "현관타입":"--",
            "주거총점":20.5,
            "지역구공급총점":100.0,
            "역세권":"NA",
            "30분내 이동가능 거점":"NA",
            "1시간내 이동가능 거점":"NA",
            "교통총점":"NA",
            "백화점":0,
            "아울렛몰":80,
            "대형마트":0,
            "은행":0,
            "병원":60,
            "종합병원":100,
            "공원":100,
            "혐오시설":0,
            "인프라총점":37.0,
            "초등학군":89.98,
            "중학군":51.82,
            "학군총점":59.452,
            "인구수":21.47,
            "인구증감":-15.67,
            "인구총점":10.328,
            "일자리":12.38,
            "소득수준":61.51,
            "일자리총점":27.119,
            "가치 총점":36.838,
            "매매실거래년":20220216.0,
            "매매실거래가":15000.0,
            "전세실거래년":20211205.0,
            "전세실거래가":8500.0,
            "전세가율":66.15,
            "장기전세가율평균":81.11,
            "전세가율거품지수":14.96,
            "검색코드":7309,
            "세대수":640.0,
            "준공년월":"1989-08-14",
            "준공년차":34.0,
            "가까운역이름":"NA",
            "가까운역거리":"NA",
            "역세권여부":"NA",
            "30분이내주요거점역":"NA",
            "30분거점역이름":"NA",
            "1시간이내주요거점역":"NA",
            "1시간거점역이름":"NA",
            "3km이내백화점수":0,
            "5km이내아울렛몰수":1,
            "1km이내대형먀트수":0,
            "500m이내은행수":0,
            "500m이내병원수":16,
            "5km이내대형병원수":5,
            "500m이내공원수":2,
            "3km이내혐오시설수":0,
            "초등학교학업성취도":89.98,
            "중학교학업성취도":83.5,
            "용적률":0,
            "건폐율":0,
            "Y":36.627622,
            "X":127.469956,
            "rank":59.0,
            "area_info":"14평(49.48), 15평(49.91), 18평(62.56), 21평(72.49)",
            "last_sales":"2022-02-16,15000.0,21평(72.49)",
            "rank_history":[
                [
                    "202203",
                    59
                ],
                [
                    "202202",
                    54
                ],
                [
                    "202201",
                    55
                ]
            ],
            "rank_gap":-5
        },
        {
            "index":96,
            "아파트명":"두산한솔",
            "투자타입":"일반",
            "전용면적(m2)":"78.84",
            "전용면적(평)":"23평",
            "법정동주소":"충청북도 청주시 서원구 모충동 473",
            "도로명주소":"충청북도 청주시 서원구 모충로124번길 53",
            "세대수":30,
            "입주년차":0,
            "용적률점수":"--",
            "건폐율점수":"--",
            "세대당주차수":30,
            "난방방식":30,
            "공급면적":"--",
            "전용률":"--",
            "욕실수":50,
            "현관타입":100,
            "주거총점":33.0,
            "지역구공급총점":100.0,
            "역세권":"NA",
            "30분내 이동가능 거점":"NA",
            "1시간내 이동가능 거점":"NA",
            "교통총점":"NA",
            "백화점":0,
            "아울렛몰":0,
            "대형마트":0,
            "은행":0,
            "병원":30,
            "종합병원":100,
            "공원":80,
            "혐오시설":0,
            "인프라총점":25.4,
            "초등학군":90.0,
            "중학군":51.36,
            "학군총점":59.088,
            "인구수":21.47,
            "인구증감":-15.67,
            "인구총점":10.328,
            "일자리":12.38,
            "소득수준":61.51,
            "일자리총점":27.119,
            "가치 총점":36.482,
            "매매실거래년":20220204.0,
            "매매실거래가":13800.0,
            "전세실거래년":20220115.0,
            "전세실거래가":12500.0,
            "전세가율":90.58,
            "장기전세가율평균":81.11,
            "전세가율거품지수":-9.47,
            "검색코드":7295,
            "세대수":392.0,
            "준공년월":"1994-10-31",
            "준공년차":29.0,
            "가까운역이름":"NA",
            "가까운역거리":"NA",
            "역세권여부":"NA",
            "30분이내주요거점역":"NA",
            "30분거점역이름":"NA",
            "1시간이내주요거점역":"NA",
            "1시간거점역이름":"NA",
            "3km이내백화점수":0,
            "5km이내아울렛몰수":0,
            "1km이내대형먀트수":0,
            "500m이내은행수":0,
            "500m이내병원수":5,
            "5km이내대형병원수":5,
            "500m이내공원수":1,
            "3km이내혐오시설수":0,
            "초등학교학업성취도":90.0,
            "중학교학업성취도":83.2,
            "용적률":0,
            "건폐율":0,
            "Y":36.625931,
            "X":127.476911,
            "rank":60.0,
            "area_info":"23평(78.84), 31평(105.28), 36평(121.36)",
            "last_sales":"2022-02-04,13800.0,23평(78.84)",
            "rank_history":[
                [
                    "202203",
                    60
                ],
                [
                    "202202",
                    55
                ],
                [
                    "202201",
                    57
                ]
            ],
            "rank_gap":-5
        },
        {
            "index":137,
            "아파트명":"보성",
            "투자타입":"재건축",
            "전용면적(m2)":"95.22",
            "전용면적(평)":"28평",
            "법정동주소":"충청북도 청주시 서원구 분평동 301-2",
            "도로명주소":"충청북도 청주시 서원구 청남로2005번길 70",
            "세대수":0,
            "입주년차":"--",
            "용적률점수":0,
            "건폐율점수":0,
            "세대당주차수":"--",
            "난방방식":"--",
            "공급면적":70,
            "전용률":80,
            "욕실수":"--",
            "현관타입":"--",
            "주거총점":7.5,
            "지역구공급총점":100.0,
            "역세권":"NA",
            "30분내 이동가능 거점":"NA",
            "1시간내 이동가능 거점":"NA",
            "교통총점":"NA",
            "백화점":0,
            "아울렛몰":0,
            "대형마트":100,
            "은행":20,
            "병원":60,
            "종합병원":100,
            "공원":100,
            "혐오시설":0,
            "인프라총점":46.0,
            "초등학군":90.03,
            "중학군":51.68,
            "학군총점":59.35,
            "인구수":21.47,
            "인구증감":-15.67,
            "인구총점":10.328,
            "일자리":12.38,
            "소득수준":61.51,
            "일자리총점":27.119,
            "가치 총점":35.8625,
            "매매실거래년":20220112.0,
            "매매실거래가":25000.0,
            "전세실거래년":20200120.0,
            "전세실거래가":10000.0,
            "전세가율":68.97,
            "장기전세가율평균":81.11,
            "전세가율거품지수":12.14,
            "검색코드":13988,
            "세대수":155.0,
            "준공년월":"1992-12-24",
            "준공년차":31.0,
            "가까운역이름":"NA",
            "가까운역거리":"NA",
            "역세권여부":"NA",
            "30분이내주요거점역":"NA",
            "30분거점역이름":"NA",
            "1시간이내주요거점역":"NA",
            "1시간거점역이름":"NA",
            "3km이내백화점수":0,
            "5km이내아울렛몰수":0,
            "1km이내대형먀트수":2,
            "500m이내은행수":2,
            "500m이내병원수":28,
            "5km이내대형병원수":5,
            "500m이내공원수":2,
            "3km이내혐오시설수":0,
            "초등학교학업성취도":90.03,
            "중학교학업성취도":83.2,
            "용적률":0,
            "건폐율":0,
            "Y":36.610456,
            "X":127.480749,
            "rank":61.0,
            "area_info":"28평(95.22), 41평(138.14), 50평(167.75)",
            "last_sales":"2022-01-12,25000.0,50평(167.75)",
            "rank_history":[
                [
                    "202203",
                    61
                ],
                [
                    "202202",
                    56
                ],
                [
                    "202201",
                    56
                ]
            ],
            "rank_gap":-5
        },
        {
            "index":16,
            "아파트명":"두진백로1단지",
            "투자타입":"일반",
            "전용면적(m2)":"103.41",
            "전용면적(평)":"31평",
            "법정동주소":"충청북도 청주시 서원구 개신동 443",
            "도로명주소":"충청북도 청주시 서원구 모충로 38",
            "세대수":0,
            "입주년차":0,
            "용적률점수":"--",
            "건폐율점수":"--",
            "세대당주차수":0,
            "난방방식":30,
            "공급면적":"--",
            "전용률":"--",
            "욕실수":100,
            "현관타입":100,
            "주거총점":23.0,
            "지역구공급총점":100.0,
            "역세권":"NA",
            "30분내 이동가능 거점":"NA",
            "1시간내 이동가능 거점":"NA",
            "교통총점":"NA",
            "백화점":0,
            "아울렛몰":80,
            "대형마트":0,
            "은행":0,
            "병원":30,
            "종합병원":100,
            "공원":100,
            "혐오시설":0,
            "인프라총점":34.0,
            "초등학군":89.98,
            "중학군":48.3,
            "학군총점":56.636,
            "인구수":21.47,
            "인구증감":-15.67,
            "인구총점":10.328,
            "일자리":12.38,
            "소득수준":61.51,
            "일자리총점":27.119,
            "가치 총점":35.809,
            "매매실거래년":20220105.0,
            "매매실거래가":17000.0,
            "전세실거래년":20210818.0,
            "전세실거래가":12500.0,
            "전세가율":96.15,
            "장기전세가율평균":81.11,
            "전세가율거품지수":-15.04,
            "검색코드":7270,
            "세대수":227.0,
            "준공년월":"1993-04-12",
            "준공년차":30.0,
            "가까운역이름":"NA",
            "가까운역거리":"NA",
            "역세권여부":"NA",
            "30분이내주요거점역":"NA",
            "30분거점역이름":"NA",
            "1시간이내주요거점역":"NA",
            "1시간거점역이름":"NA",
            "3km이내백화점수":0,
            "5km이내아울렛몰수":1,
            "1km이내대형먀트수":0,
            "500m이내은행수":0,
            "500m이내병원수":8,
            "5km이내대형병원수":5,
            "500m이내공원수":2,
            "3km이내혐오시설수":0,
            "초등학교학업성취도":89.98,
            "중학교학업성취도":76.3,
            "용적률":385,
            "건폐율":23,
            "Y":36.624803,
            "X":127.468421,
            "rank":62.0,
            "area_info":"31평(103.41), 32평(105.9), 32평(106.12), 32평(106.96), 33평(111.53), 45평(150.49), 45평(150.52)",
            "last_sales":"2022-01-05,17000.0,45평(150.52)",
            "rank_history":[
                [
                    "202203",
                    62
                ],
                [
                    "202202",
                    58
                ],
                [
                    "202201",
                    58
                ]
            ],
            "rank_gap":-4
        },
        {
            "index":114,
            "아파트명":"일신베네스트",
            "투자타입":"일반",
            "전용면적(m2)":"32.11",
            "전용면적(평)":"9평",
            "법정동주소":"충청북도 청주시 서원구 모충동 520-40",
            "도로명주소":"충청북도 청주시 서원구 모충로68번길 26",
            "세대수":0,
            "입주년차":40,
            "용적률점수":"--",
            "건폐율점수":"--",
            "세대당주차수":0,
            "난방방식":30,
            "공급면적":"--",
            "전용률":"--",
            "욕실수":50,
            "현관타입":10,
            "주거총점":17.0,
            "지역구공급총점":100.0,
            "역세권":"NA",
            "30분내 이동가능 거점":"NA",
            "1시간내 이동가능 거점":"NA",
            "교통총점":"NA",
            "백화점":0,
            "아울렛몰":80,
            "대형마트":0,
            "은행":0,
            "병원":60,
            "종합병원":100,
            "공원":100,
            "혐오시설":0,
            "인프라총점":37.0,
            "초등학군":89.98,
            "중학군":51.36,
            "학군총점":59.084,
            "인구수":21.47,
            "인구증감":-15.67,
            "인구총점":10.328,
            "일자리":12.38,
            "소득수준":61.51,
            "일자리총점":27.119,
            "가치 총점":35.521,
            "매매실거래년":20210818.0,
            "매매실거래가":4600.0,
            "전세실거래년":null,
            "전세실거래가":null,
            "전세가율":null,
            "장기전세가율평균":81.11,
            "전세가율거품지수":null,
            "검색코드":102759,
            "세대수":198.0,
            "준공년월":"2004-11-03",
            "준공년차":19.0,
            "가까운역이름":"NA",
            "가까운역거리":"NA",
            "역세권여부":"NA",
            "30분이내주요거점역":"NA",
            "30분거점역이름":"NA",
            "1시간이내주요거점역":"NA",
            "1시간거점역이름":"NA",
            "3km이내백화점수":0,
            "5km이내아울렛몰수":1,
            "1km이내대형먀트수":0,
            "500m이내은행수":0,
            "500m이내병원수":11,
            "5km이내대형병원수":5,
            "500m이내공원수":2,
            "3km이내혐오시설수":0,
            "초등학교학업성취도":89.98,
            "중학교학업성취도":83.2,
            "용적률":300,
            "건폐율":53,
            "Y":36.626028,
            "X":127.47038,
            "rank":63.0,
            "area_info":"9평(32.11), 12평(40.21), 15평(50.72)",
            "last_sales":"2021-08-18,4600.0,15평(50.72)",
            "rank_history":[
                [
                    "202203",
                    63
                ],
                [
                    "202202",
                    57
                ],
                [
                    "202201",
                    64
                ]
            ],
            "rank_gap":-6
        },
        {
            "index":1,
            "아파트명":"개신두진백로2차",
            "투자타입":"일반",
            "전용면적(m2)":"91.71",
            "전용면적(평)":"27평",
            "법정동주소":"충청북도 청주시 서원구 개신동 445",
            "도로명주소":"충청북도 청주시 서원구 모충로 38",
            "세대수":0,
            "입주년차":0,
            "용적률점수":"--",
            "건폐율점수":"--",
            "세대당주차수":30,
            "난방방식":30,
            "공급면적":"--",
            "전용률":"--",
            "욕실수":50,
            "현관타입":100,
            "주거총점":22.5,
            "지역구공급총점":100.0,
            "역세권":"NA",
            "30분내 이동가능 거점":"NA",
            "1시간내 이동가능 거점":"NA",
            "교통총점":"NA",
            "백화점":0,
            "아울렛몰":80,
            "대형마트":0,
            "은행":0,
            "병원":30,
            "종합병원":100,
            "공원":80,
            "혐오시설":0,
            "인프라총점":33.4,
            "초등학군":90.06,
            "중학군":48.3,
            "학군총점":56.652,
            "인구수":21.47,
            "인구증감":-15.67,
            "인구총점":10.328,
            "일자리":12.38,
            "소득수준":61.51,
            "일자리총점":27.119,
            "가치 총점":35.398,
            "매매실거래년":20220213.0,
            "매매실거래가":9700.0,
            "전세실거래년":20210914.0,
            "전세실거래가":8500.0,
            "전세가율":87.63,
            "장기전세가율평균":81.11,
            "전세가율거품지수":-6.52,
            "검색코드":7274,
            "세대수":110.0,
            "준공년월":"1993-12-03",
            "준공년차":30.0,
            "가까운역이름":"NA",
            "가까운역거리":"NA",
            "역세권여부":"NA",
            "30분이내주요거점역":"NA",
            "30분거점역이름":"NA",
            "1시간이내주요거점역":"NA",
            "1시간거점역이름":"NA",
            "3km이내백화점수":0,
            "5km이내아울렛몰수":1,
            "1km이내대형먀트수":0,
            "500m이내은행수":0,
            "500m이내병원수":8,
            "5km이내대형병원수":5,
            "500m이내공원수":1,
            "3km이내혐오시설수":0,
            "초등학교학업성취도":90.06,
            "중학교학업성취도":76.3,
            "용적률":0,
            "건폐율":0,
            "Y":36.624355,
            "X":127.468983,
            "rank":64.0,
            "area_info":"27평(91.71), 32평(106.99), 35평(118.7)",
            "last_sales":"2022-02-13,9700.0,27평(91.71)",
            "rank_history":[
                [
                    "202203",
                    64
                ],
                [
                    "202202",
                    60
                ],
                [
                    "202201",
                    60
                ]
            ],
            "rank_gap":-4
        },
        {
            "index":197,
            "아파트명":"벨라맨션",
            "투자타입":"재건축",
            "전용면적(m2)":"99.86",
            "전용면적(평)":"30평",
            "법정동주소":"충청북도 청주시 서원구 사직동 6-122",
            "도로명주소":"충청북도 청주시 서원구 사운로 36",
            "세대수":0,
            "입주년차":"--",
            "용적률점수":0,
            "건폐율점수":0,
            "세대당주차수":"--",
            "난방방식":"--",
            "공급면적":90,
            "전용률":60,
            "욕실수":"--",
            "현관타입":"--",
            "주거총점":7.5,
            "지역구공급총점":100.0,
            "역세권":"NA",
            "30분내 이동가능 거점":"NA",
            "1시간내 이동가능 거점":"NA",
            "교통총점":"NA",
            "백화점":0,
            "아울렛몰":0,
            "대형마트":100,
            "은행":0,
            "병원":60,
            "종합병원":100,
            "공원":100,
            "혐오시설":0,
            "인프라총점":44.0,
            "초등학군":90.02,
            "중학군":51.82,
            "학군총점":59.46,
            "인구수":21.47,
            "인구증감":-15.67,
            "인구총점":10.328,
            "일자리":12.38,
            "소득수준":61.51,
            "일자리총점":27.119,
            "가치 총점":35.09,
            "매매실거래년":20201020.0,
            "매매실거래가":13000.0,
            "전세실거래년":null,
            "전세실거래가":null,
            "전세가율":null,
            "장기전세가율평균":81.11,
            "전세가율거품지수":null,
            "검색코드":120587,
            "세대수":54.0,
            "준공년월":"1982-09-04",
            "준공년차":41.0,
            "가까운역이름":"NA",
            "가까운역거리":"NA",
            "역세권여부":"NA",
            "30분이내주요거점역":"NA",
            "30분거점역이름":"NA",
            "1시간이내주요거점역":"NA",
            "1시간거점역이름":"NA",
            "3km이내백화점수":0,
            "5km이내아울렛몰수":0,
            "1km이내대형먀트수":2,
            "500m이내은행수":0,
            "500m이내병원수":15,
            "5km이내대형병원수":6,
            "500m이내공원수":5,
            "3km이내혐오시설수":0,
            "초등학교학업성취도":90.02,
            "중학교학업성취도":83.5,
            "용적률":0,
            "건폐율":0,
            "Y":36.632346,
            "X":127.479937,
            "rank":65.0,
            "area_info":"30평(99.86), 30평(101.55), 32평(108.41), 33평(109.26), 33평(109.25), 33평(109.32), 33평(109.27), 33평(109.32), 34평(115.15), 46평(154.38)",
            "last_sales":"2020-10-20,13000.0,46평(154.38)",
            "rank_history":[
                [
                    "202203",
                    65
                ],
                [
                    "202202",
                    9999
                ]
            ],
            "rank_gap":9999
        },
        {
            "index":196,
            "아파트명":"미호",
            "투자타입":"재건축",
            "전용면적(m2)":"81.53",
            "전용면적(평)":"24평",
            "법정동주소":"충청북도 청주시 서원구 사직동 265-7",
            "도로명주소":"충청북도 청주시 서원구 사운로99번길 23",
            "세대수":0,
            "입주년차":"--",
            "용적률점수":0,
            "건폐율점수":0,
            "세대당주차수":"--",
            "난방방식":"--",
            "공급면적":70,
            "전용률":80,
            "욕실수":"--",
            "현관타입":"--",
            "주거총점":7.5,
            "지역구공급총점":100.0,
            "역세권":"NA",
            "30분내 이동가능 거점":"NA",
            "1시간내 이동가능 거점":"NA",
            "교통총점":"NA",
            "백화점":0,
            "아울렛몰":0,
            "대형마트":100,
            "은행":0,
            "병원":60,
            "종합병원":100,
            "공원":100,
            "혐오시설":0,
            "인프라총점":44.0,
            "초등학군":89.98,
            "중학군":51.82,
            "학군총점":59.452,
            "인구수":21.47,
            "인구증감":-15.67,
            "인구총점":10.328,
            "일자리":12.38,
            "소득수준":61.51,
            "일자리총점":27.119,
            "가치 총점":35.088,
            "매매실거래년":20211117.0,
            "매매실거래가":9200.0,
            "전세실거래년":20211014.0,
            "전세실거래가":8000.0,
            "전세가율":86.96,
            "장기전세가율평균":81.11,
            "전세가율거품지수":-5.85,
            "검색코드":105216,
            "세대수":110.0,
            "준공년월":"1979-10-01",
            "준공년차":44.0,
            "가까운역이름":"NA",
            "가까운역거리":"NA",
            "역세권여부":"NA",
            "30분이내주요거점역":"NA",
            "30분거점역이름":"NA",
            "1시간이내주요거점역":"NA",
            "1시간거점역이름":"NA",
            "3km이내백화점수":0,
            "5km이내아울렛몰수":0,
            "1km이내대형먀트수":2,
            "500m이내은행수":0,
            "500m이내병원수":18,
            "5km이내대형병원수":6,
            "500m이내공원수":6,
            "3km이내혐오시설수":0,
            "초등학교학업성취도":89.98,
            "중학교학업성취도":83.5,
            "용적률":0,
            "건폐율":0,
            "Y":36.63765,
            "X":127.477681,
            "rank":66.0,
            "area_info":"24평(81.53)",
            "last_sales":"2021-11-17,9200.0,24평(81.53)",
            "rank_history":[
                [
                    "202203",
                    66
                ],
                [
                    "202202",
                    59
                ],
                [
                    "202201",
                    66
                ]
            ],
            "rank_gap":-7
        },
        {
            "index":380,
            "아파트명":"주공",
            "투자타입":"재건축",
            "전용면적(m2)":"49.56",
            "전용면적(평)":"14평",
            "법정동주소":"충청북도 청주시 서원구 수곡동 324",
            "도로명주소":"충청북도 청주시 서원구 구룡산로 319",
            "세대수":90,
            "입주년차":"--",
            "용적률점수":0,
            "건폐율점수":0,
            "세대당주차수":"--",
            "난방방식":"--",
            "공급면적":50,
            "전용률":80,
            "욕실수":"--",
            "현관타입":"--",
            "주거총점":33.5,
            "지역구공급총점":100.0,
            "역세권":"NA",
            "30분내 이동가능 거점":"NA",
            "1시간내 이동가능 거점":"NA",
            "교통총점":"NA",
            "백화점":0,
            "아울렛몰":0,
            "대형마트":0,
            "은행":0,
            "병원":10,
            "종합병원":100,
            "공원":80,
            "혐오시설":0,
            "인프라총점":23.4,
            "초등학군":90.02,
            "중학군":46.96,
            "학군총점":55.572,
            "인구수":21.47,
            "인구증감":-15.67,
            "인구총점":10.328,
            "일자리":12.38,
            "소득수준":61.51,
            "일자리총점":27.119,
            "가치 총점":34.978,
            "매매실거래년":20220122.0,
            "매매실거래가":15000.0,
            "전세실거래년":20220125.0,
            "전세실거래가":6000.0,
            "전세가율":45.28,
            "장기전세가율평균":81.11,
            "전세가율거품지수":35.83,
            "검색코드":7407,
            "세대수":1240.0,
            "준공년월":"1990-12-09",
            "준공년차":33.0,
            "가까운역이름":"NA",
            "가까운역거리":"NA",
            "역세권여부":"NA",
            "30분이내주요거점역":"NA",
            "30분거점역이름":"NA",
            "1시간이내주요거점역":"NA",
            "1시간거점역이름":"NA",
            "3km이내백화점수":0,
            "5km이내아울렛몰수":0,
            "1km이내대형먀트수":0,
            "500m이내은행수":1,
            "500m이내병원수":3,
            "5km이내대형병원수":5,
            "500m이내공원수":1,
            "3km이내혐오시설수":0,
            "초등학교학업성취도":90.02,
            "중학교학업성취도":76.8,
            "용적률":0,
            "건폐율":0,
            "Y":36.61938,
            "X":127.4797,
            "rank":67.0,
            "area_info":"14평(49.56), 14평(49.13), 17평(57.62), 17평(57.26)",
            "last_sales":"2022-01-22,15000.0,14평(49.13)",
            "rank_history":[
                [
                    "202203",
                    67
                ],
                [
                    "202202",
                    61
                ],
                [
                    "202201",
                    62
                ]
            ],
            "rank_gap":-6
        },
        {
            "index":135,
            "아파트명":"럭키",
            "투자타입":"재건축",
            "전용면적(m2)":"93.95",
            "전용면적(평)":"28평",
            "법정동주소":"충청북도 청주시 서원구 분평동 252-42",
            "도로명주소":"충청북도 청주시 서원구 안뜸로39번길 5-1",
            "세대수":0,
            "입주년차":"--",
            "용적률점수":0,
            "건폐율점수":0,
            "세대당주차수":"--",
            "난방방식":"--",
            "공급면적":70,
            "전용률":80,
            "욕실수":"--",
            "현관타입":"--",
            "주거총점":7.5,
            "지역구공급총점":100.0,
            "역세권":"NA",
            "30분내 이동가능 거점":"NA",
            "1시간내 이동가능 거점":"NA",
            "교통총점":"NA",
            "백화점":0,
            "아울렛몰":0,
            "대형마트":100,
            "은행":20,
            "병원":60,
            "종합병원":100,
            "공원":100,
            "혐오시설":0,
            "인프라총점":46.0,
            "초등학군":90.03,
            "중학군":46.96,
            "학군총점":55.574,
            "인구수":21.47,
            "인구증감":-15.67,
            "인구총점":10.328,
            "일자리":12.38,
            "소득수준":61.51,
            "일자리총점":27.119,
            "가치 총점":34.9185,
            "매매실거래년":20220105.0,
            "매매실거래가":13300.0,
            "전세실거래년":20210606.0,
            "전세실거래가":9000.0,
            "전세가율":86.54,
            "장기전세가율평균":81.11,
            "전세가율거품지수":-5.43,
            "검색코드":11630,
            "세대수":156.0,
            "준공년월":"1992-11-19",
            "준공년차":31.0,
            "가까운역이름":"NA",
            "가까운역거리":"NA",
            "역세권여부":"NA",
            "30분이내주요거점역":"NA",
            "30분거점역이름":"NA",
            "1시간이내주요거점역":"NA",
            "1시간거점역이름":"NA",
            "3km이내백화점수":0,
            "5km이내아울렛몰수":0,
            "1km이내대형먀트수":2,
            "500m이내은행수":2,
            "500m이내병원수":29,
            "5km이내대형병원수":5,
            "500m이내공원수":2,
            "3km이내혐오시설수":0,
            "초등학교학업성취도":90.03,
            "중학교학업성취도":76.8,
            "용적률":0,
            "건폐율":0,
            "Y":36.6125,
            "X":127.48095,
            "rank":68.0,
            "area_info":"28평(93.95), 30평(101.66)",
            "last_sales":"2022-01-05,13300.0,30평(101.66)",
            "rank_history":[
                [
                    "202203",
                    68
                ],
                [
                    "202202",
                    62
                ],
                [
                    "202201",
                    61
                ]
            ],
            "rank_gap":-6
        },
        {
            "index":258,
            "아파트명":"주성",
            "투자타입":"재건축",
            "전용면적(m2)":"60.69",
            "전용면적(평)":"18평",
            "법정동주소":"충청북도 청주시 서원구 사창동 285-12",
            "도로명주소":"충청북도 청주시 서원구 1순환로 689",
            "세대수":0,
            "입주년차":"--",
            "용적률점수":0,
            "건폐율점수":0,
            "세대당주차수":"--",
            "난방방식":"--",
            "공급면적":50,
            "전용률":100,
            "욕실수":"--",
            "현관타입":"--",
            "주거총점":7.5,
            "지역구공급총점":100.0,
            "역세권":"NA",
            "30분내 이동가능 거점":"NA",
            "1시간내 이동가능 거점":"NA",
            "교통총점":"NA",
            "백화점":0,
            "아울렛몰":80,
            "대형마트":0,
            "은행":70,
            "병원":80,
            "종합병원":100,
            "공원":100,
            "혐오시설":0,
            "인프라총점":46.0,
            "초등학군":89.98,
            "중학군":46.3,
            "학군총점":55.036,
            "인구수":21.47,
            "인구증감":-15.67,
            "인구총점":10.328,
            "일자리":12.38,
            "소득수준":61.51,
            "일자리총점":27.119,
            "가치 총점":34.784,
            "매매실거래년":20210429.0,
            "매매실거래가":12000.0,
            "전세실거래년":null,
            "전세실거래가":null,
            "전세가율":null,
            "장기전세가율평균":81.11,
            "전세가율거품지수":null,
            "검색코드":106607,
            "세대수":199.0,
            "준공년월":"1981-06-01",
            "준공년차":42.0,
            "가까운역이름":"NA",
            "가까운역거리":"NA",
            "역세권여부":"NA",
            "30분이내주요거점역":"NA",
            "30분거점역이름":"NA",
            "1시간이내주요거점역":"NA",
            "1시간거점역이름":"NA",
            "3km이내백화점수":0,
            "5km이내아울렛몰수":1,
            "1km이내대형먀트수":0,
            "500m이내은행수":4,
            "500m이내병원수":37,
            "5km이내대형병원수":5,
            "500m이내공원수":2,
            "3km이내혐오시설수":0,
            "초등학교학업성취도":89.98,
            "중학교학업성취도":73.5,
            "용적률":0,
            "건폐율":0,
            "Y":36.632324,
            "X":127.461448,
            "rank":69.0,
            "area_info":"18평(60.69), 20평(67.05), 20평(67.57), 20평(69.02), 24평(80.1), 26평(87.65), 52평(173.34)",
            "last_sales":"2021-04-29,12000.0,26평(87.65)",
            "rank_history":[
                [
                    "202203",
                    69
                ],
                [
                    "202202",
                    63
                ],
                [
                    "202201",
                    65
                ]
            ],
            "rank_gap":-6
        },
        {
            "index":350,
            "아파트명":"산남주공3차",
            "투자타입":"재건축",
            "전용면적(m2)":"57.15",
            "전용면적(평)":"17평",
            "법정동주소":"충청북도 청주시 서원구 수곡동 337",
            "도로명주소":"충청북도 청주시 서원구 매봉로 82",
            "세대수":50,
            "입주년차":"--",
            "용적률점수":0,
            "건폐율점수":0,
            "세대당주차수":"--",
            "난방방식":"--",
            "공급면적":50,
            "전용률":60,
            "욕실수":"--",
            "현관타입":"--",
            "주거총점":20.5,
            "지역구공급총점":100.0,
            "역세권":"NA",
            "30분내 이동가능 거점":"NA",
            "1시간내 이동가능 거점":"NA",
            "교통총점":"NA",
            "백화점":0,
            "아울렛몰":0,
            "대형마트":80,
            "은행":0,
            "병원":10,
            "종합병원":100,
            "공원":0,
            "혐오시설":0,
            "인프라총점":33.0,
            "초등학군":90.02,
            "중학군":48.46,
            "학군총점":56.772,
            "인구수":21.47,
            "인구증감":-15.67,
            "인구총점":10.328,
            "일자리":12.38,
            "소득수준":61.51,
            "일자리총점":27.119,
            "가치 총점":34.568,
            "매매실거래년":20220123.0,
            "매매실거래가":8000.0,
            "전세실거래년":20220116.0,
            "전세실거래가":4500.0,
            "전세가율":56.25,
            "장기전세가율평균":81.11,
            "전세가율거품지수":24.86,
            "검색코드":7410,
            "세대수":510.0,
            "준공년월":"1991-11-28",
            "준공년차":32.0,
            "가까운역이름":"NA",
            "가까운역거리":"NA",
            "역세권여부":"NA",
            "30분이내주요거점역":"NA",
            "30분거점역이름":"NA",
            "1시간이내주요거점역":"NA",
            "1시간거점역이름":"NA",
            "3km이내백화점수":0,
            "5km이내아울렛몰수":0,
            "1km이내대형먀트수":1,
            "500m이내은행수":1,
            "500m이내병원수":4,
            "5km이내대형병원수":5,
            "500m이내공원수":0,
            "3km이내혐오시설수":0,
            "초등학교학업성취도":90.02,
            "중학교학업성취도":78.1,
            "용적률":0,
            "건폐율":0,
            "Y":36.617876,
            "X":127.479223,
            "rank":70.0,
            "area_info":"17평(57.15), 18평(62.26), 20평(69.1), 21평(72.12)",
            "last_sales":"2022-01-23,8000.0,17평(57.15)",
            "rank_history":[
                [
                    "202203",
                    70
                ],
                [
                    "202202",
                    64
                ],
                [
                    "202201",
                    59
                ]
            ],
            "rank_gap":-6
        },
        {
            "index":71,
            "아파트명":"현대",
            "투자타입":"재건축",
            "전용면적(m2)":"87.87",
            "전용면적(평)":"26평",
            "법정동주소":"충청북도 청주시 서원구 개신동 278-10",
            "도로명주소":"충청북도 청주시 서원구 성봉로220번길 23",
            "세대수":50,
            "입주년차":"--",
            "용적률점수":0,
            "건폐율점수":0,
            "세대당주차수":"--",
            "난방방식":"--",
            "공급면적":70,
            "전용률":80,
            "욕실수":"--",
            "현관타입":"--",
            "주거총점":22.5,
            "지역구공급총점":100.0,
            "역세권":"NA",
            "30분내 이동가능 거점":"NA",
            "1시간내 이동가능 거점":"NA",
            "교통총점":"NA",
            "백화점":0,
            "아울렛몰":80,
            "대형마트":0,
            "은행":0,
            "병원":10,
            "종합병원":100,
            "공원":100,
            "혐오시설":0,
            "인프라총점":32.0,
            "초등학군":89.99,
            "중학군":46.3,
            "학군총점":55.038,
            "인구수":21.47,
            "인구증감":-15.67,
            "인구총점":10.328,
            "일자리":12.38,
            "소득수준":61.51,
            "일자리총점":27.119,
            "가치 총점":34.4345,
            "매매실거래년":20220109.0,
            "매매실거래가":24000.0,
            "전세실거래년":20220128.0,
            "전세실거래가":12000.0,
            "전세가율":70.59,
            "장기전세가율평균":81.11,
            "전세가율거품지수":10.52,
            "검색코드":7288,
            "세대수":511.0,
            "준공년월":"1990-12-11",
            "준공년차":33.0,
            "가까운역이름":"NA",
            "가까운역거리":"NA",
            "역세권여부":"NA",
            "30분이내주요거점역":"NA",
            "30분거점역이름":"NA",
            "1시간이내주요거점역":"NA",
            "1시간거점역이름":"NA",
            "3km이내백화점수":0,
            "5km이내아울렛몰수":1,
            "1km이내대형먀트수":0,
            "500m이내은행수":0,
            "500m이내병원수":3,
            "5km이내대형병원수":5,
            "500m이내공원수":2,
            "3km이내혐오시설수":0,
            "초등학교학업성취도":89.99,
            "중학교학업성취도":73.5,
            "용적률":0,
            "건폐율":0,
            "Y":36.624916,
            "X":127.45156,
            "rank":71.0,
            "area_info":"26평(87.87), 31평(104.87), 31평(104.01), 46평(154.74)",
            "last_sales":"2022-01-09,24000.0,46평(154.74)",
            "rank_history":[
                [
                    "202203",
                    71
                ],
                [
                    "202202",
                    65
                ],
                [
                    "202201",
                    63
                ]
            ],
            "rank_gap":-6
        },
        {
            "index":248,
            "아파트명":"신라",
            "투자타입":"재건축",
            "전용면적(m2)":"67.68",
            "전용면적(평)":"20평",
            "법정동주소":"충청북도 청주시 서원구 사창동 270-1",
            "도로명주소":"충청북도 청주시 서원구 1순환로673번길 20",
            "세대수":0,
            "입주년차":"--",
            "용적률점수":0,
            "건폐율점수":0,
            "세대당주차수":"--",
            "난방방식":"--",
            "공급면적":50,
            "전용률":100,
            "욕실수":"--",
            "현관타입":"--",
            "주거총점":7.5,
            "지역구공급총점":100.0,
            "역세권":"NA",
            "30분내 이동가능 거점":"NA",
            "1시간내 이동가능 거점":"NA",
            "교통총점":"NA",
            "백화점":0,
            "아울렛몰":80,
            "대형마트":0,
            "은행":70,
            "병원":80,
            "종합병원":100,
            "공원":100,
            "혐오시설":0,
            "인프라총점":46.0,
            "초등학군":89.98,
            "중학군":42.56,
            "학군총점":52.044,
            "인구수":21.47,
            "인구증감":-15.67,
            "인구총점":10.328,
            "일자리":12.38,
            "소득수준":61.51,
            "일자리총점":27.119,
            "가치 총점":34.036,
            "매매실거래년":"18000101",
            "매매실거래가":null,
            "전세실거래년":null,
            "전세실거래가":null,
            "전세가율":null,
            "장기전세가율평균":81.11,
            "전세가율거품지수":null,
            "검색코드":7377,
            "세대수":70.0,
            "준공년월":"1986-02-07",
            "준공년차":37.0,
            "가까운역이름":"NA",
            "가까운역거리":"NA",
            "역세권여부":"NA",
            "30분이내주요거점역":"NA",
            "30분거점역이름":"NA",
            "1시간이내주요거점역":"NA",
            "1시간거점역이름":"NA",
            "3km이내백화점수":0,
            "5km이내아울렛몰수":1,
            "1km이내대형먀트수":0,
            "500m이내은행수":4,
            "500m이내병원수":38,
            "5km이내대형병원수":6,
            "500m이내공원수":4,
            "3km이내혐오시설수":0,
            "초등학교학업성취도":89.98,
            "중학교학업성취도":70.6,
            "용적률":0,
            "건폐율":0,
            "Y":36.633581,
            "X":127.462457,
            "rank":72.0,
            "area_info":"20평(67.68), 22평(72.9), 23평(78.3), 25평(85.23), 25평(85.91), 27평(91.62), 33평(110.09), 33평(111.05), 37평(124.61), 51평(171.04)",
            "last_sales":"1800-01-01,nan,20평(67.68)",
            "rank_history":[
                [
                    "202203",
                    72
                ],
                [
                    "202202",
                    9999
                ]
            ],
            "rank_gap":9999
        },
        {
            "index":14,
            "아파트명":"두산한솔2차",
            "투자타입":"일반",
            "전용면적(m2)":"81.01",
            "전용면적(평)":"24평",
            "법정동주소":"충청북도 청주시 서원구 개신동 444-2",
            "도로명주소":"충청북도 청주시 서원구 모충로26번길 60",
            "세대수":0,
            "입주년차":0,
            "용적률점수":"--",
            "건폐율점수":"--",
            "세대당주차수":0,
            "난방방식":30,
            "공급면적":"--",
            "전용률":"--",
            "욕실수":50,
            "현관타입":100,
            "주거총점":18.0,
            "지역구공급총점":100.0,
            "역세권":"NA",
            "30분내 이동가능 거점":"NA",
            "1시간내 이동가능 거점":"NA",
            "교통총점":"NA",
            "백화점":0,
            "아울렛몰":80,
            "대형마트":0,
            "은행":0,
            "병원":30,
            "종합병원":100,
            "공원":80,
            "혐오시설":0,
            "인프라총점":33.4,
            "초등학군":90.06,
            "중학군":48.3,
            "학군총점":56.652,
            "인구수":21.47,
            "인구증감":-15.67,
            "인구총점":10.328,
            "일자리":12.38,
            "소득수준":61.51,
            "일자리총점":27.119,
            "가치 총점":33.823,
            "매매실거래년":20220217.0,
            "매매실거래가":10200.0,
            "전세실거래년":20211126.0,
            "전세실거래가":10500.0,
            "전세가율":102.94,
            "장기전세가율평균":81.11,
            "전세가율거품지수":-21.83,
            "검색코드":7267,
            "세대수":180.0,
            "준공년월":"1993-11-12",
            "준공년차":30.0,
            "가까운역이름":"NA",
            "가까운역거리":"NA",
            "역세권여부":"NA",
            "30분이내주요거점역":"NA",
            "30분거점역이름":"NA",
            "1시간이내주요거점역":"NA",
            "1시간거점역이름":"NA",
            "3km이내백화점수":0,
            "5km이내아울렛몰수":1,
            "1km이내대형먀트수":0,
            "500m이내은행수":0,
            "500m이내병원수":8,
            "5km이내대형병원수":5,
            "500m이내공원수":1,
            "3km이내혐오시설수":0,
            "초등학교학업성취도":90.06,
            "중학교학업성취도":76.3,
            "용적률":0,
            "건폐율":0,
            "Y":36.623614,
            "X":127.468485,
            "rank":73.0,
            "area_info":"24평(81.01), 31평(104.08)",
            "last_sales":"2022-02-17,10200.0,24평(81.01)",
            "rank_history":[
                [
                    "202203",
                    73
                ],
                [
                    "202202",
                    67
                ],
                [
                    "202201",
                    67
                ]
            ],
            "rank_gap":-6
        },
        {
            "index":210,
            "아파트명":"평화",
            "투자타입":"재건축",
            "전용면적(m2)":"88.54",
            "전용면적(평)":"26평",
            "법정동주소":"충청북도 청주시 서원구 사직동 238-45",
            "도로명주소":"충청북도 청주시 서원구 직지대로772번길 14",
            "세대수":0,
            "입주년차":"--",
            "용적률점수":0,
            "건폐율점수":0,
            "세대당주차수":"--",
            "난방방식":"--",
            "공급면적":70,
            "전용률":80,
            "욕실수":"--",
            "현관타입":"--",
            "주거총점":7.5,
            "지역구공급총점":100.0,
            "역세권":"NA",
            "30분내 이동가능 거점":"NA",
            "1시간내 이동가능 거점":"NA",
            "교통총점":"NA",
            "백화점":0,
            "아울렛몰":80,
            "대형마트":80,
            "은행":0,
            "병원":30,
            "종합병원":100,
            "공원":100,
            "혐오시설":0,
            "인프라총점":46.0,
            "초등학군":90.03,
            "중학군":41.08,
            "학군총점":50.87,
            "인구수":21.47,
            "인구증감":-15.67,
            "인구총점":10.328,
            "일자리":12.38,
            "소득수준":61.51,
            "일자리총점":27.119,
            "가치 총점":33.7425,
            "매매실거래년":20211103.0,
            "매매실거래가":13000.0,
            "전세실거래년":20210825.0,
            "전세실거래가":9000.0,
            "전세가율":69.23,
            "장기전세가율평균":81.11,
            "전세가율거품지수":11.88,
            "검색코드":15466,
            "세대수":130.0,
            "준공년월":"1985-11-15",
            "준공년차":38.0,
            "가까운역이름":"NA",
            "가까운역거리":"NA",
            "역세권여부":"NA",
            "30분이내주요거점역":"NA",
            "30분거점역이름":"NA",
            "1시간이내주요거점역":"NA",
            "1시간거점역이름":"NA",
            "3km이내백화점수":0,
            "5km이내아울렛몰수":1,
            "1km이내대형먀트수":1,
            "500m이내은행수":0,
            "500m이내병원수":5,
            "5km이내대형병원수":6,
            "500m이내공원수":5,
            "3km이내혐오시설수":0,
            "초등학교학업성취도":90.03,
            "중학교학업성취도":68.0,
            "용적률":0,
            "건폐율":0,
            "Y":36.643949,
            "X":127.477426,
            "rank":74.0,
            "area_info":"26평(88.54), 28평(94.82)",
            "last_sales":"2021-11-03,13000.0,26평(88.54)",
            "rank_history":[
                [
                    "202203",
                    74
                ],
                [
                    "202202",
                    66
                ],
                [
                    "202201",
                    81
                ]
            ],
            "rank_gap":-8
        },
        {
            "index":70,
            "아파트명":"한진신세대",
            "투자타입":"일반",
            "전용면적(m2)":"42.79",
            "전용면적(평)":"12평",
            "법정동주소":"충청북도 청주시 서원구 개신동 41-5",
            "도로명주소":"충청북도 청주시 서원구 모충로3번길 81",
            "세대수":30,
            "입주년차":0,
            "용적률점수":"--",
            "건폐율점수":"--",
            "세대당주차수":0,
            "난방방식":30,
            "공급면적":"--",
            "전용률":"--",
            "욕실수":50,
            "현관타입":10,
            "주거총점":19.5,
            "지역구공급총점":100.0,
            "역세권":"NA",
            "30분내 이동가능 거점":"NA",
            "1시간내 이동가능 거점":"NA",
            "교통총점":"NA",
            "백화점":0,
            "아울렛몰":80,
            "대형마트":0,
            "은행":0,
            "병원":30,
            "종합병원":100,
            "공원":0,
            "혐오시설":0,
            "인프라총점":31.0,
            "초등학군":89.98,
            "중학군":48.3,
            "학군총점":56.636,
            "인구수":21.47,
            "인구증감":-15.67,
            "인구총점":10.328,
            "일자리":12.38,
            "소득수준":61.51,
            "일자리총점":27.119,
            "가치 총점":33.384,
            "매매실거래년":20220223.0,
            "매매실거래가":4800.0,
            "전세실거래년":20220211.0,
            "전세실거래가":4000.0,
            "전세가율":83.33,
            "장기전세가율평균":81.11,
            "전세가율거품지수":-2.22,
            "검색코드":15432,
            "세대수":336.0,
            "준공년월":"1996-02-14",
            "준공년차":27.0,
            "가까운역이름":"NA",
            "가까운역거리":"NA",
            "역세권여부":"NA",
            "30분이내주요거점역":"NA",
            "30분거점역이름":"NA",
            "1시간이내주요거점역":"NA",
            "1시간거점역이름":"NA",
            "3km이내백화점수":0,
            "5km이내아울렛몰수":1,
            "1km이내대형먀트수":0,
            "500m이내은행수":0,
            "500m이내병원수":6,
            "5km이내대형병원수":5,
            "500m이내공원수":0,
            "3km이내혐오시설수":0,
            "초등학교학업성취도":89.98,
            "중학교학업성취도":76.3,
            "용적률":393,
            "건폐율":48,
            "Y":36.628185,
            "X":127.462953,
            "rank":75.0,
            "area_info":"12평(42.79)",
            "last_sales":"2022-02-23,4800.0,12평(42.79)",
            "rank_history":[
                [
                    "202203",
                    75
                ],
                [
                    "202202",
                    71
                ],
                [
                    "202201",
                    70
                ]
            ],
            "rank_gap":-4
        },
        {
            "index":272,
            "아파트명":"현대(227-2)",
            "투자타입":"재건축",
            "전용면적(m2)":"89.48",
            "전용면적(평)":"27평",
            "법정동주소":"충청북도 청주시 서원구 사창동 227-2",
            "도로명주소":"충청북도 청주시 서원구 사직대로157번길 18",
            "세대수":0,
            "입주년차":"--",
            "용적률점수":0,
            "건폐율점수":0,
            "세대당주차수":"--",
            "난방방식":"--",
            "공급면적":70,
            "전용률":80,
            "욕실수":"--",
            "현관타입":"--",
            "주거총점":7.5,
            "지역구공급총점":100.0,
            "역세권":"NA",
            "30분내 이동가능 거점":"NA",
            "1시간내 이동가능 거점":"NA",
            "교통총점":"NA",
            "백화점":0,
            "아울렛몰":80,
            "대형마트":0,
            "은행":70,
            "병원":60,
            "종합병원":100,
            "공원":100,
            "혐오시설":0,
            "인프라총점":44.0,
            "초등학군":89.98,
            "중학군":42.56,
            "학군총점":52.044,
            "인구수":21.47,
            "인구증감":-15.67,
            "인구총점":10.328,
            "일자리":12.38,
            "소득수준":61.51,
            "일자리총점":27.119,
            "가치 총점":33.236,
            "매매실거래년":20220203.0,
            "매매실거래가":16650.0,
            "전세실거래년":20200423.0,
            "전세실거래가":2000.0,
            "전세가율":14.29,
            "장기전세가율평균":81.11,
            "전세가율거품지수":66.82,
            "검색코드":7390,
            "세대수":229.0,
            "준공년월":"1988-12-06",
            "준공년차":35.0,
            "가까운역이름":"NA",
            "가까운역거리":"NA",
            "역세권여부":"NA",
            "30분이내주요거점역":"NA",
            "30분거점역이름":"NA",
            "1시간이내주요거점역":"NA",
            "1시간거점역이름":"NA",
            "3km이내백화점수":0,
            "5km이내아울렛몰수":1,
            "1km이내대형먀트수":0,
            "500m이내은행수":3,
            "500m이내병원수":29,
            "5km이내대형병원수":6,
            "500m이내공원수":6,
            "3km이내혐오시설수":0,
            "초등학교학업성취도":89.98,
            "중학교학업성취도":70.6,
            "용적률":0,
            "건폐율":0,
            "Y":36.636295,
            "X":127.464708,
            "rank":76.0,
            "area_info":"27평(89.48), 32평(106.42), 47평(157.08)",
            "last_sales":"2022-02-03,16650.0,32평(106.42)",
            "rank_history":[
                [
                    "202203",
                    76
                ],
                [
                    "202202",
                    68
                ],
                [
                    "202201",
                    68
                ]
            ],
            "rank_gap":-8
        },
        {
            "index":190,
            "아파트명":"덕희아파트",
            "투자타입":"일반",
            "전용면적(m2)":"31.84",
            "전용면적(평)":"9평",
            "법정동주소":"충청북도 청주시 서원구 사직동 358-5",
            "도로명주소":"충청북도 청주시 서원구 남사로 14",
            "세대수":0,
            "입주년차":0,
            "용적률점수":"--",
            "건폐율점수":"--",
            "세대당주차수":0,
            "난방방식":30,
            "공급면적":"--",
            "전용률":"--",
            "욕실수":50,
            "현관타입":10,
            "주거총점":9.0,
            "지역구공급총점":100.0,
            "역세권":"NA",
            "30분내 이동가능 거점":"NA",
            "1시간내 이동가능 거점":"NA",
            "교통총점":"NA",
            "백화점":0,
            "아울렛몰":0,
            "대형마트":80,
            "은행":0,
            "병원":30,
            "종합병원":100,
            "공원":100,
            "혐오시설":0,
            "인프라총점":38.0,
            "초등학군":90.02,
            "중학군":51.82,
            "학군총점":59.46,
            "인구수":21.47,
            "인구증감":-15.67,
            "인구총점":10.328,
            "일자리":12.38,
            "소득수준":61.51,
            "일자리총점":27.119,
            "가치 총점":33.215,
            "매매실거래년":20220216.0,
            "매매실거래가":2350.0,
            "전세실거래년":20220212.0,
            "전세실거래가":3000.0,
            "전세가율":127.66,
            "장기전세가율평균":81.11,
            "전세가율거품지수":-46.55,
            "검색코드":112872,
            "세대수":203.0,
            "준공년월":"1994-02-18",
            "준공년차":29.0,
            "가까운역이름":"NA",
            "가까운역거리":"NA",
            "역세권여부":"NA",
            "30분이내주요거점역":"NA",
            "30분거점역이름":"NA",
            "1시간이내주요거점역":"NA",
            "1시간거점역이름":"NA",
            "3km이내백화점수":0,
            "5km이내아울렛몰수":0,
            "1km이내대형먀트수":1,
            "500m이내은행수":0,
            "500m이내병원수":5,
            "5km이내대형병원수":6,
            "500m이내공원수":3,
            "3km이내혐오시설수":0,
            "초등학교학업성취도":90.02,
            "중학교학업성취도":83.5,
            "용적률":257,
            "건폐율":23,
            "Y":36.629803,
            "X":127.478126,
            "rank":77.0,
            "area_info":"9평(31.84)",
            "last_sales":"2022-02-16,2350.0,9평(31.84)",
            "rank_history":[
                [
                    "202203",
                    77
                ],
                [
                    "202202",
                    69
                ],
                [
                    "202201",
                    71
                ]
            ],
            "rank_gap":-8
        },
        {
            "index":267,
            "아파트명":"평화",
            "투자타입":"재건축",
            "전용면적(m2)":"59.83",
            "전용면적(평)":"18평",
            "법정동주소":"충청북도 청주시 서원구 사창동 253-4",
            "도로명주소":"충청북도 청주시 서원구 사직대로185번길 7",
            "세대수":0,
            "입주년차":"--",
            "용적률점수":0,
            "건폐율점수":0,
            "세대당주차수":"--",
            "난방방식":"--",
            "공급면적":50,
            "전용률":100,
            "욕실수":"--",
            "현관타입":"--",
            "주거총점":7.5,
            "지역구공급총점":100.0,
            "역세권":"NA",
            "30분내 이동가능 거점":"NA",
            "1시간내 이동가능 거점":"NA",
            "교통총점":"NA",
            "백화점":0,
            "아울렛몰":80,
            "대형마트":0,
            "은행":20,
            "병원":60,
            "종합병원":100,
            "공원":100,
            "혐오시설":0,
            "인프라총점":39.0,
            "초등학군":89.98,
            "중학군":51.82,
            "학군총점":59.452,
            "인구수":21.47,
            "인구증감":-15.67,
            "인구총점":10.328,
            "일자리":12.38,
            "소득수준":61.51,
            "일자리총점":27.119,
            "가치 총점":33.088,
            "매매실거래년":20211006.0,
            "매매실거래가":11500.0,
            "전세실거래년":20161114.0,
            "전세실거래가":8000.0,
            "전세가율":69.57,
            "장기전세가율평균":81.11,
            "전세가율거품지수":11.54,
            "검색코드":114607,
            "세대수":60.0,
            "준공년월":"1981-11-04",
            "준공년차":42.0,
            "가까운역이름":"NA",
            "가까운역거리":"NA",
            "역세권여부":"NA",
            "30분이내주요거점역":"NA",
            "30분거점역이름":"NA",
            "1시간이내주요거점역":"NA",
            "1시간거점역이름":"NA",
            "3km이내백화점수":0,
            "5km이내아울렛몰수":1,
            "1km이내대형먀트수":0,
            "500m이내은행수":2,
            "500m이내병원수":10,
            "5km이내대형병원수":6,
            "500m이내공원수":2,
            "3km이내혐오시설수":0,
            "초등학교학업성취도":89.98,
            "중학교학업성취도":83.5,
            "용적률":0,
            "건폐율":0,
            "Y":36.635952,
            "X":127.467564,
            "rank":78.0,
            "area_info":"18평(59.83), 17평(59.13), 20평(68.5), 24평(80.19), 25평(83.74)",
            "last_sales":"2021-10-06,11500.0,18평(59.83)",
            "rank_history":[
                [
                    "202203",
                    78
                ],
                [
                    "202202",
                    9999
                ]
            ],
            "rank_gap":9999
        },
        {
            "index":207,
            "아파트명":"쌍용",
            "투자타입":"재건축",
            "전용면적(m2)":"104.62",
            "전용면적(평)":"31평",
            "법정동주소":"충청북도 청주시 서원구 사직동 산 147-23",
            "도로명주소":"충청북도 청주시 서원구 호국로38번길 23",
            "세대수":0,
            "입주년차":"--",
            "용적률점수":0,
            "건폐율점수":0,
            "세대당주차수":"--",
            "난방방식":"--",
            "공급면적":90,
            "전용률":80,
            "욕실수":"--",
            "현관타입":"--",
            "주거총점":8.5,
            "지역구공급총점":100.0,
            "역세권":"NA",
            "30분내 이동가능 거점":"NA",
            "1시간내 이동가능 거점":"NA",
            "교통총점":"NA",
            "백화점":0,
            "아울렛몰":0,
            "대형마트":80,
            "은행":0,
            "병원":30,
            "종합병원":100,
            "공원":100,
            "혐오시설":0,
            "인프라총점":38.0,
            "초등학군":90.02,
            "중학군":51.82,
            "학군총점":59.46,
            "인구수":21.47,
            "인구증감":-15.67,
            "인구총점":10.328,
            "일자리":12.38,
            "소득수준":61.51,
            "일자리총점":27.119,
            "가치 총점":33.04,
            "매매실거래년":20211213.0,
            "매매실거래가":12100.0,
            "전세실거래년":20210724.0,
            "전세실거래가":11500.0,
            "전세가율":95.04,
            "장기전세가율평균":81.11,
            "전세가율거품지수":-13.93,
            "검색코드":100985,
            "세대수":180.0,
            "준공년월":"1989-12-29",
            "준공년차":34.0,
            "가까운역이름":"NA",
            "가까운역거리":"NA",
            "역세권여부":"NA",
            "30분이내주요거점역":"NA",
            "30분거점역이름":"NA",
            "1시간이내주요거점역":"NA",
            "1시간거점역이름":"NA",
            "3km이내백화점수":0,
            "5km이내아울렛몰수":0,
            "1km이내대형먀트수":1,
            "500m이내은행수":0,
            "500m이내병원수":9,
            "5km이내대형병원수":6,
            "500m이내공원수":6,
            "3km이내혐오시설수":0,
            "초등학교학업성취도":90.02,
            "중학교학업성취도":83.5,
            "용적률":0,
            "건폐율":0,
            "Y":36.631707,
            "X":127.476782,
            "rank":79.0,
            "area_info":"31평(104.62), 31평(104.32), 31평(104.62)",
            "last_sales":"2021-12-13,12100.0,31평(104.62)",
            "rank_history":[
                [
                    "202203",
                    79
                ],
                [
                    "202202",
                    70
                ],
                [
                    "202201",
                    69
                ]
            ],
            "rank_gap":-9
        },
        {
            "index":11,
            "아파트명":"두산한솔1차",
            "투자타입":"일반",
            "전용면적(m2)":"83.02",
            "전용면적(평)":"25평",
            "법정동주소":"충청북도 청주시 서원구 개신동 447-15",
            "도로명주소":"충청북도 청주시 서원구 모충로26번길 22",
            "세대수":0,
            "입주년차":0,
            "용적률점수":"--",
            "건폐율점수":"--",
            "세대당주차수":0,
            "난방방식":30,
            "공급면적":"--",
            "전용률":"--",
            "욕실수":50,
            "현관타입":100,
            "주거총점":18.0,
            "지역구공급총점":100.0,
            "역세권":"NA",
            "30분내 이동가능 거점":"NA",
            "1시간내 이동가능 거점":"NA",
            "교통총점":"NA",
            "백화점":0,
            "아울렛몰":80,
            "대형마트":0,
            "은행":0,
            "병원":30,
            "종합병원":100,
            "공원":0,
            "혐오시설":0,
            "인프라총점":31.0,
            "초등학군":90.06,
            "중학군":48.3,
            "학군총점":56.652,
            "인구수":21.47,
            "인구증감":-15.67,
            "인구총점":10.328,
            "일자리":12.38,
            "소득수준":61.51,
            "일자리총점":27.119,
            "가치 총점":32.863,
            "매매실거래년":20211127.0,
            "매매실거래가":12450.0,
            "전세실거래년":20210412.0,
            "전세실거래가":9500.0,
            "전세가율":76.31,
            "장기전세가율평균":81.11,
            "전세가율거품지수":4.8,
            "검색코드":7265,
            "세대수":206.0,
            "준공년월":"1993-05-26",
            "준공년차":30.0,
            "가까운역이름":"NA",
            "가까운역거리":"NA",
            "역세권여부":"NA",
            "30분이내주요거점역":"NA",
            "30분거점역이름":"NA",
            "1시간이내주요거점역":"NA",
            "1시간거점역이름":"NA",
            "3km이내백화점수":0,
            "5km이내아울렛몰수":1,
            "1km이내대형먀트수":0,
            "500m이내은행수":1,
            "500m이내병원수":7,
            "5km이내대형병원수":5,
            "500m이내공원수":0,
            "3km이내혐오시설수":0,
            "초등학교학업성취도":90.06,
            "중학교학업성취도":76.3,
            "용적률":0,
            "건폐율":0,
            "Y":36.62345,
            "X":127.4668,
            "rank":80.0,
            "area_info":"25평(83.02), 34평(113.12), 43평(144.5)",
            "last_sales":"2021-11-27,12450.0,25평(83.02)",
            "rank_history":[
                [
                    "202203",
                    80
                ],
                [
                    "202202",
                    73
                ],
                [
                    "202201",
                    73
                ]
            ],
            "rank_gap":-7
        },
        {
            "index":6,
            "아파트명":"개신재원",
            "투자타입":"일반",
            "전용면적(m2)":"43.38",
            "전용면적(평)":"13평",
            "법정동주소":"충청북도 청주시 서원구 개신동 447-3",
            "도로명주소":"충청북도 청주시 서원구 1순환로803번길 15",
            "세대수":0,
            "입주년차":0,
            "용적률점수":"--",
            "건폐율점수":"--",
            "세대당주차수":0,
            "난방방식":30,
            "공급면적":"--",
            "전용률":"--",
            "욕실수":50,
            "현관타입":100,
            "주거총점":18.0,
            "지역구공급총점":100.0,
            "역세권":"NA",
            "30분내 이동가능 거점":"NA",
            "1시간내 이동가능 거점":"NA",
            "교통총점":"NA",
            "백화점":0,
            "아울렛몰":80,
            "대형마트":0,
            "은행":0,
            "병원":30,
            "종합병원":100,
            "공원":0,
            "혐오시설":0,
            "인프라총점":31.0,
            "초등학군":89.98,
            "중학군":48.3,
            "학군총점":56.636,
            "인구수":21.47,
            "인구증감":-15.67,
            "인구총점":10.328,
            "일자리":12.38,
            "소득수준":61.51,
            "일자리총점":27.119,
            "가치 총점":32.859,
            "매매실거래년":20220216.0,
            "매매실거래가":4400.0,
            "전세실거래년":20210120.0,
            "전세실거래가":3500.0,
            "전세가율":84.34,
            "장기전세가율평균":81.11,
            "전세가율거품지수":-3.23,
            "검색코드":106605,
            "세대수":180.0,
            "준공년월":"1998-06-29",
            "준공년차":25.0,
            "가까운역이름":"NA",
            "가까운역거리":"NA",
            "역세권여부":"NA",
            "30분이내주요거점역":"NA",
            "30분거점역이름":"NA",
            "1시간이내주요거점역":"NA",
            "1시간거점역이름":"NA",
            "3km이내백화점수":0,
            "5km이내아울렛몰수":1,
            "1km이내대형먀트수":0,
            "500m이내은행수":1,
            "500m이내병원수":8,
            "5km이내대형병원수":5,
            "500m이내공원수":0,
            "3km이내혐오시설수":0,
            "초등학교학업성취도":89.98,
            "중학교학업성취도":76.3,
            "용적률":252,
            "건폐율":28,
            "Y":36.624172,
            "X":127.466402,
            "rank":81.0,
            "area_info":"13평(43.38), 13평(46.19)",
            "last_sales":"2022-02-16,4400.0,13평(46.19)",
            "rank_history":[
                [
                    "202203",
                    81
                ],
                [
                    "202202",
                    74
                ],
                [
                    "202201",
                    74
                ]
            ],
            "rank_gap":-7
        },
        {
            "index":41,
            "아파트명":"송학삼익맨션",
            "투자타입":"재건축",
            "전용면적(m2)":"94.7",
            "전용면적(평)":"28평",
            "법정동주소":"충청북도 청주시 서원구 개신동 446-2",
            "도로명주소":"충청북도 청주시 서원구 모충로12번길 4",
            "세대수":30,
            "입주년차":"--",
            "용적률점수":0,
            "건폐율점수":0,
            "세대당주차수":"--",
            "난방방식":"--",
            "공급면적":70,
            "전용률":100,
            "욕실수":"--",
            "현관타입":"--",
            "주거총점":17.5,
            "지역구공급총점":100.0,
            "역세권":"NA",
            "30분내 이동가능 거점":"NA",
            "1시간내 이동가능 거점":"NA",
            "교통총점":"NA",
            "백화점":0,
            "아울렛몰":80,
            "대형마트":0,
            "은행":0,
            "병원":30,
            "종합병원":100,
            "공원":0,
            "혐오시설":0,
            "인프라총점":31.0,
            "초등학군":89.98,
            "중학군":48.3,
            "학군총점":56.636,
            "인구수":21.47,
            "인구증감":-15.67,
            "인구총점":10.328,
            "일자리":12.38,
            "소득수준":61.51,
            "일자리총점":27.119,
            "가치 총점":32.684,
            "매매실거래년":20211216.0,
            "매매실거래가":16100.0,
            "전세실거래년":20220221.0,
            "전세실거래가":18000.0,
            "전세가율":111.8,
            "장기전세가율평균":81.11,
            "전세가율거품지수":-30.69,
            "검색코드":7283,
            "세대수":330.0,
            "준공년월":"1992-02-21",
            "준공년차":31.0,
            "가까운역이름":"NA",
            "가까운역거리":"NA",
            "역세권여부":"NA",
            "30분이내주요거점역":"NA",
            "30분거점역이름":"NA",
            "1시간이내주요거점역":"NA",
            "1시간거점역이름":"NA",
            "3km이내백화점수":0,
            "5km이내아울렛몰수":1,
            "1km이내대형먀트수":0,
            "500m이내은행수":1,
            "500m이내병원수":7,
            "5km이내대형병원수":5,
            "500m이내공원수":0,
            "3km이내혐오시설수":0,
            "초등학교학업성취도":89.98,
            "중학교학업성취도":76.3,
            "용적률":0,
            "건폐율":0,
            "Y":36.624247,
            "X":127.465004,
            "rank":82.0,
            "area_info":"28평(94.7), 41평(137.77)",
            "last_sales":"2021-12-16,16100.0,28평(94.7)",
            "rank_history":[
                [
                    "202203",
                    82
                ],
                [
                    "202202",
                    75
                ],
                [
                    "202201",
                    75
                ]
            ],
            "rank_gap":-7
        },
        {
            "index":371,
            "아파트명":"세원2차",
            "투자타입":"재건축",
            "전용면적(m2)":"71.55",
            "전용면적(평)":"21평",
            "법정동주소":"충청북도 청주시 서원구 수곡동 60-1",
            "도로명주소":"충청북도 청주시 서원구 수영로24번길 5",
            "세대수":0,
            "입주년차":"--",
            "용적률점수":0,
            "건폐율점수":0,
            "세대당주차수":"--",
            "난방방식":"--",
            "공급면적":50,
            "전용률":80,
            "욕실수":"--",
            "현관타입":"--",
            "주거총점":6.5,
            "지역구공급총점":100.0,
            "역세권":"NA",
            "30분내 이동가능 거점":"NA",
            "1시간내 이동가능 거점":"NA",
            "교통총점":"NA",
            "백화점":0,
            "아울렛몰":0,
            "대형마트":80,
            "은행":0,
            "병원":60,
            "종합병원":100,
            "공원":100,
            "혐오시설":0,
            "인프라총점":41.0,
            "초등학군":90.0,
            "중학군":46.96,
            "학군총점":55.568,
            "인구수":21.47,
            "인구증감":-15.67,
            "인구총점":10.328,
            "일자리":12.38,
            "소득수준":61.51,
            "일자리총점":27.119,
            "가치 총점":32.567,
            "매매실거래년":20220221.0,
            "매매실거래가":7900.0,
            "전세실거래년":20210904.0,
            "전세실거래가":8500.0,
            "전세가율":132.81,
            "장기전세가율평균":81.11,
            "전세가율거품지수":-51.7,
            "검색코드":15468,
            "세대수":120.0,
            "준공년월":"1989-12-08",
            "준공년차":34.0,
            "가까운역이름":"NA",
            "가까운역거리":"NA",
            "역세권여부":"NA",
            "30분이내주요거점역":"NA",
            "30분거점역이름":"NA",
            "1시간이내주요거점역":"NA",
            "1시간거점역이름":"NA",
            "3km이내백화점수":0,
            "5km이내아울렛몰수":0,
            "1km이내대형먀트수":1,
            "500m이내은행수":0,
            "500m이내병원수":18,
            "5km이내대형병원수":4,
            "500m이내공원수":3,
            "3km이내혐오시설수":0,
            "초등학교학업성취도":90.0,
            "중학교학업성취도":76.8,
            "용적률":0,
            "건폐율":0,
            "Y":36.61498,
            "X":127.489013,
            "rank":83.0,
            "area_info":"21평(71.55), 30평(99.8), 30평(100.13)",
            "last_sales":"2022-02-21,7900.0,30평(100.13)",
            "rank_history":[
                [
                    "202203",
                    83
                ],
                [
                    "202202",
                    72
                ],
                [
                    "202201",
                    72
                ]
            ],
            "rank_gap":-11
        },
        {
            "index":336,
            "아파트명":"두진한라",
            "투자타입":"재건축",
            "전용면적(m2)":"76.82",
            "전용면적(평)":"23평",
            "법정동주소":"충청북도 청주시 서원구 수곡동 63-2",
            "도로명주소":"충청북도 청주시 서원구 청남로2022번길 73",
            "세대수":0,
            "입주년차":"--",
            "용적률점수":0,
            "건폐율점수":0,
            "세대당주차수":"--",
            "난방방식":"--",
            "공급면적":50,
            "전용률":60,
            "욕실수":"--",
            "현관타입":"--",
            "주거총점":5.5,
            "지역구공급총점":100.0,
            "역세권":"NA",
            "30분내 이동가능 거점":"NA",
            "1시간내 이동가능 거점":"NA",
            "교통총점":"NA",
            "백화점":0,
            "아울렛몰":0,
            "대형마트":80,
            "은행":0,
            "병원":60,
            "종합병원":100,
            "공원":100,
            "혐오시설":0,
            "인프라총점":41.0,
            "초등학군":90.0,
            "중학군":46.96,
            "학군총점":55.568,
            "인구수":21.47,
            "인구증감":-15.67,
            "인구총점":10.328,
            "일자리":12.38,
            "소득수준":61.51,
            "일자리총점":27.119,
            "가치 총점":32.217,
            "매매실거래년":20211015.0,
            "매매실거래가":12000.0,
            "전세실거래년":null,
            "전세실거래가":null,
            "전세가율":null,
            "장기전세가율평균":81.11,
            "전세가율거품지수":null,
            "검색코드":120294,
            "세대수":75.0,
            "준공년월":"1990-01-30",
            "준공년차":33.0,
            "가까운역이름":"NA",
            "가까운역거리":"NA",
            "역세권여부":"NA",
            "30분이내주요거점역":"NA",
            "30분거점역이름":"NA",
            "1시간이내주요거점역":"NA",
            "1시간거점역이름":"NA",
            "3km이내백화점수":0,
            "5km이내아울렛몰수":0,
            "1km이내대형먀트수":1,
            "500m이내은행수":1,
            "500m이내병원수":26,
            "5km이내대형병원수":4,
            "500m이내공원수":3,
            "3km이내혐오시설수":0,
            "초등학교학업성취도":90.0,
            "중학교학업성취도":76.8,
            "용적률":0,
            "건폐율":0,
            "Y":36.61338,
            "X":127.48958,
            "rank":84.0,
            "area_info":"23평(76.82), 23평(77.12), 23평(77.27), 32평(107.72), 32평(108.18), 35평(115.73)",
            "last_sales":"2021-10-15,12000.0,35평(115.73)",
            "rank_history":[
                [
                    "202203",
                    84
                ],
                [
                    "202202",
                    9999
                ]
            ],
            "rank_gap":9999
        },
        {
            "index":238,
            "아파트명":"서울",
            "투자타입":"재건축",
            "전용면적(m2)":"66.29",
            "전용면적(평)":"20평",
            "법정동주소":"충청북도 청주시 서원구 사창동 372-3",
            "도로명주소":"충청북도 청주시 서원구 창직로 1",
            "세대수":0,
            "입주년차":"--",
            "용적률점수":0,
            "건폐율점수":0,
            "세대당주차수":"--",
            "난방방식":"--",
            "공급면적":50,
            "전용률":80,
            "욕실수":"--",
            "현관타입":"--",
            "주거총점":6.5,
            "지역구공급총점":100.0,
            "역세권":"NA",
            "30분내 이동가능 거점":"NA",
            "1시간내 이동가능 거점":"NA",
            "교통총점":"NA",
            "백화점":0,
            "아울렛몰":80,
            "대형마트":0,
            "은행":20,
            "병원":60,
            "종합병원":100,
            "공원":100,
            "혐오시설":0,
            "인프라총점":39.0,
            "초등학군":89.98,
            "중학군":48.3,
            "학군총점":56.636,
            "인구수":21.47,
            "인구증감":-15.67,
            "인구총점":10.328,
            "일자리":12.38,
            "소득수준":61.51,
            "일자리총점":27.119,
            "가치 총점":32.034,
            "매매실거래년":20211227.0,
            "매매실거래가":12000.0,
            "전세실거래년":20211019.0,
            "전세실거래가":7000.0,
            "전세가율":83.33,
            "장기전세가율평균":81.11,
            "전세가율거품지수":-2.22,
            "검색코드":106568,
            "세대수":100.0,
            "준공년월":"1978-11-14",
            "준공년차":45.0,
            "가까운역이름":"NA",
            "가까운역거리":"NA",
            "역세권여부":"NA",
            "30분이내주요거점역":"NA",
            "30분거점역이름":"NA",
            "1시간이내주요거점역":"NA",
            "1시간거점역이름":"NA",
            "3km이내백화점수":0,
            "5km이내아울렛몰수":1,
            "1km이내대형먀트수":0,
            "500m이내은행수":2,
            "500m이내병원수":27,
            "5km이내대형병원수":5,
            "500m이내공원수":2,
            "3km이내혐오시설수":0,
            "초등학교학업성취도":89.98,
            "중학교학업성취도":76.3,
            "용적률":0,
            "건폐율":0,
            "Y":36.631109,
            "X":127.461881,
            "rank":85.0,
            "area_info":"20평(66.29), 20평(66.28), 21평(71.91), 23평(76.2), 24평(79.51), 24평(79.5), 24평(79.51), 24평(81.29), 28평(92.72), 31평(104.29)",
            "last_sales":"2021-12-27,12000.0,31평(104.29)",
            "rank_history":[
                [
                    "202203",
                    85
                ],
                [
                    "202202",
                    76
                ],
                [
                    "202201",
                    77
                ]
            ],
            "rank_gap":-9
        },
        {
            "index":102,
            "아파트명":"모충청송",
            "투자타입":"일반",
            "전용면적(m2)":"80.55",
            "전용면적(평)":"24평",
            "법정동주소":"충청북도 청주시 서원구 모충동 342",
            "도로명주소":"충청북도 청주시 서원구 모충로 164",
            "세대수":0,
            "입주년차":0,
            "용적률점수":"--",
            "건폐율점수":"--",
            "세대당주차수":0,
            "난방방식":30,
            "공급면적":"--",
            "전용률":"--",
            "욕실수":50,
            "현관타입":10,
            "주거총점":9.0,
            "지역구공급총점":100.0,
            "역세권":"NA",
            "30분내 이동가능 거점":"NA",
            "1시간내 이동가능 거점":"NA",
            "교통총점":"NA",
            "백화점":0,
            "아울렛몰":0,
            "대형마트":80,
            "은행":0,
            "병원":0,
            "종합병원":100,
            "공원":100,
            "혐오시설":0,
            "인프라총점":35.0,
            "초등학군":90.02,
            "중학군":51.36,
            "학군총점":59.092,
            "인구수":21.47,
            "인구증감":-15.67,
            "인구총점":10.328,
            "일자리":12.38,
            "소득수준":61.51,
            "일자리총점":27.119,
            "가치 총점":31.923,
            "매매실거래년":20220127.0,
            "매매실거래가":11600.0,
            "전세실거래년":20220223.0,
            "전세실거래가":11000.0,
            "전세가율":94.83,
            "장기전세가율평균":81.11,
            "전세가율거품지수":-13.72,
            "검색코드":15434,
            "세대수":94.0,
            "준공년월":"1994-07-26",
            "준공년차":29.0,
            "가까운역이름":"NA",
            "가까운역거리":"NA",
            "역세권여부":"NA",
            "30분이내주요거점역":"NA",
            "30분거점역이름":"NA",
            "1시간이내주요거점역":"NA",
            "1시간거점역이름":"NA",
            "3km이내백화점수":0,
            "5km이내아울렛몰수":0,
            "1km이내대형먀트수":1,
            "500m이내은행수":0,
            "500m이내병원수":0,
            "5km이내대형병원수":6,
            "500m이내공원수":3,
            "3km이내혐오시설수":0,
            "초등학교학업성취도":90.02,
            "중학교학업성취도":83.2,
            "용적률":274,
            "건폐율":23,
            "Y":36.62876,
            "X":127.48081,
            "rank":86.0,
            "area_info":"24평(80.55)",
            "last_sales":"2022-01-27,11600.0,24평(80.55)",
            "rank_history":[
                [
                    "202203",
                    86
                ],
                [
                    "202202",
                    9999
                ]
            ],
            "rank_gap":9999
        },
        {
            "index":0,
            "아파트명":"개신광영(민간임대)",
            "투자타입":"일반",
            "전용면적(m2)":"51.12",
            "전용면적(평)":"15평",
            "법정동주소":"충청북도 청주시 서원구 개신동 1-19",
            "도로명주소":"충청북도 청주시 서원구 예체로7번길 33",
            "세대수":0,
            "입주년차":0,
            "용적률점수":"--",
            "건폐율점수":"--",
            "세대당주차수":0,
            "난방방식":30,
            "공급면적":"--",
            "전용률":"--",
            "욕실수":50,
            "현관타입":10,
            "주거총점":9.0,
            "지역구공급총점":100.0,
            "역세권":"NA",
            "30분내 이동가능 거점":"NA",
            "1시간내 이동가능 거점":"NA",
            "교통총점":"NA",
            "백화점":0,
            "아울렛몰":80,
            "대형마트":0,
            "은행":0,
            "병원":60,
            "종합병원":100,
            "공원":80,
            "혐오시설":0,
            "인프라총점":36.4,
            "초등학군":89.98,
            "중학군":48.3,
            "학군총점":56.636,
            "인구수":21.47,
            "인구증감":-15.67,
            "인구총점":10.328,
            "일자리":12.38,
            "소득수준":61.51,
            "일자리총점":27.119,
            "가치 총점":31.869,
            "매매실거래년":"18000101",
            "매매실거래가":null,
            "전세실거래년":20220206.0,
            "전세실거래가":8500.0,
            "전세가율":null,
            "장기전세가율평균":81.11,
            "전세가율거품지수":null,
            "검색코드":115036,
            "세대수":110.0,
            "준공년월":"1997-12-06",
            "준공년차":26.0,
            "가까운역이름":"NA",
            "가까운역거리":"NA",
            "역세권여부":"NA",
            "30분이내주요거점역":"NA",
            "30분거점역이름":"NA",
            "1시간이내주요거점역":"NA",
            "1시간거점역이름":"NA",
            "3km이내백화점수":0,
            "5km이내아울렛몰수":1,
            "1km이내대형먀트수":0,
            "500m이내은행수":0,
            "500m이내병원수":10,
            "5km이내대형병원수":5,
            "500m이내공원수":1,
            "3km이내혐오시설수":0,
            "초등학교학업성취도":89.98,
            "중학교학업성취도":76.3,
            "용적률":201,
            "건폐율":25,
            "Y":36.626288,
            "X":127.467244,
            "rank":87.0,
            "area_info":"15평(51.12)",
            "last_sales":"1800-01-01,nan,15평(51.12)",
            "rank_history":[
                [
                    "202203",
                    87
                ],
                [
                    "202202",
                    77
                ],
                [
                    "202201",
                    79
                ]
            ],
            "rank_gap":-10
        },
        {
            "index":384,
            "아파트명":"진흥",
            "투자타입":"재건축",
            "전용면적(m2)":"97.58",
            "전용면적(평)":"29평",
            "법정동주소":"충청북도 청주시 서원구 수곡동 32-1",
            "도로명주소":"충청북도 청주시 서원구 수영로60번길 16",
            "세대수":0,
            "입주년차":"--",
            "용적률점수":0,
            "건폐율점수":0,
            "세대당주차수":"--",
            "난방방식":"--",
            "공급면적":70,
            "전용률":80,
            "욕실수":"--",
            "현관타입":"--",
            "주거총점":7.5,
            "지역구공급총점":100.0,
            "역세권":"NA",
            "30분내 이동가능 거점":"NA",
            "1시간내 이동가능 거점":"NA",
            "교통총점":"NA",
            "백화점":0,
            "아울렛몰":0,
            "대형마트":80,
            "은행":0,
            "병원":30,
            "종합병원":100,
            "공원":100,
            "혐오시설":0,
            "인프라총점":38.0,
            "초등학군":89.98,
            "중학군":46.96,
            "학군총점":55.564,
            "인구수":21.47,
            "인구증감":-15.67,
            "인구총점":10.328,
            "일자리":12.38,
            "소득수준":61.51,
            "일자리총점":27.119,
            "가치 총점":31.716,
            "매매실거래년":20211222.0,
            "매매실거래가":8500.0,
            "전세실거래년":null,
            "전세실거래가":null,
            "전세가율":null,
            "장기전세가율평균":81.11,
            "전세가율거품지수":null,
            "검색코드":115456,
            "세대수":50.0,
            "준공년월":"1989-07-24",
            "준공년차":34.0,
            "가까운역이름":"NA",
            "가까운역거리":"NA",
            "역세권여부":"NA",
            "30분이내주요거점역":"NA",
            "30분거점역이름":"NA",
            "1시간이내주요거점역":"NA",
            "1시간거점역이름":"NA",
            "3km이내백화점수":0,
            "5km이내아울렛몰수":0,
            "1km이내대형먀트수":1,
            "500m이내은행수":0,
            "500m이내병원수":6,
            "5km이내대형병원수":4,
            "500m이내공원수":3,
            "3km이내혐오시설수":0,
            "초등학교학업성취도":89.98,
            "중학교학업성취도":76.8,
            "용적률":0,
            "건폐율":0,
            "Y":36.614878,
            "X":127.491965,
            "rank":88.0,
            "area_info":"29평(97.58), 29평(98.43)",
            "last_sales":"2021-12-22,8500.0,29평(98.43)",
            "rank_history":[
                [
                    "202203",
                    88
                ],
                [
                    "202202",
                    9999
                ]
            ],
            "rank_gap":9999
        },
        {
            "index":377,
            "아파트명":"수정",
            "투자타입":"재건축",
            "전용면적(m2)":"101.86",
            "전용면적(평)":"30평",
            "법정동주소":"충청북도 청주시 서원구 수곡동 38-3",
            "도로명주소":"충청북도 청주시 서원구 수영로36번길 5",
            "세대수":0,
            "입주년차":"--",
            "용적률점수":0,
            "건폐율점수":0,
            "세대당주차수":"--",
            "난방방식":"--",
            "공급면적":90,
            "전용률":60,
            "욕실수":"--",
            "현관타입":"--",
            "주거총점":7.5,
            "지역구공급총점":100.0,
            "역세권":"NA",
            "30분내 이동가능 거점":"NA",
            "1시간내 이동가능 거점":"NA",
            "교통총점":"NA",
            "백화점":0,
            "아울렛몰":0,
            "대형마트":80,
            "은행":0,
            "병원":30,
            "종합병원":100,
            "공원":100,
            "혐오시설":0,
            "인프라총점":38.0,
            "초등학군":89.98,
            "중학군":46.96,
            "학군총점":55.564,
            "인구수":21.47,
            "인구증감":-15.67,
            "인구총점":10.328,
            "일자리":12.38,
            "소득수준":61.51,
            "일자리총점":27.119,
            "가치 총점":31.716,
            "매매실거래년":20220112.0,
            "매매실거래가":14200.0,
            "전세실거래년":20180625.0,
            "전세실거래가":8000.0,
            "전세가율":56.34,
            "장기전세가율평균":81.11,
            "전세가율거품지수":24.77,
            "검색코드":115878,
            "세대수":72.0,
            "준공년월":"1989-12-30",
            "준공년차":34.0,
            "가까운역이름":"NA",
            "가까운역거리":"NA",
            "역세권여부":"NA",
            "30분이내주요거점역":"NA",
            "30분거점역이름":"NA",
            "1시간이내주요거점역":"NA",
            "1시간거점역이름":"NA",
            "3km이내백화점수":0,
            "5km이내아울렛몰수":0,
            "1km이내대형먀트수":1,
            "500m이내은행수":0,
            "500m이내병원수":6,
            "5km이내대형병원수":4,
            "500m이내공원수":3,
            "3km이내혐오시설수":0,
            "초등학교학업성취도":89.98,
            "중학교학업성취도":76.8,
            "용적률":0,
            "건폐율":0,
            "Y":36.615151,
            "X":127.490581,
            "rank":88.0,
            "area_info":"30평(101.86), 32평(106.65), 45평(149.07)",
            "last_sales":"2022-01-12,14200.0,30평(101.86)",
            "rank_history":[
                [
                    "202203",
                    88
                ],
                [
                    "202202",
                    9999
                ]
            ],
            "rank_gap":9999
        },
        {
            "index":368,
            "아파트명":"세원1차",
            "투자타입":"재건축",
            "전용면적(m2)":"71.1",
            "전용면적(평)":"21평",
            "법정동주소":"충청북도 청주시 서원구 수곡동 40-1",
            "도로명주소":"충청북도 청주시 서원구 수영로47번길 19",
            "세대수":0,
            "입주년차":"--",
            "용적률점수":0,
            "건폐율점수":0,
            "세대당주차수":"--",
            "난방방식":"--",
            "공급면적":50,
            "전용률":80,
            "욕실수":"--",
            "현관타입":"--",
            "주거총점":6.5,
            "지역구공급총점":100.0,
            "역세권":"NA",
            "30분내 이동가능 거점":"NA",
            "1시간내 이동가능 거점":"NA",
            "교통총점":"NA",
            "백화점":0,
            "아울렛몰":0,
            "대형마트":80,
            "은행":0,
            "병원":30,
            "종합병원":100,
            "공원":100,
            "혐오시설":0,
            "인프라총점":38.0,
            "초등학군":89.98,
            "중학군":46.96,
            "학군총점":55.564,
            "인구수":21.47,
            "인구증감":-15.67,
            "인구총점":10.328,
            "일자리":12.38,
            "소득수준":61.51,
            "일자리총점":27.119,
            "가치 총점":31.366,
            "매매실거래년":20211128.0,
            "매매실거래가":13000.0,
            "전세실거래년":20190712.0,
            "전세실거래가":5500.0,
            "전세가율":75.34,
            "장기전세가율평균":81.11,
            "전세가율거품지수":5.77,
            "검색코드":15467,
            "세대수":90.0,
            "준공년월":"1989-06-14",
            "준공년차":34.0,
            "가까운역이름":"NA",
            "가까운역거리":"NA",
            "역세권여부":"NA",
            "30분이내주요거점역":"NA",
            "30분거점역이름":"NA",
            "1시간이내주요거점역":"NA",
            "1시간거점역이름":"NA",
            "3km이내백화점수":0,
            "5km이내아울렛몰수":0,
            "1km이내대형먀트수":1,
            "500m이내은행수":0,
            "500m이내병원수":8,
            "5km이내대형병원수":4,
            "500m이내공원수":3,
            "3km이내혐오시설수":0,
            "초등학교학업성취도":89.98,
            "중학교학업성취도":76.8,
            "용적률":0,
            "건폐율":0,
            "Y":36.616401,
            "X":127.490558,
            "rank":89.0,
            "area_info":"21평(71.1), 29평(98.78), 30평(99.44)",
            "last_sales":"2021-11-28,13000.0,30평(99.44)",
            "rank_history":[
                [
                    "202203",
                    89
                ],
                [
                    "202202",
                    9999
                ]
            ],
            "rank_gap":9999
        },
        {
            "index":265,
            "아파트명":"중앙",
            "투자타입":"재건축",
            "전용면적(m2)":"71.01",
            "전용면적(평)":"21평",
            "법정동주소":"충청북도 청주시 서원구 사창동 249-2",
            "도로명주소":"충청북도 청주시 서원구 천석로14번길 3",
            "세대수":0,
            "입주년차":"--",
            "용적률점수":0,
            "건폐율점수":0,
            "세대당주차수":"--",
            "난방방식":"--",
            "공급면적":50,
            "전용률":100,
            "욕실수":"--",
            "현관타입":"--",
            "주거총점":7.5,
            "지역구공급총점":100.0,
            "역세권":"NA",
            "30분내 이동가능 거점":"NA",
            "1시간내 이동가능 거점":"NA",
            "교통총점":"NA",
            "백화점":0,
            "아울렛몰":80,
            "대형마트":0,
            "은행":20,
            "병원":60,
            "종합병원":100,
            "공원":100,
            "혐오시설":0,
            "인프라총점":39.0,
            "초등학군":89.98,
            "중학군":42.56,
            "학군총점":52.044,
            "인구수":21.47,
            "인구증감":-15.67,
            "인구총점":10.328,
            "일자리":12.38,
            "소득수준":61.51,
            "일자리총점":27.119,
            "가치 총점":31.236,
            "매매실거래년":20200919.0,
            "매매실거래가":9500.0,
            "전세실거래년":20200229.0,
            "전세실거래가":7000.0,
            "전세가율":73.68,
            "장기전세가율평균":81.11,
            "전세가율거품지수":7.43,
            "검색코드":12938,
            "세대수":80.0,
            "준공년월":"1985-05-25",
            "준공년차":38.0,
            "가까운역이름":"NA",
            "가까운역거리":"NA",
            "역세권여부":"NA",
            "30분이내주요거점역":"NA",
            "30분거점역이름":"NA",
            "1시간이내주요거점역":"NA",
            "1시간거점역이름":"NA",
            "3km이내백화점수":0,
            "5km이내아울렛몰수":1,
            "1km이내대형먀트수":0,
            "500m이내은행수":2,
            "500m이내병원수":17,
            "5km이내대형병원수":6,
            "500m이내공원수":6,
            "3km이내혐오시설수":0,
            "초등학교학업성취도":89.98,
            "중학교학업성취도":70.6,
            "용적률":352,
            "건폐율":72,
            "Y":36.63712,
            "X":127.465876,
            "rank":90.0,
            "area_info":"21평(71.01)",
            "last_sales":"2020-09-19,9500.0,21평(71.01)",
            "rank_history":[
                [
                    "202203",
                    90
                ],
                [
                    "202202",
                    9999
                ]
            ],
            "rank_gap":9999
        },
        {
            "index":37,
            "아파트명":"서우",
            "투자타입":"재건축",
            "전용면적(m2)":"34.91",
            "전용면적(평)":"10평",
            "법정동주소":"충청북도 청주시 서원구 개신동 443-6",
            "도로명주소":"충청북도 청주시 서원구 모충로 44-2",
            "세대수":0,
            "입주년차":"--",
            "용적률점수":0,
            "건폐율점수":0,
            "세대당주차수":"--",
            "난방방식":"--",
            "공급면적":50,
            "전용률":60,
            "욕실수":"--",
            "현관타입":"--",
            "주거총점":5.5,
            "지역구공급총점":100.0,
            "역세권":"NA",
            "30분내 이동가능 거점":"NA",
            "1시간내 이동가능 거점":"NA",
            "교통총점":"NA",
            "백화점":0,
            "아울렛몰":80,
            "대형마트":0,
            "은행":0,
            "병원":60,
            "종합병원":100,
            "공원":100,
            "혐오시설":0,
            "인프라총점":37.0,
            "초등학군":89.98,
            "중학군":48.46,
            "학군총점":56.764,
            "인구수":21.47,
            "인구증감":-15.67,
            "인구총점":10.328,
            "일자리":12.38,
            "소득수준":61.51,
            "일자리총점":27.119,
            "가치 총점":30.916,
            "매매실거래년":"18000101",
            "매매실거래가":null,
            "전세실거래년":null,
            "전세실거래가":null,
            "전세가율":null,
            "장기전세가율평균":81.11,
            "전세가율거품지수":null,
            "검색코드":115043,
            "세대수":88.0,
            "준공년월":"1987-12-29",
            "준공년차":36.0,
            "가까운역이름":"NA",
            "가까운역거리":"NA",
            "역세권여부":"NA",
            "30분이내주요거점역":"NA",
            "30분거점역이름":"NA",
            "1시간이내주요거점역":"NA",
            "1시간거점역이름":"NA",
            "3km이내백화점수":0,
            "5km이내아울렛몰수":1,
            "1km이내대형먀트수":0,
            "500m이내은행수":0,
            "500m이내병원수":10,
            "5km이내대형병원수":5,
            "500m이내공원수":2,
            "3km이내혐오시설수":0,
            "초등학교학업성취도":89.98,
            "중학교학업성취도":78.1,
            "용적률":0,
            "건폐율":0,
            "Y":36.625138,
            "X":127.469692,
            "rank":91.0,
            "area_info":"10평(34.91), 17평(57.99), 18평(59.95), 22평(73.25)",
            "last_sales":"1800-01-01,nan,10평(34.91)",
            "rank_history":[
                [
                    "202203",
                    91
                ],
                [
                    "202202",
                    9999
                ]
            ],
            "rank_gap":9999
        },
        {
            "index":320,
            "아파트명":"대림2차",
            "투자타입":"재건축",
            "전용면적(m2)":"92.76",
            "전용면적(평)":"28평",
            "법정동주소":"충청북도 청주시 서원구 수곡동 239",
            "도로명주소":"충청북도 청주시 서원구 매봉로76번길 18",
            "세대수":0,
            "입주년차":"--",
            "용적률점수":0,
            "건폐율점수":0,
            "세대당주차수":"--",
            "난방방식":"--",
            "공급면적":70,
            "전용률":60,
            "욕실수":"--",
            "현관타입":"--",
            "주거총점":6.5,
            "지역구공급총점":100.0,
            "역세권":"NA",
            "30분내 이동가능 거점":"NA",
            "1시간내 이동가능 거점":"NA",
            "교통총점":"NA",
            "백화점":0,
            "아울렛몰":0,
            "대형마트":80,
            "은행":0,
            "병원":10,
            "종합병원":100,
            "공원":100,
            "혐오시설":0,
            "인프라총점":36.0,
            "초등학군":90.02,
            "중학군":48.46,
            "학군총점":56.772,
            "인구수":21.47,
            "인구증감":-15.67,
            "인구총점":10.328,
            "일자리":12.38,
            "소득수준":61.51,
            "일자리총점":27.119,
            "가치 총점":30.868,
            "매매실거래년":20220220.0,
            "매매실거래가":14000.0,
            "전세실거래년":20200712.0,
            "전세실거래가":7500.0,
            "전세가율":75.0,
            "장기전세가율평균":81.11,
            "전세가율거품지수":6.11,
            "검색코드":7396,
            "세대수":120.0,
            "준공년월":"1987-07-23",
            "준공년차":36.0,
            "가까운역이름":"NA",
            "가까운역거리":"NA",
            "역세권여부":"NA",
            "30분이내주요거점역":"NA",
            "30분거점역이름":"NA",
            "1시간이내주요거점역":"NA",
            "1시간거점역이름":"NA",
            "3km이내백화점수":0,
            "5km이내아울렛몰수":0,
            "1km이내대형먀트수":1,
            "500m이내은행수":1,
            "500m이내병원수":4,
            "5km이내대형병원수":5,
            "500m이내공원수":2,
            "3km이내혐오시설수":0,
            "초등학교학업성취도":90.02,
            "중학교학업성취도":78.1,
            "용적률":0,
            "건폐율":0,
            "Y":36.616566,
            "X":127.47864,
            "rank":92.0,
            "area_info":"28평(92.76), 28평(95.25), 32평(107.95)",
            "last_sales":"2022-02-20,14000.0,32평(107.95)",
            "rank_history":[
                [
                    "202203",
                    92
                ],
                [
                    "202202",
                    78
                ],
                [
                    "202201",
                    76
                ]
            ],
            "rank_gap":-14
        },
        {
            "index":4,
            "아파트명":"개신우정",
            "투자타입":"일반",
            "전용면적(m2)":"35.05",
            "전용면적(평)":"10평",
            "법정동주소":"충청북도 청주시 서원구 개신동 1-16",
            "도로명주소":"충청북도 청주시 서원구 예체로1번길 29",
            "세대수":0,
            "입주년차":0,
            "용적률점수":"--",
            "건폐율점수":"--",
            "세대당주차수":0,
            "난방방식":30,
            "공급면적":"--",
            "전용률":"--",
            "욕실수":50,
            "현관타입":10,
            "주거총점":9.0,
            "지역구공급총점":100.0,
            "역세권":"NA",
            "30분내 이동가능 거점":"NA",
            "1시간내 이동가능 거점":"NA",
            "교통총점":"NA",
            "백화점":0,
            "아울렛몰":80,
            "대형마트":0,
            "은행":0,
            "병원":30,
            "종합병원":100,
            "공원":80,
            "혐오시설":0,
            "인프라총점":33.4,
            "초등학군":89.98,
            "중학군":48.3,
            "학군총점":56.636,
            "인구수":21.47,
            "인구증감":-15.67,
            "인구총점":10.328,
            "일자리":12.38,
            "소득수준":61.51,
            "일자리총점":27.119,
            "가치 총점":30.669,
            "매매실거래년":20220217.0,
            "매매실거래가":2500.0,
            "전세실거래년":20220219.0,
            "전세실거래가":3500.0,
            "전세가율":140.0,
            "장기전세가율평균":81.11,
            "전세가율거품지수":-58.89,
            "검색코드":104955,
            "세대수":236.0,
            "준공년월":"1997-07-25",
            "준공년차":26.0,
            "가까운역이름":"NA",
            "가까운역거리":"NA",
            "역세권여부":"NA",
            "30분이내주요거점역":"NA",
            "30분거점역이름":"NA",
            "1시간이내주요거점역":"NA",
            "1시간거점역이름":"NA",
            "3km이내백화점수":0,
            "5km이내아울렛몰수":1,
            "1km이내대형먀트수":0,
            "500m이내은행수":0,
            "500m이내병원수":8,
            "5km이내대형병원수":5,
            "500m이내공원수":1,
            "3km이내혐오시설수":0,
            "초등학교학업성취도":89.98,
            "중학교학업성취도":76.3,
            "용적률":286,
            "건폐율":53,
            "Y":36.625691,
            "X":127.46742,
            "rank":93.0,
            "area_info":"10평(35.05), 11평(36.88)",
            "last_sales":"2022-02-17,2500.0,10평(35.05)",
            "rank_history":[
                [
                    "202203",
                    93
                ],
                [
                    "202202",
                    80
                ],
                [
                    "202201",
                    79
                ]
            ],
            "rank_gap":-13
        },
        {
            "index":117,
            "아파트명":"주공",
            "투자타입":"재건축",
            "전용면적(m2)":"43.92",
            "전용면적(평)":"13평",
            "법정동주소":"충청북도 청주시 서원구 모충동 452",
            "도로명주소":"충청북도 청주시 서원구 쌍샘로 81",
            "세대수":30,
            "입주년차":"--",
            "용적률점수":0,
            "건폐율점수":0,
            "세대당주차수":"--",
            "난방방식":"--",
            "공급면적":50,
            "전용률":80,
            "욕실수":"--",
            "현관타입":"--",
            "주거총점":15.5,
            "지역구공급총점":100.0,
            "역세권":"NA",
            "30분내 이동가능 거점":"NA",
            "1시간내 이동가능 거점":"NA",
            "교통총점":"NA",
            "백화점":0,
            "아울렛몰":0,
            "대형마트":0,
            "은행":0,
            "병원":30,
            "종합병원":100,
            "공원":100,
            "혐오시설":0,
            "인프라총점":26.0,
            "초등학군":90.0,
            "중학군":51.36,
            "학군총점":59.088,
            "인구수":21.47,
            "인구증감":-15.67,
            "인구총점":10.328,
            "일자리":12.38,
            "소득수준":61.51,
            "일자리총점":27.119,
            "가치 총점":30.597,
            "매매실거래년":20220216.0,
            "매매실거래가":9500.0,
            "전세실거래년":20220205.0,
            "전세실거래가":5000.0,
            "전세가율":52.63,
            "장기전세가율평균":81.11,
            "전세가율거품지수":28.48,
            "검색코드":7307,
            "세대수":330.0,
            "준공년월":"1985-11-05",
            "준공년차":38.0,
            "가까운역이름":"NA",
            "가까운역거리":"NA",
            "역세권여부":"NA",
            "30분이내주요거점역":"NA",
            "30분거점역이름":"NA",
            "1시간이내주요거점역":"NA",
            "1시간거점역이름":"NA",
            "3km이내백화점수":0,
            "5km이내아울렛몰수":0,
            "1km이내대형먀트수":0,
            "500m이내은행수":0,
            "500m이내병원수":6,
            "5km이내대형병원수":5,
            "500m이내공원수":3,
            "3km이내혐오시설수":0,
            "초등학교학업성취도":90.0,
            "중학교학업성취도":83.2,
            "용적률":0,
            "건폐율":0,
            "Y":36.627138,
            "X":127.474756,
            "rank":94.0,
            "area_info":"13평(43.92), 15평(52.65)",
            "last_sales":"2022-02-16,9500.0,13평(43.92)",
            "rank_history":[
                [
                    "202203",
                    94
                ],
                [
                    "202202",
                    79
                ],
                [
                    "202201",
                    78
                ]
            ],
            "rank_gap":-15
        },
        {
            "index":8,
            "아파트명":"개신한사랑",
            "투자타입":"일반",
            "전용면적(m2)":"31.24",
            "전용면적(평)":"9평",
            "법정동주소":"충청북도 청주시 서원구 개신동 447-36",
            "도로명주소":"충청북도 청주시 서원구 모충로12번길 9-13",
            "세대수":0,
            "입주년차":0,
            "용적률점수":"--",
            "건폐율점수":"--",
            "세대당주차수":0,
            "난방방식":30,
            "공급면적":"--",
            "전용률":"--",
            "욕실수":50,
            "현관타입":10,
            "주거총점":9.0,
            "지역구공급총점":100.0,
            "역세권":"NA",
            "30분내 이동가능 거점":"NA",
            "1시간내 이동가능 거점":"NA",
            "교통총점":"NA",
            "백화점":0,
            "아울렛몰":80,
            "대형마트":0,
            "은행":0,
            "병원":30,
            "종합병원":100,
            "공원":0,
            "혐오시설":0,
            "인프라총점":31.0,
            "초등학군":89.98,
            "중학군":48.3,
            "학군총점":56.636,
            "인구수":21.47,
            "인구증감":-15.67,
            "인구총점":10.328,
            "일자리":12.38,
            "소득수준":61.51,
            "일자리총점":27.119,
            "가치 총점":29.709,
            "매매실거래년":20220203.0,
            "매매실거래가":3500.0,
            "전세실거래년":20210928.0,
            "전세실거래가":3000.0,
            "전세가율":142.86,
            "장기전세가율평균":81.11,
            "전세가율거품지수":-61.75,
            "검색코드":106606,
            "세대수":138.0,
            "준공년월":"1995-12-06",
            "준공년차":28.0,
            "가까운역이름":"NA",
            "가까운역거리":"NA",
            "역세권여부":"NA",
            "30분이내주요거점역":"NA",
            "30분거점역이름":"NA",
            "1시간이내주요거점역":"NA",
            "1시간거점역이름":"NA",
            "3km이내백화점수":0,
            "5km이내아울렛몰수":1,
            "1km이내대형먀트수":0,
            "500m이내은행수":1,
            "500m이내병원수":8,
            "5km이내대형병원수":5,
            "500m이내공원수":0,
            "3km이내혐오시설수":0,
            "초등학교학업성취도":89.98,
            "중학교학업성취도":76.3,
            "용적률":352,
            "건폐율":48,
            "Y":36.624786,
            "X":127.466565,
            "rank":95.0,
            "area_info":"9평(31.24), 11평(38.1), 14평(46.54)",
            "last_sales":"2022-02-03,3500.0,11평(38.1)",
            "rank_history":[
                [
                    "202203",
                    95
                ],
                [
                    "202202",
                    81
                ],
                [
                    "202201",
                    80
                ]
            ],
            "rank_gap":-14
        },
        {
            "index":390,
            "아파트명":"보람",
            "투자타입":"재건축",
            "전용면적(m2)":"51.11",
            "전용면적(평)":"15평",
            "법정동주소":"충청북도 청주시 서원구 장성동 4-2",
            "도로명주소":"충청북도 청주시 서원구 궁뜰로 47-1",
            "세대수":0,
            "입주년차":"--",
            "용적률점수":0,
            "건폐율점수":0,
            "세대당주차수":"--",
            "난방방식":"--",
            "공급면적":50,
            "전용률":60,
            "욕실수":"--",
            "현관타입":"--",
            "주거총점":5.5,
            "지역구공급총점":100.0,
            "역세권":"NA",
            "30분내 이동가능 거점":"NA",
            "1시간내 이동가능 거점":"NA",
            "교통총점":"NA",
            "백화점":0,
            "아울렛몰":0,
            "대형마트":80,
            "은행":0,
            "병원":0,
            "종합병원":100,
            "공원":0,
            "혐오시설":0,
            "인프라총점":32.0,
            "초등학군":90.03,
            "중학군":51.68,
            "학군총점":59.35,
            "인구수":21.47,
            "인구증감":-15.67,
            "인구총점":10.328,
            "일자리":12.38,
            "소득수준":61.51,
            "일자리총점":27.119,
            "가치 총점":29.5625,
            "매매실거래년":"18000101",
            "매매실거래가":null,
            "전세실거래년":null,
            "전세실거래가":null,
            "전세가율":null,
            "장기전세가율평균":81.11,
            "전세가율거품지수":null,
            "검색코드":144358,
            "세대수":88.0,
            "준공년월":"1992-01-25",
            "준공년차":31.0,
            "가까운역이름":"NA",
            "가까운역거리":"NA",
            "역세권여부":"NA",
            "30분이내주요거점역":"NA",
            "30분거점역이름":"NA",
            "1시간이내주요거점역":"NA",
            "1시간거점역이름":"NA",
            "3km이내백화점수":0,
            "5km이내아울렛몰수":0,
            "1km이내대형먀트수":1,
            "500m이내은행수":0,
            "500m이내병원수":0,
            "5km이내대형병원수":4,
            "500m이내공원수":0,
            "3km이내혐오시설수":0,
            "초등학교학업성취도":90.03,
            "중학교학업성취도":83.2,
            "용적률":0,
            "건폐율":0,
            "Y":36.599248,
            "X":127.482436,
            "rank":96.0,
            "area_info":"15평(51.11), 18평(62.63)",
            "last_sales":"1800-01-01,nan,15평(51.11)",
            "rank_history":[
                [
                    "202203",
                    96
                ],
                [
                    "202202",
                    9999
                ]
            ],
            "rank_gap":9999
        },
        {
            "index":237,
            "아파트명":"로얄",
            "투자타입":"재건축",
            "전용면적(m2)":"84.52",
            "전용면적(평)":"25평",
            "법정동주소":"충청북도 청주시 서원구 사창동 241-2",
            "도로명주소":"충청북도 청주시 서원구 예체로139번길 22",
            "세대수":0,
            "입주년차":"--",
            "용적률점수":0,
            "건폐율점수":0,
            "세대당주차수":"--",
            "난방방식":"--",
            "공급면적":70,
            "전용률":80,
            "욕실수":"--",
            "현관타입":"--",
            "주거총점":7.5,
            "지역구공급총점":100.0,
            "역세권":"NA",
            "30분내 이동가능 거점":"NA",
            "1시간내 이동가능 거점":"NA",
            "교통총점":"NA",
            "백화점":0,
            "아울렛몰":80,
            "대형마트":0,
            "은행":0,
            "병원":10,
            "종합병원":100,
            "공원":100,
            "혐오시설":0,
            "인프라총점":32.0,
            "초등학군":89.98,
            "중학군":42.56,
            "학군총점":52.044,
            "인구수":21.47,
            "인구증감":-15.67,
            "인구총점":10.328,
            "일자리":12.38,
            "소득수준":61.51,
            "일자리총점":27.119,
            "가치 총점":28.436,
            "매매실거래년":20220212.0,
            "매매실거래가":7450.0,
            "전세실거래년":20190110.0,
            "전세실거래가":8000.0,
            "전세가율":107.38,
            "장기전세가율평균":81.11,
            "전세가율거품지수":-26.27,
            "검색코드":113940,
            "세대수":70.0,
            "준공년월":"1984-01-31",
            "준공년차":39.0,
            "가까운역이름":"NA",
            "가까운역거리":"NA",
            "역세권여부":"NA",
            "30분이내주요거점역":"NA",
            "30분거점역이름":"NA",
            "1시간이내주요거점역":"NA",
            "1시간거점역이름":"NA",
            "3km이내백화점수":0,
            "5km이내아울렛몰수":1,
            "1km이내대형먀트수":0,
            "500m이내은행수":1,
            "500m이내병원수":4,
            "5km이내대형병원수":6,
            "500m이내공원수":4,
            "3km이내혐오시설수":0,
            "초등학교학업성취도":89.98,
            "중학교학업성취도":70.6,
            "용적률":0,
            "건폐율":0,
            "Y":36.63911,
            "X":127.46745,
            "rank":97.0,
            "area_info":"25평(84.52)",
            "last_sales":"2022-02-12,7450.0,25평(84.52)",
            "rank_history":[
                [
                    "202203",
                    97
                ],
                [
                    "202202",
                    9999
                ]
            ],
            "rank_gap":9999
        },
        {
            "index":362,
            "아파트명":"삼일",
            "투자타입":"재건축",
            "전용면적(m2)":"67.0",
            "전용면적(평)":"20평",
            "법정동주소":"충청북도 청주시 서원구 수곡동 43-3",
            "도로명주소":"충청북도 청주시 서원구 구룡산로 412",
            "세대수":0,
            "입주년차":"--",
            "용적률점수":0,
            "건폐율점수":0,
            "세대당주차수":"--",
            "난방방식":"--",
            "공급면적":50,
            "전용률":100,
            "욕실수":"--",
            "현관타입":"--",
            "주거총점":7.5,
            "지역구공급총점":100.0,
            "역세권":"NA",
            "30분내 이동가능 거점":"NA",
            "1시간내 이동가능 거점":"NA",
            "교통총점":"NA",
            "백화점":0,
            "아울렛몰":0,
            "대형마트":0,
            "은행":0,
            "병원":60,
            "종합병원":100,
            "공원":100,
            "혐오시설":0,
            "인프라총점":29.0,
            "초등학군":90.0,
            "중학군":46.96,
            "학군총점":55.568,
            "인구수":21.47,
            "인구증감":-15.67,
            "인구총점":10.328,
            "일자리":12.38,
            "소득수준":61.51,
            "일자리총점":27.119,
            "가치 총점":28.117,
            "매매실거래년":20211229.0,
            "매매실거래가":10000.0,
            "전세실거래년":20211115.0,
            "전세실거래가":6500.0,
            "전세가율":79.27,
            "장기전세가율평균":81.11,
            "전세가율거품지수":1.84,
            "검색코드":124340,
            "세대수":50.0,
            "준공년월":"1984-09-04",
            "준공년차":39.0,
            "가까운역이름":"NA",
            "가까운역거리":"NA",
            "역세권여부":"NA",
            "30분이내주요거점역":"NA",
            "30분거점역이름":"NA",
            "1시간이내주요거점역":"NA",
            "1시간거점역이름":"NA",
            "3km이내백화점수":0,
            "5km이내아울렛몰수":0,
            "1km이내대형먀트수":0,
            "500m이내은행수":0,
            "500m이내병원수":12,
            "5km이내대형병원수":4,
            "500m이내공원수":3,
            "3km이내혐오시설수":0,
            "초등학교학업성취도":90.0,
            "중학교학업성취도":76.8,
            "용적률":0,
            "건폐율":0,
            "Y":36.617904,
            "X":127.490005,
            "rank":98.0,
            "area_info":"20평(67.0), 20평(68.98), 21평(71.68)",
            "last_sales":"2021-12-29,10000.0,20평(68.98)",
            "rank_history":[
                [
                    "202203",
                    98
                ],
                [
                    "202202",
                    9999
                ]
            ],
            "rank_gap":9999
        },
        {
            "index":346,
            "아파트명":"목화맨션(20-3)",
            "투자타입":"재건축",
            "전용면적(m2)":"110.93",
            "전용면적(평)":"33평",
            "법정동주소":"충청북도 청주시 서원구 수곡동 20-3",
            "도로명주소":"충청북도 청주시 서원구 구룡산로 424",
            "세대수":0,
            "입주년차":"--",
            "용적률점수":0,
            "건폐율점수":0,
            "세대당주차수":"--",
            "난방방식":"--",
            "공급면적":90,
            "전용률":60,
            "욕실수":"--",
            "현관타입":"--",
            "주거총점":7.5,
            "지역구공급총점":100.0,
            "역세권":"NA",
            "30분내 이동가능 거점":"NA",
            "1시간내 이동가능 거점":"NA",
            "교통총점":"NA",
            "백화점":0,
            "아울렛몰":0,
            "대형마트":0,
            "은행":0,
            "병원":60,
            "종합병원":100,
            "공원":100,
            "혐오시설":0,
            "인프라총점":29.0,
            "초등학군":89.98,
            "중학군":46.96,
            "학군총점":55.564,
            "인구수":21.47,
            "인구증감":-15.67,
            "인구총점":10.328,
            "일자리":12.38,
            "소득수준":61.51,
            "일자리총점":27.119,
            "가치 총점":28.116,
            "매매실거래년":20220212.0,
            "매매실거래가":14800.0,
            "전세실거래년":20211227.0,
            "전세실거래가":7000.0,
            "전세가율":47.3,
            "장기전세가율평균":81.11,
            "전세가율거품지수":33.81,
            "검색코드":113233,
            "세대수":62.0,
            "준공년월":"1985-07-12",
            "준공년차":38.0,
            "가까운역이름":"NA",
            "가까운역거리":"NA",
            "역세권여부":"NA",
            "30분이내주요거점역":"NA",
            "30분거점역이름":"NA",
            "1시간이내주요거점역":"NA",
            "1시간거점역이름":"NA",
            "3km이내백화점수":0,
            "5km이내아울렛몰수":0,
            "1km이내대형먀트수":0,
            "500m이내은행수":0,
            "500m이내병원수":10,
            "5km이내대형병원수":4,
            "500m이내공원수":3,
            "3km이내혐오시설수":0,
            "초등학교학업성취도":89.98,
            "중학교학업성취도":76.8,
            "용적률":0,
            "건폐율":0,
            "Y":36.61772,
            "X":127.491385,
            "rank":99.0,
            "area_info":"33평(110.93), 46평(152.4)",
            "last_sales":"2022-02-12,14800.0,33평(110.93)",
            "rank_history":[
                [
                    "202203",
                    99
                ],
                [
                    "202202",
                    9999
                ]
            ],
            "rank_gap":9999
        },
        {
            "index":344,
            "아파트명":"목화맨션(19-4)",
            "투자타입":"재건축",
            "전용면적(m2)":"108.24",
            "전용면적(평)":"32평",
            "법정동주소":"충청북도 청주시 서원구 수곡동 19-4",
            "도로명주소":"충청북도 청주시 서원구",
            "세대수":0,
            "입주년차":"--",
            "용적률점수":0,
            "건폐율점수":0,
            "세대당주차수":"--",
            "난방방식":"--",
            "공급면적":90,
            "전용률":60,
            "욕실수":"--",
            "현관타입":"--",
            "주거총점":7.5,
            "지역구공급총점":100.0,
            "역세권":"NA",
            "30분내 이동가능 거점":"NA",
            "1시간내 이동가능 거점":"NA",
            "교통총점":"NA",
            "백화점":0,
            "아울렛몰":0,
            "대형마트":0,
            "은행":0,
            "병원":60,
            "종합병원":100,
            "공원":100,
            "혐오시설":0,
            "인프라총점":29.0,
            "초등학군":89.98,
            "중학군":46.96,
            "학군총점":55.564,
            "인구수":21.47,
            "인구증감":-15.67,
            "인구총점":10.328,
            "일자리":12.38,
            "소득수준":61.51,
            "일자리총점":27.119,
            "가치 총점":28.116,
            "매매실거래년":20211123.0,
            "매매실거래가":10800.0,
            "전세실거래년":20211122.0,
            "전세실거래가":10000.0,
            "전세가율":113.64,
            "장기전세가율평균":81.11,
            "전세가율거품지수":-32.53,
            "검색코드":108160,
            "세대수":55.0,
            "준공년월":"1984-07-31",
            "준공년차":39.0,
            "가까운역이름":"NA",
            "가까운역거리":"NA",
            "역세권여부":"NA",
            "30분이내주요거점역":"NA",
            "30분거점역이름":"NA",
            "1시간이내주요거점역":"NA",
            "1시간거점역이름":"NA",
            "3km이내백화점수":0,
            "5km이내아울렛몰수":0,
            "1km이내대형먀트수":0,
            "500m이내은행수":0,
            "500m이내병원수":11,
            "5km이내대형병원수":4,
            "500m이내공원수":3,
            "3km이내혐오시설수":0,
            "초등학교학업성취도":89.98,
            "중학교학업성취도":76.8,
            "용적률":0,
            "건폐율":0,
            "Y":36.618316,
            "X":127.491406,
            "rank":99.0,
            "area_info":"32평(108.24), 32평(109.0)",
            "last_sales":"2021-11-23,10800.0,32평(109.0)",
            "rank_history":[
                [
                    "202203",
                    99
                ],
                [
                    "202202",
                    9999
                ]
            ],
            "rank_gap":9999
        },
        {
            "index":103,
            "아파트명":"삼덕",
            "투자타입":"일반",
            "전용면적(m2)":"42.68",
            "전용면적(평)":"12평",
            "법정동주소":"충청북도 청주시 서원구 모충동 490-1",
            "도로명주소":"충청북도 청주시 서원구 쌍샘로107번길 25",
            "세대수":0,
            "입주년차":0,
            "용적률점수":"--",
            "건폐율점수":"--",
            "세대당주차수":0,
            "난방방식":30,
            "공급면적":"--",
            "전용률":"--",
            "욕실수":50,
            "현관타입":10,
            "주거총점":9.0,
            "지역구공급총점":100.0,
            "역세권":"NA",
            "30분내 이동가능 거점":"NA",
            "1시간내 이동가능 거점":"NA",
            "교통총점":"NA",
            "백화점":0,
            "아울렛몰":0,
            "대형마트":0,
            "은행":0,
            "병원":30,
            "종합병원":100,
            "공원":80,
            "혐오시설":0,
            "인프라총점":25.4,
            "초등학군":90.0,
            "중학군":51.36,
            "학군총점":59.088,
            "인구수":21.47,
            "인구증감":-15.67,
            "인구총점":10.328,
            "일자리":12.38,
            "소득수준":61.51,
            "일자리총점":27.119,
            "가치 총점":28.082,
            "매매실거래년":20220217.0,
            "매매실거래가":2800.0,
            "전세실거래년":20211029.0,
            "전세실거래가":2600.0,
            "전세가율":92.86,
            "장기전세가율평균":81.11,
            "전세가율거품지수":-11.75,
            "검색코드":112518,
            "세대수":84.0,
            "준공년월":"1997-03-28",
            "준공년차":26.0,
            "가까운역이름":"NA",
            "가까운역거리":"NA",
            "역세권여부":"NA",
            "30분이내주요거점역":"NA",
            "30분거점역이름":"NA",
            "1시간이내주요거점역":"NA",
            "1시간거점역이름":"NA",
            "3km이내백화점수":0,
            "5km이내아울렛몰수":0,
            "1km이내대형먀트수":0,
            "500m이내은행수":0,
            "500m이내병원수":7,
            "5km이내대형병원수":5,
            "500m이내공원수":1,
            "3km이내혐오시설수":0,
            "초등학교학업성취도":90.0,
            "중학교학업성취도":83.2,
            "용적률":193,
            "건폐율":25,
            "Y":36.625679,
            "X":127.472775,
            "rank":100.0,
            "area_info":"12평(42.68)",
            "last_sales":"2022-02-17,2800.0,12평(42.68)",
            "rank_history":[
                [
                    "202203",
                    100
                ],
                [
                    "202202",
                    9999
                ]
            ],
            "rank_gap":9999
        },
        {
            "index":86,
            "아파트명":"그린맨션",
            "투자타입":"재건축",
            "전용면적(m2)":"81.33",
            "전용면적(평)":"24평",
            "법정동주소":"충청북도 청주시 서원구 모충동 487-35",
            "도로명주소":"충청북도 청주시 서원구 모충로96번길 51",
            "세대수":0,
            "입주년차":"--",
            "용적률점수":0,
            "건폐율점수":0,
            "세대당주차수":"--",
            "난방방식":"--",
            "공급면적":70,
            "전용률":100,
            "욕실수":"--",
            "현관타입":"--",
            "주거총점":8.5,
            "지역구공급총점":100.0,
            "역세권":"NA",
            "30분내 이동가능 거점":"NA",
            "1시간내 이동가능 거점":"NA",
            "교통총점":"NA",
            "백화점":0,
            "아울렛몰":0,
            "대형마트":0,
            "은행":0,
            "병원":30,
            "종합병원":100,
            "공원":80,
            "혐오시설":0,
            "인프라총점":25.4,
            "초등학군":90.0,
            "중학군":51.36,
            "학군총점":59.088,
            "인구수":21.47,
            "인구증감":-15.67,
            "인구총점":10.328,
            "일자리":12.38,
            "소득수준":61.51,
            "일자리총점":27.119,
            "가치 총점":27.907,
            "매매실거래년":20220204.0,
            "매매실거래가":5000.0,
            "전세실거래년":20151218.0,
            "전세실거래가":8000.0,
            "전세가율":89.89,
            "장기전세가율평균":81.11,
            "전세가율거품지수":-8.78,
            "검색코드":15433,
            "세대수":96.0,
            "준공년월":"1987-08-10",
            "준공년차":36.0,
            "가까운역이름":"NA",
            "가까운역거리":"NA",
            "역세권여부":"NA",
            "30분이내주요거점역":"NA",
            "30분거점역이름":"NA",
            "1시간이내주요거점역":"NA",
            "1시간거점역이름":"NA",
            "3km이내백화점수":0,
            "5km이내아울렛몰수":0,
            "1km이내대형먀트수":0,
            "500m이내은행수":0,
            "500m이내병원수":7,
            "5km이내대형병원수":5,
            "500m이내공원수":1,
            "3km이내혐오시설수":0,
            "초등학교학업성취도":90.0,
            "중학교학업성취도":83.2,
            "용적률":0,
            "건폐율":0,
            "Y":36.62489,
            "X":127.473664,
            "rank":101.0,
            "area_info":"24평(81.33), 26평(88.24)",
            "last_sales":"2022-02-04,5000.0,26평(88.24)",
            "rank_history":[
                [
                    "202203",
                    101
                ],
                [
                    "202202",
                    9999
                ]
            ],
            "rank_gap":9999
        },
        {
            "index":108,
            "아파트명":"삼호",
            "투자타입":"재건축",
            "전용면적(m2)":"96.61",
            "전용면적(평)":"29평",
            "법정동주소":"충청북도 청주시 서원구 모충동 446-20",
            "도로명주소":"충청북도 청주시 서원구 매봉로 208",
            "세대수":0,
            "입주년차":"--",
            "용적률점수":0,
            "건폐율점수":0,
            "세대당주차수":"--",
            "난방방식":"--",
            "공급면적":70,
            "전용률":80,
            "욕실수":"--",
            "현관타입":"--",
            "주거총점":7.5,
            "지역구공급총점":100.0,
            "역세권":"NA",
            "30분내 이동가능 거점":"NA",
            "1시간내 이동가능 거점":"NA",
            "교통총점":"NA",
            "백화점":0,
            "아울렛몰":0,
            "대형마트":0,
            "은행":0,
            "병원":30,
            "종합병원":100,
            "공원":100,
            "혐오시설":0,
            "인프라총점":26.0,
            "초등학군":90.0,
            "중학군":51.36,
            "학군총점":59.088,
            "인구수":21.47,
            "인구증감":-15.67,
            "인구총점":10.328,
            "일자리":12.38,
            "소득수준":61.51,
            "일자리총점":27.119,
            "가치 총점":27.797,
            "매매실거래년":20211113.0,
            "매매실거래가":14800.0,
            "전세실거래년":20200214.0,
            "전세실거래가":7000.0,
            "전세가율":66.67,
            "장기전세가율평균":81.11,
            "전세가율거품지수":14.44,
            "검색코드":7303,
            "세대수":254.0,
            "준공년월":"1991-08-21",
            "준공년차":32.0,
            "가까운역이름":"NA",
            "가까운역거리":"NA",
            "역세권여부":"NA",
            "30분이내주요거점역":"NA",
            "30분거점역이름":"NA",
            "1시간이내주요거점역":"NA",
            "1시간거점역이름":"NA",
            "3km이내백화점수":0,
            "5km이내아울렛몰수":0,
            "1km이내대형먀트수":0,
            "500m이내은행수":0,
            "500m이내병원수":6,
            "5km이내대형병원수":5,
            "500m이내공원수":3,
            "3km이내혐오시설수":0,
            "초등학교학업성취도":90.0,
            "중학교학업성취도":83.2,
            "용적률":0,
            "건폐율":0,
            "Y":36.627991,
            "X":127.476092,
            "rank":102.0,
            "area_info":"29평(96.61), 31평(105.57), 44평(146.54)",
            "last_sales":"2021-11-13,14800.0,31평(105.57)",
            "rank_history":[
                [
                    "202203",
                    102
                ],
                [
                    "202202",
                    82
                ],
                [
                    "202201",
                    82
                ]
            ],
            "rank_gap":-20
        },
        {
            "index":365,
            "아파트명":"삼일맨션",
            "투자타입":"재건축",
            "전용면적(m2)":"100.52",
            "전용면적(평)":"30평",
            "법정동주소":"충청북도 청주시 서원구 수곡동 153-3",
            "도로명주소":"충청북도 청주시 서원구 구룡산로337번길 33",
            "세대수":0,
            "입주년차":"--",
            "용적률점수":0,
            "건폐율점수":0,
            "세대당주차수":"--",
            "난방방식":"--",
            "공급면적":90,
            "전용률":80,
            "욕실수":"--",
            "현관타입":"--",
            "주거총점":8.5,
            "지역구공급총점":100.0,
            "역세권":"NA",
            "30분내 이동가능 거점":"NA",
            "1시간내 이동가능 거점":"NA",
            "교통총점":"NA",
            "백화점":0,
            "아울렛몰":0,
            "대형마트":0,
            "은행":0,
            "병원":30,
            "종합병원":100,
            "공원":80,
            "혐오시설":0,
            "인프라총점":25.4,
            "초등학군":90.0,
            "중학군":46.96,
            "학군총점":55.568,
            "인구수":21.47,
            "인구증감":-15.67,
            "인구총점":10.328,
            "일자리":12.38,
            "소득수준":61.51,
            "일자리총점":27.119,
            "가치 총점":27.027,
            "매매실거래년":20220103.0,
            "매매실거래가":11800.0,
            "전세실거래년":20150128.0,
            "전세실거래가":8500.0,
            "전세가율":72.03,
            "장기전세가율평균":81.11,
            "전세가율거품지수":9.08,
            "검색코드":106719,
            "세대수":87.0,
            "준공년월":"1986-09-15",
            "준공년차":37.0,
            "가까운역이름":"NA",
            "가까운역거리":"NA",
            "역세권여부":"NA",
            "30분이내주요거점역":"NA",
            "30분거점역이름":"NA",
            "1시간이내주요거점역":"NA",
            "1시간거점역이름":"NA",
            "3km이내백화점수":0,
            "5km이내아울렛몰수":0,
            "1km이내대형먀트수":0,
            "500m이내은행수":1,
            "500m이내병원수":7,
            "5km이내대형병원수":5,
            "500m이내공원수":1,
            "3km이내혐오시설수":0,
            "초등학교학업성취도":90.0,
            "중학교학업성취도":76.8,
            "용적률":0,
            "건폐율":0,
            "Y":36.620158,
            "X":127.481947,
            "rank":103.0,
            "area_info":"30평(100.52), 30평(101.65)",
            "last_sales":"2022-01-03,11800.0,30평(100.52)",
            "rank_history":[
                [
                    "202203",
                    103
                ],
                [
                    "202202",
                    9999
                ]
            ],
            "rank_gap":9999
        },
        {
            "index":342,
            "아파트명":"모란",
            "투자타입":"재건축",
            "전용면적(m2)":"66.12",
            "전용면적(평)":"20평",
            "법정동주소":"충청북도 청주시 서원구 수곡동 197-9",
            "도로명주소":"충청북도 청주시 서원구 구룡산로338번길 23-10",
            "세대수":0,
            "입주년차":"--",
            "용적률점수":0,
            "건폐율점수":0,
            "세대당주차수":"--",
            "난방방식":"--",
            "공급면적":50,
            "전용률":100,
            "욕실수":"--",
            "현관타입":"--",
            "주거총점":7.5,
            "지역구공급총점":100.0,
            "역세권":"NA",
            "30분내 이동가능 거점":"NA",
            "1시간내 이동가능 거점":"NA",
            "교통총점":"NA",
            "백화점":0,
            "아울렛몰":0,
            "대형마트":0,
            "은행":0,
            "병원":30,
            "종합병원":100,
            "공원":100,
            "혐오시설":0,
            "인프라총점":26.0,
            "초등학군":90.0,
            "중학군":46.96,
            "학군총점":55.568,
            "인구수":21.47,
            "인구증감":-15.67,
            "인구총점":10.328,
            "일자리":12.38,
            "소득수준":61.51,
            "일자리총점":27.119,
            "가치 총점":26.917,
            "매매실거래년":20220220.0,
            "매매실거래가":8000.0,
            "전세실거래년":20200606.0,
            "전세실거래가":5000.0,
            "전세가율":74.63,
            "장기전세가율평균":81.11,
            "전세가율거품지수":6.48,
            "검색코드":7399,
            "세대수":110.0,
            "준공년월":"1979-06-01",
            "준공년차":44.0,
            "가까운역이름":"NA",
            "가까운역거리":"NA",
            "역세권여부":"NA",
            "30분이내주요거점역":"NA",
            "30분거점역이름":"NA",
            "1시간이내주요거점역":"NA",
            "1시간거점역이름":"NA",
            "3km이내백화점수":0,
            "5km이내아울렛몰수":0,
            "1km이내대형먀트수":0,
            "500m이내은행수":1,
            "500m이내병원수":8,
            "5km이내대형병원수":5,
            "500m이내공원수":3,
            "3km이내혐오시설수":0,
            "초등학교학업성취도":90.0,
            "중학교학업성취도":76.8,
            "용적률":0,
            "건폐율":0,
            "Y":36.616824,
            "X":127.481981,
            "rank":104.0,
            "area_info":"20평(66.12), 25평(82.65)",
            "last_sales":"2022-02-20,8000.0,25평(82.65)",
            "rank_history":[
                [
                    "202203",
                    104
                ],
                [
                    "202202",
                    83
                ],
                [
                    "202201",
                    83
                ]
            ],
            "rank_gap":-21
        },
        {
            "index":314,
            "아파트명":"대림1차",
            "투자타입":"재건축",
            "전용면적(m2)":"69.05",
            "전용면적(평)":"20평",
            "법정동주소":"충청북도 청주시 서원구 수곡동 154",
            "도로명주소":"충청북도 청주시 서원구 구룡산로 327",
            "세대수":0,
            "입주년차":"--",
            "용적률점수":0,
            "건폐율점수":0,
            "세대당주차수":"--",
            "난방방식":"--",
            "공급면적":50,
            "전용률":100,
            "욕실수":"--",
            "현관타입":"--",
            "주거총점":7.5,
            "지역구공급총점":100.0,
            "역세권":"NA",
            "30분내 이동가능 거점":"NA",
            "1시간내 이동가능 거점":"NA",
            "교통총점":"NA",
            "백화점":0,
            "아울렛몰":0,
            "대형마트":0,
            "은행":0,
            "병원":30,
            "종합병원":100,
            "공원":80,
            "혐오시설":0,
            "인프라총점":25.4,
            "초등학군":90.0,
            "중학군":46.96,
            "학군총점":55.568,
            "인구수":21.47,
            "인구증감":-15.67,
            "인구총점":10.328,
            "일자리":12.38,
            "소득수준":61.51,
            "일자리총점":27.119,
            "가치 총점":26.677,
            "매매실거래년":20210606.0,
            "매매실거래가":10000.0,
            "전세실거래년":20210707.0,
            "전세실거래가":5500.0,
            "전세가율":91.67,
            "장기전세가율평균":81.11,
            "전세가율거품지수":-10.56,
            "검색코드":15473,
            "세대수":115.0,
            "준공년월":"1985-12-16",
            "준공년차":38.0,
            "가까운역이름":"NA",
            "가까운역거리":"NA",
            "역세권여부":"NA",
            "30분이내주요거점역":"NA",
            "30분거점역이름":"NA",
            "1시간이내주요거점역":"NA",
            "1시간거점역이름":"NA",
            "3km이내백화점수":0,
            "5km이내아울렛몰수":0,
            "1km이내대형먀트수":0,
            "500m이내은행수":1,
            "500m이내병원수":5,
            "5km이내대형병원수":5,
            "500m이내공원수":1,
            "3km이내혐오시설수":0,
            "초등학교학업성취도":90.0,
            "중학교학업성취도":76.8,
            "용적률":0,
            "건폐율":0,
            "Y":36.619236,
            "X":127.481204,
            "rank":105.0,
            "area_info":"20평(69.05), 21평(70.98), 21평(71.18), 25평(85.42), 27평(90.2), 30평(101.45)",
            "last_sales":"2021-06-06,10000.0,27평(90.2)",
            "rank_history":[
                [
                    "202203",
                    105
                ],
                [
                    "202202",
                    84
                ],
                [
                    "202201",
                    84
                ]
            ],
            "rank_gap":-21
        },
        {
            "index":90,
            "아파트명":"남부",
            "투자타입":"재건축",
            "전용면적(m2)":"65.42",
            "전용면적(평)":"19평",
            "법정동주소":"충청북도 청주시 서원구 모충동 88-4",
            "도로명주소":"충청북도 청주시 서원구 구룡산로405번길 54",
            "세대수":0,
            "입주년차":"--",
            "용적률점수":0,
            "건폐율점수":0,
            "세대당주차수":"--",
            "난방방식":"--",
            "공급면적":50,
            "전용률":60,
            "욕실수":"--",
            "현관타입":"--",
            "주거총점":5.5,
            "지역구공급총점":100.0,
            "역세권":"NA",
            "30분내 이동가능 거점":"NA",
            "1시간내 이동가능 거점":"NA",
            "교통총점":"NA",
            "백화점":0,
            "아울렛몰":0,
            "대형마트":0,
            "은행":0,
            "병원":60,
            "종합병원":100,
            "공원":100,
            "혐오시설":0,
            "인프라총점":29.0,
            "초등학군":90.0,
            "중학군":40.84,
            "학군총점":50.672,
            "인구수":21.47,
            "인구증감":-15.67,
            "인구총점":10.328,
            "일자리":12.38,
            "소득수준":61.51,
            "일자리총점":27.119,
            "가치 총점":26.193,
            "매매실거래년":20211227.0,
            "매매실거래가":6200.0,
            "전세실거래년":20211215.0,
            "전세실거래가":3300.0,
            "전세가율":89.19,
            "장기전세가율평균":81.11,
            "전세가율거품지수":-8.08,
            "검색코드":115066,
            "세대수":80.0,
            "준공년월":"1981-05-16",
            "준공년차":42.0,
            "가까운역이름":"NA",
            "가까운역거리":"NA",
            "역세권여부":"NA",
            "30분이내주요거점역":"NA",
            "30분거점역이름":"NA",
            "1시간이내주요거점역":"NA",
            "1시간거점역이름":"NA",
            "3km이내백화점수":0,
            "5km이내아울렛몰수":0,
            "1km이내대형먀트수":0,
            "500m이내은행수":0,
            "500m이내병원수":13,
            "5km이내대형병원수":4,
            "500m이내공원수":3,
            "3km이내혐오시설수":0,
            "초등학교학업성취도":90.0,
            "중학교학업성취도":66.4,
            "용적률":0,
            "건폐율":0,
            "Y":36.620474,
            "X":127.489978,
            "rank":106.0,
            "area_info":"19평(65.42), 20평(66.48), 22평(76.03), 24평(82.02), 28평(93.45), 29평(96.93)",
            "last_sales":"2021-12-27,6200.0,29평(96.93)",
            "rank_history":[
                [
                    "202203",
                    106
                ],
                [
                    "202202",
                    9999
                ]
            ],
            "rank_gap":9999
        },
        {
            "index":130,
            "아파트명":"힐탑",
            "투자타입":"재건축",
            "전용면적(m2)":"37.85",
            "전용면적(평)":"11평",
            "법정동주소":"충청북도 청주시 서원구 모충동 249-19",
            "도로명주소":"충청북도 청주시 서원구 남들로25번길 32-1",
            "세대수":0,
            "입주년차":"--",
            "용적률점수":0,
            "건폐율점수":20,
            "세대당주차수":"--",
            "난방방식":"--",
            "공급면적":50,
            "전용률":20,
            "욕실수":"--",
            "현관타입":"--",
            "주거총점":7.5,
            "지역구공급총점":100.0,
            "역세권":"NA",
            "30분내 이동가능 거점":"NA",
            "1시간내 이동가능 거점":"NA",
            "교통총점":"NA",
            "백화점":0,
            "아울렛몰":0,
            "대형마트":0,
            "은행":0,
            "병원":30,
            "종합병원":100,
            "공원":80,
            "혐오시설":0,
            "인프라총점":25.4,
            "초등학군":90.0,
            "중학군":40.84,
            "학군총점":50.672,
            "인구수":21.47,
            "인구증감":-15.67,
            "인구총점":10.328,
            "일자리":12.38,
            "소득수준":61.51,
            "일자리총점":27.119,
            "가치 총점":25.453,
            "매매실거래년":20160428.0,
            "매매실거래가":4300.0,
            "전세실거래년":20220207.0,
            "전세실거래가":4000.0,
            "전세가율":93.02,
            "장기전세가율평균":81.11,
            "전세가율거품지수":-11.91,
            "검색코드":120667,
            "세대수":60.0,
            "준공년월":"1991-05-17",
            "준공년차":32.0,
            "가까운역이름":"NA",
            "가까운역거리":"NA",
            "역세권여부":"NA",
            "30분이내주요거점역":"NA",
            "30분거점역이름":"NA",
            "1시간이내주요거점역":"NA",
            "1시간거점역이름":"NA",
            "3km이내백화점수":0,
            "5km이내아울렛몰수":0,
            "1km이내대형먀트수":0,
            "500m이내은행수":0,
            "500m이내병원수":5,
            "5km이내대형병원수":5,
            "500m이내공원수":1,
            "3km이내혐오시설수":0,
            "초등학교학업성취도":90.0,
            "중학교학업성취도":66.4,
            "용적률":244,
            "건폐율":45,
            "Y":36.621168,
            "X":127.481747,
            "rank":107.0,
            "area_info":"11평(37.85), 11평(37.85)",
            "last_sales":"2016-04-28,4300.0,11평(37.85)",
            "rank_history":[
                [
                    "202203",
                    107
                ],
                [
                    "202202",
                    9999
                ]
            ],
            "rank_gap":9999
        },
        {
            "index":104,
            "아파트명":"삼익세라믹",
            "투자타입":"재건축",
            "전용면적(m2)":"73.47",
            "전용면적(평)":"22평",
            "법정동주소":"충청북도 청주시 서원구 모충동 374-1",
            "도로명주소":"충청북도 청주시 서원구 서원서로 27",
            "세대수":0,
            "입주년차":"--",
            "용적률점수":0,
            "건폐율점수":0,
            "세대당주차수":"--",
            "난방방식":"--",
            "공급면적":50,
            "전용률":80,
            "욕실수":"--",
            "현관타입":"--",
            "주거총점":6.5,
            "지역구공급총점":100.0,
            "역세권":"NA",
            "30분내 이동가능 거점":"NA",
            "1시간내 이동가능 거점":"NA",
            "교통총점":"NA",
            "백화점":0,
            "아울렛몰":0,
            "대형마트":0,
            "은행":0,
            "병원":0,
            "종합병원":100,
            "공원":0,
            "혐오시설":0,
            "인프라총점":20.0,
            "초등학군":90.0,
            "중학군":51.36,
            "학군총점":59.088,
            "인구수":21.47,
            "인구증감":-15.67,
            "인구총점":10.328,
            "일자리":12.38,
            "소득수준":61.51,
            "일자리총점":27.119,
            "가치 총점":25.047,
            "매매실거래년":20220113.0,
            "매매실거래가":9400.0,
            "전세실거래년":20200508.0,
            "전세실거래가":6500.0,
            "전세가율":69.15,
            "장기전세가율평균":81.11,
            "전세가율거품지수":11.96,
            "검색코드":7300,
            "세대수":229.0,
            "준공년월":"1989-08-25",
            "준공년차":34.0,
            "가까운역이름":"NA",
            "가까운역거리":"NA",
            "역세권여부":"NA",
            "30분이내주요거점역":"NA",
            "30분거점역이름":"NA",
            "1시간이내주요거점역":"NA",
            "1시간거점역이름":"NA",
            "3km이내백화점수":0,
            "5km이내아울렛몰수":0,
            "1km이내대형먀트수":0,
            "500m이내은행수":0,
            "500m이내병원수":0,
            "5km이내대형병원수":5,
            "500m이내공원수":0,
            "3km이내혐오시설수":0,
            "초등학교학업성취도":90.0,
            "중학교학업성취도":83.2,
            "용적률":0,
            "건폐율":0,
            "Y":36.624597,
            "X":127.478865,
            "rank":108.0,
            "area_info":"22평(73.47), 26평(88.72), 30평(99.91), 30평(101.14)",
            "last_sales":"2022-01-13,9400.0,22평(73.47)",
            "rank_history":[
                [
                    "202203",
                    108
                ],
                [
                    "202202",
                    85
                ],
                [
                    "202201",
                    85
                ]
            ],
            "rank_gap":-23
        },
        {
            "index":126,
            "아파트명":"형석",
            "투자타입":"재건축",
            "전용면적(m2)":"47.6",
            "전용면적(평)":"14평",
            "법정동주소":"충청북도 청주시 서원구 모충동 251-1",
            "도로명주소":"충청북도 청주시 서원구 남들로35번길 61",
            "세대수":0,
            "입주년차":"--",
            "용적률점수":0,
            "건폐율점수":0,
            "세대당주차수":"--",
            "난방방식":"--",
            "공급면적":50,
            "전용률":80,
            "욕실수":"--",
            "현관타입":"--",
            "주거총점":6.5,
            "지역구공급총점":100.0,
            "역세권":"NA",
            "30분내 이동가능 거점":"NA",
            "1시간내 이동가능 거점":"NA",
            "교통총점":"NA",
            "백화점":0,
            "아울렛몰":0,
            "대형마트":0,
            "은행":0,
            "병원":10,
            "종합병원":100,
            "공원":80,
            "혐오시설":0,
            "인프라총점":23.4,
            "초등학군":90.0,
            "중학군":40.84,
            "학군총점":50.672,
            "인구수":21.47,
            "인구증감":-15.67,
            "인구총점":10.328,
            "일자리":12.38,
            "소득수준":61.51,
            "일자리총점":27.119,
            "가치 총점":24.303,
            "매매실거래년":20211213.0,
            "매매실거래가":9000.0,
            "전세실거래년":20220127.0,
            "전세실거래가":6000.0,
            "전세가율":66.67,
            "장기전세가율평균":81.11,
            "전세가율거품지수":14.44,
            "검색코드":7313,
            "세대수":204.0,
            "준공년월":"1983-08-03",
            "준공년차":40.0,
            "가까운역이름":"NA",
            "가까운역거리":"NA",
            "역세권여부":"NA",
            "30분이내주요거점역":"NA",
            "30분거점역이름":"NA",
            "1시간이내주요거점역":"NA",
            "1시간거점역이름":"NA",
            "3km이내백화점수":0,
            "5km이내아울렛몰수":0,
            "1km이내대형먀트수":0,
            "500m이내은행수":0,
            "500m이내병원수":3,
            "5km이내대형병원수":5,
            "500m이내공원수":1,
            "3km이내혐오시설수":0,
            "초등학교학업성취도":90.0,
            "중학교학업성취도":66.4,
            "용적률":0,
            "건폐율":0,
            "Y":36.621379,
            "X":127.480877,
            "rank":109.0,
            "area_info":"14평(47.6), 16평(55.4), 23평(77.01), 24평(79.4)",
            "last_sales":"2021-12-13,9000.0,14평(47.6)",
            "rank_history":[
                [
                    "202203",
                    109
                ],
                [
                    "202202",
                    86
                ],
                [
                    "202201",
                    86
                ]
            ],
            "rank_gap":-23
        }
    ]
}