{
    "schema":{
        "fields":[
            {
                "name":"index",
                "type":"integer"
            },
            {
                "name":"아파트명",
                "type":"string"
            },
            {
                "name":"투자타입",
                "type":"string"
            },
            {
                "name":"전용면적(m2)",
                "type":"string"
            },
            {
                "name":"전용면적(평)",
                "type":"string"
            },
            {
                "name":"법정동주소",
                "type":"string"
            },
            {
                "name":"도로명주소",
                "type":"string"
            },
            {
                "name":"세대수",
                "type":"integer"
            },
            {
                "name":"입주년차",
                "type":"string"
            },
            {
                "name":"용적률점수",
                "type":"string"
            },
            {
                "name":"건폐율점수",
                "type":"string"
            },
            {
                "name":"세대당주차수",
                "type":"string"
            },
            {
                "name":"난방방식",
                "type":"string"
            },
            {
                "name":"공급면적",
                "type":"string"
            },
            {
                "name":"전용률",
                "type":"string"
            },
            {
                "name":"욕실수",
                "type":"string"
            },
            {
                "name":"현관타입",
                "type":"string"
            },
            {
                "name":"주거총점",
                "type":"number"
            },
            {
                "name":"지역구공급총점",
                "type":"number"
            },
            {
                "name":"역세권",
                "type":"string"
            },
            {
                "name":"30분내 이동가능 거점",
                "type":"string"
            },
            {
                "name":"1시간내 이동가능 거점",
                "type":"string"
            },
            {
                "name":"교통총점",
                "type":"string"
            },
            {
                "name":"백화점",
                "type":"integer"
            },
            {
                "name":"아울렛몰",
                "type":"integer"
            },
            {
                "name":"대형마트",
                "type":"integer"
            },
            {
                "name":"은행",
                "type":"integer"
            },
            {
                "name":"병원",
                "type":"integer"
            },
            {
                "name":"종합병원",
                "type":"integer"
            },
            {
                "name":"공원",
                "type":"integer"
            },
            {
                "name":"혐오시설",
                "type":"integer"
            },
            {
                "name":"인프라총점",
                "type":"number"
            },
            {
                "name":"초등학군",
                "type":"number"
            },
            {
                "name":"중학군",
                "type":"number"
            },
            {
                "name":"학군총점",
                "type":"number"
            },
            {
                "name":"인구수",
                "type":"number"
            },
            {
                "name":"인구증감",
                "type":"number"
            },
            {
                "name":"인구총점",
                "type":"number"
            },
            {
                "name":"일자리",
                "type":"number"
            },
            {
                "name":"소득수준",
                "type":"number"
            },
            {
                "name":"일자리총점",
                "type":"number"
            },
            {
                "name":"가치 총점",
                "type":"number"
            },
            {
                "name":"매매실거래년",
                "type":"string"
            },
            {
                "name":"매매실거래가",
                "type":"number"
            },
            {
                "name":"전세실거래년",
                "type":"number"
            },
            {
                "name":"전세실거래가",
                "type":"number"
            },
            {
                "name":"전세가율",
                "type":"number"
            },
            {
                "name":"장기전세가율평균",
                "type":"number"
            },
            {
                "name":"전세가율거품지수",
                "type":"number"
            },
            {
                "name":"검색코드",
                "type":"integer"
            },
            {
                "name":"세대수",
                "type":"number"
            },
            {
                "name":"준공년월",
                "type":"string"
            },
            {
                "name":"준공년차",
                "type":"number"
            },
            {
                "name":"가까운역이름",
                "type":"string"
            },
            {
                "name":"가까운역거리",
                "type":"string"
            },
            {
                "name":"역세권여부",
                "type":"string"
            },
            {
                "name":"30분이내주요거점역",
                "type":"string"
            },
            {
                "name":"30분거점역이름",
                "type":"string"
            },
            {
                "name":"1시간이내주요거점역",
                "type":"string"
            },
            {
                "name":"1시간거점역이름",
                "type":"string"
            },
            {
                "name":"3km이내백화점수",
                "type":"integer"
            },
            {
                "name":"5km이내아울렛몰수",
                "type":"integer"
            },
            {
                "name":"1km이내대형먀트수",
                "type":"integer"
            },
            {
                "name":"500m이내은행수",
                "type":"integer"
            },
            {
                "name":"500m이내병원수",
                "type":"integer"
            },
            {
                "name":"5km이내대형병원수",
                "type":"integer"
            },
            {
                "name":"500m이내공원수",
                "type":"integer"
            },
            {
                "name":"3km이내혐오시설수",
                "type":"integer"
            },
            {
                "name":"초등학교학업성취도",
                "type":"number"
            },
            {
                "name":"중학교학업성취도",
                "type":"number"
            },
            {
                "name":"용적률",
                "type":"integer"
            },
            {
                "name":"건폐율",
                "type":"integer"
            },
            {
                "name":"Y",
                "type":"number"
            },
            {
                "name":"X",
                "type":"number"
            },
            {
                "name":"rank",
                "type":"number"
            },
            {
                "name":"area_info",
                "type":"string"
            },
            {
                "name":"last_sales",
                "type":"string"
            },
            {
                "name":"rank_history",
                "type":"string"
            },
            {
                "name":"rank_gap",
                "type":"integer"
            }
        ],
        "primaryKey":[
            "index"
        ],
        "pandas_version":"1.4.0"
    },
    "data":[
        {
            "index":107,
            "아파트명":"청주사천푸르지오",
            "투자타입":"일반",
            "전용면적(m2)":"84.78",
            "전용면적(평)":"25평",
            "법정동주소":"충청북도 청주시 청원구 사천동 697",
            "도로명주소":"충청북도 청주시 청원구 사뜸로 106",
            "세대수":80,
            "입주년차":80,
            "용적률점수":"--",
            "건폐율점수":"--",
            "세대당주차수":60,
            "난방방식":30,
            "공급면적":"--",
            "전용률":"--",
            "욕실수":100,
            "현관타입":100,
            "주거총점":76.0,
            "지역구공급총점":100.0,
            "역세권":"NA",
            "30분내 이동가능 거점":"NA",
            "1시간내 이동가능 거점":"NA",
            "교통총점":"NA",
            "백화점":0,
            "아울렛몰":0,
            "대형마트":80,
            "은행":0,
            "병원":60,
            "종합병원":100,
            "공원":0,
            "혐오시설":0,
            "인프라총점":38.0,
            "초등학군":90.0,
            "중학군":49.94,
            "학군총점":57.952,
            "인구수":21.18,
            "인구증감":-16.08,
            "인구총점":10.002,
            "일자리":12.43,
            "소득수준":61.51,
            "일자리총점":27.154,
            "가치 총점":56.288,
            "매매실거래년":20220125.0,
            "매매실거래가":51500.0,
            "전세실거래년":20220110.0,
            "전세실거래가":28000.0,
            "전세가율":77.56,
            "장기전세가율평균":76.65,
            "전세가율거품지수":-0.91,
            "검색코드":112607,
            "세대수":729.0,
            "준공년월":"2018-08-30",
            "준공년차":5.0,
            "가까운역이름":"NA",
            "가까운역거리":"NA",
            "역세권여부":"NA",
            "30분이내주요거점역":"NA",
            "30분거점역이름":"NA",
            "1시간이내주요거점역":"NA",
            "1시간거점역이름":"NA",
            "3km이내백화점수":0,
            "5km이내아울렛몰수":0,
            "1km이내대형먀트수":1,
            "500m이내은행수":1,
            "500m이내병원수":13,
            "5km이내대형병원수":2,
            "500m이내공원수":0,
            "3km이내혐오시설수":0,
            "초등학교학업성취도":90.0,
            "중학교학업성취도":80.3,
            "용적률":219,
            "건폐율":15,
            "Y":36.671062,
            "X":127.478541,
            "rank":1.0,
            "area_info":"25평(84.78), 29평(98.96), 33평(112.05)",
            "last_sales":"2022-01-25,51500.0,33평(112.05)",
            "rank_history":[
                [
                    "202203",
                    1
                ],
                [
                    "202202",
                    1
                ],
                [
                    "202201",
                    8
                ]
            ],
            "rank_gap":0
        },
        {
            "index":335,
            "아파트명":"대원칸타빌2차",
            "투자타입":"일반",
            "전용면적(m2)":"109.24",
            "전용면적(평)":"33평",
            "법정동주소":"충청북도 청주시 청원구 주중동 1023",
            "도로명주소":"충청북도 청주시 청원구 율량로 77",
            "세대수":80,
            "입주년차":80,
            "용적률점수":"--",
            "건폐율점수":"--",
            "세대당주차수":60,
            "난방방식":30,
            "공급면적":"--",
            "전용률":"--",
            "욕실수":100,
            "현관타입":100,
            "주거총점":76.0,
            "지역구공급총점":100.0,
            "역세권":"NA",
            "30분내 이동가능 거점":"NA",
            "1시간내 이동가능 거점":"NA",
            "교통총점":"NA",
            "백화점":0,
            "아울렛몰":0,
            "대형마트":80,
            "은행":0,
            "병원":80,
            "종합병원":100,
            "공원":0,
            "혐오시설":0,
            "인프라총점":40.0,
            "초등학군":89.99,
            "중학군":45.1,
            "학군총점":54.078,
            "인구수":21.18,
            "인구증감":-16.08,
            "인구총점":10.002,
            "일자리":12.43,
            "소득수준":61.51,
            "일자리총점":27.154,
            "가치 총점":56.1195,
            "매매실거래년":20211211.0,
            "매매실거래가":47000.0,
            "전세실거래년":20220105.0,
            "전세실거래가":40000.0,
            "전세가율":85.11,
            "장기전세가율평균":76.65,
            "전세가율거품지수":-8.46,
            "검색코드":103963,
            "세대수":780.0,
            "준공년월":"2014-04-03",
            "준공년차":9.0,
            "가까운역이름":"NA",
            "가까운역거리":"NA",
            "역세권여부":"NA",
            "30분이내주요거점역":"NA",
            "30분거점역이름":"NA",
            "1시간이내주요거점역":"NA",
            "1시간거점역이름":"NA",
            "3km이내백화점수":0,
            "5km이내아울렛몰수":0,
            "1km이내대형먀트수":1,
            "500m이내은행수":0,
            "500m이내병원수":37,
            "5km이내대형병원수":2,
            "500m이내공원수":0,
            "3km이내혐오시설수":0,
            "초등학교학업성취도":89.99,
            "중학교학업성취도":74.7,
            "용적률":199,
            "건폐율":12,
            "Y":36.673781,
            "X":127.494767,
            "rank":2.0,
            "area_info":"33평(109.24), 33평(109.86), 33평(109.23)",
            "last_sales":"2021-12-11,47000.0,33평(109.24)",
            "rank_history":[
                [
                    "202203",
                    2
                ],
                [
                    "202202",
                    2
                ],
                [
                    "202201",
                    4
                ]
            ],
            "rank_gap":0
        },
        {
            "index":327,
            "아파트명":"대원칸타빌3차",
            "투자타입":"일반",
            "전용면적(m2)":"109.93",
            "전용면적(평)":"33평",
            "법정동주소":"충청북도 청주시 청원구 주성동 337",
            "도로명주소":"충청북도 청주시 청원구 율량로 135",
            "세대수":80,
            "입주년차":80,
            "용적률점수":"--",
            "건폐율점수":"--",
            "세대당주차수":60,
            "난방방식":30,
            "공급면적":"--",
            "전용률":"--",
            "욕실수":100,
            "현관타입":100,
            "주거총점":76.0,
            "지역구공급총점":100.0,
            "역세권":"NA",
            "30분내 이동가능 거점":"NA",
            "1시간내 이동가능 거점":"NA",
            "교통총점":"NA",
            "백화점":0,
            "아울렛몰":0,
            "대형마트":80,
            "은행":0,
            "병원":80,
            "종합병원":100,
            "공원":0,
            "혐오시설":0,
            "인프라총점":40.0,
            "초등학군":89.98,
            "중학군":45.1,
            "학군총점":54.076,
            "인구수":21.18,
            "인구증감":-16.08,
            "인구총점":10.002,
            "일자리":12.43,
            "소득수준":61.51,
            "일자리총점":27.154,
            "가치 총점":56.119,
            "매매실거래년":20220128.0,
            "매매실거래가":55500.0,
            "전세실거래년":20220125.0,
            "전세실거래가":37000.0,
            "전세가율":69.16,
            "장기전세가율평균":76.65,
            "전세가율거품지수":7.49,
            "검색코드":105039,
            "세대수":789.0,
            "준공년월":"2015-03-13",
            "준공년차":8.0,
            "가까운역이름":"NA",
            "가까운역거리":"NA",
            "역세권여부":"NA",
            "30분이내주요거점역":"NA",
            "30분거점역이름":"NA",
            "1시간이내주요거점역":"NA",
            "1시간거점역이름":"NA",
            "3km이내백화점수":0,
            "5km이내아울렛몰수":0,
            "1km이내대형먀트수":1,
            "500m이내은행수":0,
            "500m이내병원수":37,
            "5km이내대형병원수":2,
            "500m이내공원수":0,
            "3km이내혐오시설수":0,
            "초등학교학업성취도":89.98,
            "중학교학업성취도":74.7,
            "용적률":191,
            "건폐율":17,
            "Y":36.671102,
            "X":127.50058,
            "rank":3.0,
            "area_info":"33평(109.93), 33평(109.91), 33평(111.23), 39평(131.41), 49평(164.84)",
            "last_sales":"2022-01-28,55500.0,39평(131.41)",
            "rank_history":[
                [
                    "202203",
                    3
                ],
                [
                    "202202",
                    3
                ],
                [
                    "202201",
                    2
                ]
            ],
            "rank_gap":0
        },
        {
            "index":324,
            "아파트명":"대원칸타빌1차",
            "투자타입":"일반",
            "전용면적(m2)":"108.78",
            "전용면적(평)":"32평",
            "법정동주소":"충청북도 청주시 청원구 주성동 335",
            "도로명주소":"충청북도 청주시 청원구 율량로 103",
            "세대수":90,
            "입주년차":60,
            "용적률점수":"--",
            "건폐율점수":"--",
            "세대당주차수":60,
            "난방방식":30,
            "공급면적":"--",
            "전용률":"--",
            "욕실수":100,
            "현관타입":100,
            "주거총점":75.5,
            "지역구공급총점":100.0,
            "역세권":"NA",
            "30분내 이동가능 거점":"NA",
            "1시간내 이동가능 거점":"NA",
            "교통총점":"NA",
            "백화점":0,
            "아울렛몰":0,
            "대형마트":80,
            "은행":0,
            "병원":80,
            "종합병원":100,
            "공원":0,
            "혐오시설":0,
            "인프라총점":40.0,
            "초등학군":89.99,
            "중학군":45.1,
            "학군총점":54.078,
            "인구수":21.18,
            "인구증감":-16.08,
            "인구총점":10.002,
            "일자리":12.43,
            "소득수준":61.51,
            "일자리총점":27.154,
            "가치 총점":55.9445,
            "매매실거래년":20211204.0,
            "매매실거래가":42800.0,
            "전세실거래년":20211228.0,
            "전세실거래가":27300.0,
            "전세가율":57.47,
            "장기전세가율평균":76.65,
            "전세가율거품지수":19.18,
            "검색코드":102720,
            "세대수":903.0,
            "준공년월":"2013-03-15",
            "준공년차":10.0,
            "가까운역이름":"NA",
            "가까운역거리":"NA",
            "역세권여부":"NA",
            "30분이내주요거점역":"NA",
            "30분거점역이름":"NA",
            "1시간이내주요거점역":"NA",
            "1시간거점역이름":"NA",
            "3km이내백화점수":0,
            "5km이내아울렛몰수":0,
            "1km이내대형먀트수":1,
            "500m이내은행수":0,
            "500m이내병원수":37,
            "5km이내대형병원수":2,
            "500m이내공원수":0,
            "3km이내혐오시설수":0,
            "초등학교학업성취도":89.99,
            "중학교학업성취도":74.7,
            "용적률":199,
            "건폐율":14,
            "Y":36.67346,
            "X":127.497734,
            "rank":4.0,
            "area_info":"32평(108.78), 32평(108.77), 33평(109.4)",
            "last_sales":"2021-12-04,42800.0,33평(109.4)",
            "rank_history":[
                [
                    "202203",
                    4
                ],
                [
                    "202202",
                    4
                ],
                [
                    "202201",
                    5
                ]
            ],
            "rank_gap":0
        },
        {
            "index":34,
            "아파트명":"청주힐즈파크푸르지오",
            "투자타입":"일반",
            "전용면적(m2)":"98.64",
            "전용면적(평)":"29평",
            "법정동주소":"충청북도 청주시 청원구 내덕동 857",
            "도로명주소":"충청북도 청주시 청원구 1순환로 123",
            "세대수":80,
            "입주년차":100,
            "용적률점수":"--",
            "건폐율점수":"--",
            "세대당주차수":60,
            "난방방식":30,
            "공급면적":"--",
            "전용률":"--",
            "욕실수":100,
            "현관타입":100,
            "주거총점":80.0,
            "지역구공급총점":100.0,
            "역세권":"NA",
            "30분내 이동가능 거점":"NA",
            "1시간내 이동가능 거점":"NA",
            "교통총점":"NA",
            "백화점":0,
            "아울렛몰":0,
            "대형마트":80,
            "은행":0,
            "병원":0,
            "종합병원":100,
            "공원":80,
            "혐오시설":0,
            "인프라총점":34.4,
            "초등학군":90.0,
            "중학군":45.1,
            "학군총점":54.08,
            "인구수":21.18,
            "인구증감":-16.08,
            "인구총점":10.002,
            "일자리":12.43,
            "소득수준":61.51,
            "일자리총점":27.154,
            "가치 총점":55.28,
            "매매실거래년":20201120.0,
            "매매실거래가":32115.0,
            "전세실거래년":null,
            "전세실거래가":null,
            "전세가율":null,
            "장기전세가율평균":76.65,
            "전세가율거품지수":null,
            "검색코드":121709,
            "세대수":777.0,
            "준공년월":"2020-11-01",
            "준공년차":3.0,
            "가까운역이름":"NA",
            "가까운역거리":"NA",
            "역세권여부":"NA",
            "30분이내주요거점역":"NA",
            "30분거점역이름":"NA",
            "1시간이내주요거점역":"NA",
            "1시간거점역이름":"NA",
            "3km이내백화점수":0,
            "5km이내아울렛몰수":0,
            "1km이내대형먀트수":1,
            "500m이내은행수":0,
            "500m이내병원수":1,
            "5km이내대형병원수":4,
            "500m이내공원수":1,
            "3km이내혐오시설수":0,
            "초등학교학업성취도":90.0,
            "중학교학업성취도":74.7,
            "용적률":0,
            "건폐율":0,
            "Y":36.660806,
            "X":127.498371,
            "rank":5.0,
            "area_info":"29평(98.64), 30평(99.73), 33평(110.37), 33평(110.59), 33평(110.2), 33평(111.51), 39평(132.02), 44평(147.99), 45평(151.87), 48평(161.19)",
            "last_sales":"2020-11-20,32115.0,29평(98.64)",
            "rank_history":[
                [
                    "202203",
                    5
                ],
                [
                    "202202",
                    5
                ],
                [
                    "202201",
                    1
                ]
            ],
            "rank_gap":0
        },
        {
            "index":320,
            "아파트명":"현대",
            "투자타입":"재건축",
            "전용면적(m2)":"69.2",
            "전용면적(평)":"20평",
            "법정동주소":"충청북도 청주시 청원구 율량동 1206",
            "도로명주소":"충청북도 청주시 청원구 주성로132번길 27",
            "세대수":50,
            "입주년차":"--",
            "용적률점수":60,
            "건폐율점수":100,
            "세대당주차수":"--",
            "난방방식":"--",
            "공급면적":50,
            "전용률":80,
            "욕실수":"--",
            "현관타입":"--",
            "주거총점":65.5,
            "지역구공급총점":100.0,
            "역세권":"NA",
            "30분내 이동가능 거점":"NA",
            "1시간내 이동가능 거점":"NA",
            "교통총점":"NA",
            "백화점":0,
            "아울렛몰":0,
            "대형마트":80,
            "은행":70,
            "병원":80,
            "종합병원":100,
            "공원":0,
            "혐오시설":0,
            "인프라총점":47.0,
            "초등학군":90.0,
            "중학군":44.98,
            "학군총점":53.984,
            "인구수":21.18,
            "인구증감":-16.08,
            "인구총점":10.002,
            "일자리":12.43,
            "소득수준":61.51,
            "일자리총점":27.154,
            "가치 총점":55.221,
            "매매실거래년":20220214.0,
            "매매실거래가":17400.0,
            "전세실거래년":20210928.0,
            "전세실거래가":12500.0,
            "전세가율":71.84,
            "장기전세가율평균":76.65,
            "전세가율거품지수":4.81,
            "검색코드":7197,
            "세대수":489.0,
            "준공년월":"1992-10-24",
            "준공년차":31.0,
            "가까운역이름":"NA",
            "가까운역거리":"NA",
            "역세권여부":"NA",
            "30분이내주요거점역":"NA",
            "30분거점역이름":"NA",
            "1시간이내주요거점역":"NA",
            "1시간거점역이름":"NA",
            "3km이내백화점수":0,
            "5km이내아울렛몰수":0,
            "1km이내대형먀트수":1,
            "500m이내은행수":3,
            "500m이내병원수":43,
            "5km이내대형병원수":2,
            "500m이내공원수":0,
            "3km이내혐오시설수":0,
            "초등학교학업성취도":90.0,
            "중학교학업성취도":73.7,
            "용적률":199,
            "건폐율":17,
            "Y":36.669773,
            "X":127.482812,
            "rank":6.0,
            "area_info":"20평(69.2), 29평(97.62), 46평(154.78)",
            "last_sales":"2022-02-14,17400.0,20평(69.2)",
            "rank_history":[
                [
                    "202203",
                    6
                ],
                [
                    "202202",
                    6
                ],
                [
                    "202201",
                    3
                ]
            ],
            "rank_gap":0
        },
        {
            "index":78,
            "아파트명":"남광하우스토리B단지",
            "투자타입":"일반",
            "전용면적(m2)":"112.79",
            "전용면적(평)":"34평",
            "법정동주소":"충청북도 청주시 청원구 사천동 684",
            "도로명주소":"충청북도 청주시 청원구 율봉로 8",
            "세대수":50,
            "입주년차":60,
            "용적률점수":"--",
            "건폐율점수":"--",
            "세대당주차수":60,
            "난방방식":30,
            "공급면적":"--",
            "전용률":"--",
            "욕실수":100,
            "현관타입":100,
            "주거총점":61.5,
            "지역구공급총점":100.0,
            "역세권":"NA",
            "30분내 이동가능 거점":"NA",
            "1시간내 이동가능 거점":"NA",
            "교통총점":"NA",
            "백화점":0,
            "아울렛몰":80,
            "대형마트":80,
            "은행":0,
            "병원":30,
            "종합병원":100,
            "공원":0,
            "혐오시설":0,
            "인프라총점":43.0,
            "초등학군":89.99,
            "중학군":49.94,
            "학군총점":57.95,
            "인구수":21.18,
            "인구증감":-16.08,
            "인구총점":10.002,
            "일자리":12.43,
            "소득수준":61.51,
            "일자리총점":27.154,
            "가치 총점":53.2125,
            "매매실거래년":20211205.0,
            "매매실거래가":33700.0,
            "전세실거래년":20210209.0,
            "전세실거래가":20500.0,
            "전세가율":62.5,
            "장기전세가율평균":76.65,
            "전세가율거품지수":14.15,
            "검색코드":26510,
            "세대수":478.0,
            "준공년월":"2011-01-21",
            "준공년차":12.0,
            "가까운역이름":"NA",
            "가까운역거리":"NA",
            "역세권여부":"NA",
            "30분이내주요거점역":"NA",
            "30분거점역이름":"NA",
            "1시간이내주요거점역":"NA",
            "1시간거점역이름":"NA",
            "3km이내백화점수":0,
            "5km이내아울렛몰수":1,
            "1km이내대형먀트수":1,
            "500m이내은행수":0,
            "500m이내병원수":6,
            "5km이내대형병원수":4,
            "500m이내공원수":0,
            "3km이내혐오시설수":0,
            "초등학교학업성취도":89.99,
            "중학교학업성취도":80.3,
            "용적률":213,
            "건폐율":19,
            "Y":36.661726,
            "X":127.472608,
            "rank":7.0,
            "area_info":"34평(112.79), 34평(114.29), 39평(130.0), 46평(154.08), 58평(193.74), 69평(229.72)",
            "last_sales":"2021-12-05,33700.0,34평(114.29)",
            "rank_history":[
                [
                    "202203",
                    7
                ],
                [
                    "202202",
                    7
                ],
                [
                    "202201",
                    14
                ]
            ],
            "rank_gap":0
        },
        {
            "index":332,
            "아파트명":"율량5단지선광로즈웰2차",
            "투자타입":"일반",
            "전용면적(m2)":"112.46",
            "전용면적(평)":"34평",
            "법정동주소":"충청북도 청주시 청원구 주성동 336",
            "도로명주소":"충청북도 청주시 청원구 율량로 119",
            "세대수":50,
            "입주년차":80,
            "용적률점수":"--",
            "건폐율점수":"--",
            "세대당주차수":60,
            "난방방식":30,
            "공급면적":"--",
            "전용률":"--",
            "욕실수":100,
            "현관타입":100,
            "주거총점":65.5,
            "지역구공급총점":100.0,
            "역세권":"NA",
            "30분내 이동가능 거점":"NA",
            "1시간내 이동가능 거점":"NA",
            "교통총점":"NA",
            "백화점":0,
            "아울렛몰":0,
            "대형마트":80,
            "은행":0,
            "병원":80,
            "종합병원":100,
            "공원":0,
            "혐오시설":0,
            "인프라총점":40.0,
            "초등학군":89.98,
            "중학군":45.1,
            "학군총점":54.076,
            "인구수":21.18,
            "인구증감":-16.08,
            "인구총점":10.002,
            "일자리":12.43,
            "소득수준":61.51,
            "일자리총점":27.154,
            "가치 총점":52.444,
            "매매실거래년":20220207.0,
            "매매실거래가":42000.0,
            "전세실거래년":20220103.0,
            "전세실거래가":26500.0,
            "전세가율":63.1,
            "장기전세가율평균":76.65,
            "전세가율거품지수":13.55,
            "검색코드":105322,
            "세대수":417.0,
            "준공년월":"2014-11-17",
            "준공년차":9.0,
            "가까운역이름":"NA",
            "가까운역거리":"NA",
            "역세권여부":"NA",
            "30분이내주요거점역":"NA",
            "30분거점역이름":"NA",
            "1시간이내주요거점역":"NA",
            "1시간거점역이름":"NA",
            "3km이내백화점수":0,
            "5km이내아울렛몰수":0,
            "1km이내대형먀트수":1,
            "500m이내은행수":0,
            "500m이내병원수":37,
            "5km이내대형병원수":2,
            "500m이내공원수":0,
            "3km이내혐오시설수":0,
            "초등학교학업성취도":89.98,
            "중학교학업성취도":74.7,
            "용적률":199,
            "건폐율":13,
            "Y":36.672765,
            "X":127.499551,
            "rank":8.0,
            "area_info":"34평(112.46), 34평(112.5), 34평(112.68)",
            "last_sales":"2022-02-07,42000.0,34평(112.46)",
            "rank_history":[
                [
                    "202203",
                    8
                ],
                [
                    "202202",
                    8
                ],
                [
                    "202201",
                    7
                ]
            ],
            "rank_gap":0
        },
        {
            "index":29,
            "아파트명":"율량서희스타힐스",
            "투자타입":"일반",
            "전용면적(m2)":"97.49",
            "전용면적(평)":"29평",
            "법정동주소":"충청북도 청주시 청원구 내덕동 853",
            "도로명주소":"충청북도 청주시 청원구 충청대로84번길 30",
            "세대수":50,
            "입주년차":80,
            "용적률점수":"--",
            "건폐율점수":"--",
            "세대당주차수":60,
            "난방방식":30,
            "공급면적":"--",
            "전용률":"--",
            "욕실수":100,
            "현관타입":100,
            "주거총점":65.5,
            "지역구공급총점":100.0,
            "역세권":"NA",
            "30분내 이동가능 거점":"NA",
            "1시간내 이동가능 거점":"NA",
            "교통총점":"NA",
            "백화점":0,
            "아울렛몰":0,
            "대형마트":80,
            "은행":0,
            "병원":30,
            "종합병원":100,
            "공원":80,
            "혐오시설":0,
            "인프라총점":37.4,
            "초등학군":90.01,
            "중학군":45.1,
            "학군총점":54.082,
            "인구수":21.18,
            "인구증감":-16.08,
            "인구총점":10.002,
            "일자리":12.43,
            "소득수준":61.51,
            "일자리총점":27.154,
            "가치 총점":51.4055,
            "매매실거래년":20220215.0,
            "매매실거래가":37100.0,
            "전세실거래년":20220128.0,
            "전세실거래가":33000.0,
            "전세가율":87.53,
            "장기전세가율평균":76.65,
            "전세가율거품지수":-10.88,
            "검색코드":108375,
            "세대수":508.0,
            "준공년월":"2016-06-24",
            "준공년차":7.0,
            "가까운역이름":"NA",
            "가까운역거리":"NA",
            "역세권여부":"NA",
            "30분이내주요거점역":"NA",
            "30분거점역이름":"NA",
            "1시간이내주요거점역":"NA",
            "1시간거점역이름":"NA",
            "3km이내백화점수":0,
            "5km이내아울렛몰수":0,
            "1km이내대형먀트수":1,
            "500m이내은행수":1,
            "500m이내병원수":7,
            "5km이내대형병원수":4,
            "500m이내공원수":1,
            "3km이내혐오시설수":0,
            "초등학교학업성취도":90.01,
            "중학교학업성취도":74.7,
            "용적률":228,
            "건폐율":17,
            "Y":36.663642,
            "X":127.495093,
            "rank":9.0,
            "area_info":"29평(97.49), 30평(100.48), 33평(110.12)",
            "last_sales":"2022-02-15,37100.0,30평(100.48)",
            "rank_history":[
                [
                    "202203",
                    9
                ],
                [
                    "202202",
                    9
                ],
                [
                    "202201",
                    6
                ]
            ],
            "rank_gap":0
        },
        {
            "index":279,
            "아파트명":"율량7단지선광로즈웰1차",
            "투자타입":"일반",
            "전용면적(m2)":"129.48",
            "전용면적(평)":"39평",
            "법정동주소":"충청북도 청주시 청원구 율량동 2080",
            "도로명주소":"충청북도 청주시 청원구 율량로 157",
            "세대수":30,
            "입주년차":80,
            "용적률점수":"--",
            "건폐율점수":"--",
            "세대당주차수":80,
            "난방방식":30,
            "공급면적":"--",
            "전용률":"--",
            "욕실수":100,
            "현관타입":100,
            "주거총점":61.5,
            "지역구공급총점":100.0,
            "역세권":"NA",
            "30분내 이동가능 거점":"NA",
            "1시간내 이동가능 거점":"NA",
            "교통총점":"NA",
            "백화점":0,
            "아울렛몰":0,
            "대형마트":80,
            "은행":0,
            "병원":60,
            "종합병원":100,
            "공원":80,
            "혐오시설":0,
            "인프라총점":40.4,
            "초등학군":89.98,
            "중학군":45.1,
            "학군총점":54.076,
            "인구수":21.18,
            "인구증감":-16.08,
            "인구총점":10.002,
            "일자리":12.43,
            "소득수준":61.51,
            "일자리총점":27.154,
            "가치 총점":51.204,
            "매매실거래년":20211218.0,
            "매매실거래가":52900.0,
            "전세실거래년":20211214.0,
            "전세실거래가":50000.0,
            "전세가율":94.52,
            "장기전세가율평균":76.65,
            "전세가율거품지수":-17.87,
            "검색코드":104290,
            "세대수":321.0,
            "준공년월":"2014-05-02",
            "준공년차":9.0,
            "가까운역이름":"NA",
            "가까운역거리":"NA",
            "역세권여부":"NA",
            "30분이내주요거점역":"NA",
            "30분거점역이름":"NA",
            "1시간이내주요거점역":"NA",
            "1시간거점역이름":"NA",
            "3km이내백화점수":0,
            "5km이내아울렛몰수":0,
            "1km이내대형먀트수":1,
            "500m이내은행수":0,
            "500m이내병원수":23,
            "5km이내대형병원수":3,
            "500m이내공원수":1,
            "3km이내혐오시설수":0,
            "초등학교학업성취도":89.98,
            "중학교학업성취도":74.7,
            "용적률":199,
            "건폐율":14,
            "Y":36.668514,
            "X":127.500194,
            "rank":10.0,
            "area_info":"39평(129.48)",
            "last_sales":"2021-12-18,52900.0,39평(129.48)",
            "rank_history":[
                [
                    "202203",
                    10
                ],
                [
                    "202202",
                    10
                ],
                [
                    "202201",
                    9
                ]
            ],
            "rank_gap":0
        },
        {
            "index":72,
            "아파트명":"남광하우스토리A단지",
            "투자타입":"일반",
            "전용면적(m2)":"110.54",
            "전용면적(평)":"33평",
            "법정동주소":"충청북도 청주시 청원구 사천동 683",
            "도로명주소":"충청북도 청주시 청원구 율봉로 7",
            "세대수":30,
            "입주년차":60,
            "용적률점수":"--",
            "건폐율점수":"--",
            "세대당주차수":60,
            "난방방식":30,
            "공급면적":"--",
            "전용률":"--",
            "욕실수":100,
            "현관타입":100,
            "주거총점":54.5,
            "지역구공급총점":100.0,
            "역세권":"NA",
            "30분내 이동가능 거점":"NA",
            "1시간내 이동가능 거점":"NA",
            "교통총점":"NA",
            "백화점":0,
            "아울렛몰":80,
            "대형마트":80,
            "은행":0,
            "병원":30,
            "종합병원":100,
            "공원":0,
            "혐오시설":0,
            "인프라총점":43.0,
            "초등학군":89.99,
            "중학군":49.94,
            "학군총점":57.95,
            "인구수":21.18,
            "인구증감":-16.08,
            "인구총점":10.002,
            "일자리":12.43,
            "소득수준":61.51,
            "일자리총점":27.154,
            "가치 총점":50.7625,
            "매매실거래년":20211110.0,
            "매매실거래가":44850.0,
            "전세실거래년":20190413.0,
            "전세실거래가":20000.0,
            "전세가율":61.16,
            "장기전세가율평균":76.65,
            "전세가율거품지수":15.49,
            "검색코드":26509,
            "세대수":333.0,
            "준공년월":"2011-01-21",
            "준공년차":12.0,
            "가까운역이름":"NA",
            "가까운역거리":"NA",
            "역세권여부":"NA",
            "30분이내주요거점역":"NA",
            "30분거점역이름":"NA",
            "1시간이내주요거점역":"NA",
            "1시간거점역이름":"NA",
            "3km이내백화점수":0,
            "5km이내아울렛몰수":1,
            "1km이내대형먀트수":1,
            "500m이내은행수":0,
            "500m이내병원수":5,
            "5km이내대형병원수":4,
            "500m이내공원수":0,
            "3km이내혐오시설수":0,
            "초등학교학업성취도":89.99,
            "중학교학업성취도":80.3,
            "용적률":200,
            "건폐율":15,
            "Y":36.662973,
            "X":127.47128,
            "rank":11.0,
            "area_info":"33평(110.54), 39평(131.66), 46평(153.47), 52평(173.8), 58평(193.31), 69평(228.84)",
            "last_sales":"2021-11-10,44850.0,46평(153.47)",
            "rank_history":[
                [
                    "202203",
                    11
                ],
                [
                    "202202",
                    11
                ],
                [
                    "202201",
                    22
                ]
            ],
            "rank_gap":0
        },
        {
            "index":301,
            "아파트명":"율량현대",
            "투자타입":"재건축",
            "전용면적(m2)":"95.16",
            "전용면적(평)":"28평",
            "법정동주소":"충청북도 청주시 청원구 율량동 890",
            "도로명주소":"충청북도 청주시 청원구 율봉로159번길 10",
            "세대수":80,
            "입주년차":"--",
            "용적률점수":20,
            "건폐율점수":80,
            "세대당주차수":"--",
            "난방방식":"--",
            "공급면적":70,
            "전용률":60,
            "욕실수":"--",
            "현관타입":"--",
            "주거총점":54.5,
            "지역구공급총점":100.0,
            "역세권":"NA",
            "30분내 이동가능 거점":"NA",
            "1시간내 이동가능 거점":"NA",
            "교통총점":"NA",
            "백화점":0,
            "아울렛몰":0,
            "대형마트":100,
            "은행":20,
            "병원":80,
            "종합병원":100,
            "공원":0,
            "혐오시설":0,
            "인프라총점":45.0,
            "초등학군":90.0,
            "중학군":44.98,
            "학군총점":53.984,
            "인구수":21.18,
            "인구증감":-16.08,
            "인구총점":10.002,
            "일자리":12.43,
            "소득수준":61.51,
            "일자리총점":27.154,
            "가치 총점":50.571,
            "매매실거래년":20220112.0,
            "매매실거래가":20300.0,
            "전세실거래년":20220217.0,
            "전세실거래가":12500.0,
            "전세가율":81.17,
            "장기전세가율평균":76.65,
            "전세가율거품지수":-4.52,
            "검색코드":7193,
            "세대수":764.0,
            "준공년월":"1991-12-14",
            "준공년차":32.0,
            "가까운역이름":"NA",
            "가까운역거리":"NA",
            "역세권여부":"NA",
            "30분이내주요거점역":"NA",
            "30분거점역이름":"NA",
            "1시간이내주요거점역":"NA",
            "1시간거점역이름":"NA",
            "3km이내백화점수":0,
            "5km이내아울렛몰수":0,
            "1km이내대형먀트수":2,
            "500m이내은행수":2,
            "500m이내병원수":33,
            "5km이내대형병원수":3,
            "500m이내공원수":0,
            "3km이내혐오시설수":0,
            "초등학교학업성취도":90.0,
            "중학교학업성취도":73.7,
            "용적률":218,
            "건폐율":23,
            "Y":36.668529,
            "X":127.486724,
            "rank":12.0,
            "area_info":"28평(95.16), 29평(97.5), 32평(106.6), 45평(150.8)",
            "last_sales":"2022-01-12,20300.0,45평(150.8)",
            "rank_history":[
                [
                    "202203",
                    12
                ],
                [
                    "202202",
                    12
                ],
                [
                    "202201",
                    10
                ]
            ],
            "rank_gap":0
        },
        {
            "index":184,
            "아파트명":"한신더휴센트럴파크",
            "투자타입":"일반",
            "전용면적(m2)":"114.76",
            "전용면적(평)":"34평",
            "법정동주소":"충청북도 청주시 청원구 오창읍 각리 636-2",
            "도로명주소":"충청북도 청주시 청원구 오창공원로 96",
            "세대수":90,
            "입주년차":80,
            "용적률점수":"--",
            "건폐율점수":"--",
            "세대당주차수":60,
            "난방방식":30,
            "공급면적":"--",
            "전용률":"--",
            "욕실수":100,
            "현관타입":100,
            "주거총점":79.5,
            "지역구공급총점":100.0,
            "역세권":"NA",
            "30분내 이동가능 거점":"NA",
            "1시간내 이동가능 거점":"NA",
            "교통총점":"NA",
            "백화점":0,
            "아울렛몰":0,
            "대형마트":80,
            "은행":0,
            "병원":30,
            "종합병원":0,
            "공원":80,
            "혐오시설":0,
            "인프라총점":17.4,
            "초등학군":90.0,
            "중학군":51.78,
            "학군총점":59.424,
            "인구수":21.18,
            "인구증감":-16.08,
            "인구총점":10.002,
            "일자리":12.43,
            "소득수준":61.51,
            "일자리총점":27.154,
            "가치 총점":49.641,
            "매매실거래년":20180123.0,
            "매매실거래가":61691.0,
            "전세실거래년":null,
            "전세실거래가":null,
            "전세가율":null,
            "장기전세가율평균":76.65,
            "전세가율거품지수":null,
            "검색코드":109511,
            "세대수":1210.0,
            "준공년월":"2018-02-23",
            "준공년차":5.0,
            "가까운역이름":"NA",
            "가까운역거리":"NA",
            "역세권여부":"NA",
            "30분이내주요거점역":"NA",
            "30분거점역이름":"NA",
            "1시간이내주요거점역":"NA",
            "1시간거점역이름":"NA",
            "3km이내백화점수":0,
            "5km이내아울렛몰수":0,
            "1km이내대형먀트수":1,
            "500m이내은행수":0,
            "500m이내병원수":9,
            "5km이내대형병원수":0,
            "500m이내공원수":1,
            "3km이내혐오시설수":0,
            "초등학교학업성취도":90.0,
            "중학교학업성취도":84.1,
            "용적률":669,
            "건폐율":29,
            "Y":36.712945,
            "X":127.422461,
            "rank":13.0,
            "area_info":"34평(114.76), 34평(115.41), 34평(115.1), 34평(115.06), 52평(174.07), 56평(186.29), 62평(205.11)",
            "last_sales":"2018-01-23,61691.0,62평(205.11)",
            "rank_history":[
                [
                    "202203",
                    13
                ],
                [
                    "202202",
                    13
                ],
                [
                    "202201",
                    12
                ]
            ],
            "rank_gap":0
        },
        {
            "index":155,
            "아파트명":"우림필유1차",
            "투자타입":"일반",
            "전용면적(m2)":"84.69",
            "전용면적(평)":"25평",
            "법정동주소":"충청북도 청주시 청원구 오창읍 각리 638-1",
            "도로명주소":"충청북도 청주시 청원구 오창중앙로 13",
            "세대수":90,
            "입주년차":40,
            "용적률점수":"--",
            "건폐율점수":"--",
            "세대당주차수":30,
            "난방방식":30,
            "공급면적":"--",
            "전용률":"--",
            "욕실수":100,
            "현관타입":100,
            "주거총점":67.0,
            "지역구공급총점":100.0,
            "역세권":"NA",
            "30분내 이동가능 거점":"NA",
            "1시간내 이동가능 거점":"NA",
            "교통총점":"NA",
            "백화점":0,
            "아울렛몰":0,
            "대형마트":80,
            "은행":70,
            "병원":60,
            "종합병원":0,
            "공원":100,
            "혐오시설":0,
            "인프라총점":28.0,
            "초등학군":89.99,
            "중학군":51.78,
            "학군총점":59.422,
            "인구수":21.18,
            "인구증감":-16.08,
            "인구총점":10.002,
            "일자리":12.43,
            "소득수준":61.51,
            "일자리총점":27.154,
            "가치 총점":49.5055,
            "매매실거래년":20220126.0,
            "매매실거래가":30000.0,
            "전세실거래년":20220205.0,
            "전세실거래가":14700.0,
            "전세가율":62.55,
            "장기전세가율평균":76.65,
            "전세가율거품지수":14.1,
            "검색코드":19053,
            "세대수":1120.0,
            "준공년월":"2006-05-03",
            "준공년차":17.0,
            "가까운역이름":"NA",
            "가까운역거리":"NA",
            "역세권여부":"NA",
            "30분이내주요거점역":"NA",
            "30분거점역이름":"NA",
            "1시간이내주요거점역":"NA",
            "1시간거점역이름":"NA",
            "3km이내백화점수":0,
            "5km이내아울렛몰수":0,
            "1km이내대형먀트수":1,
            "500m이내은행수":4,
            "500m이내병원수":28,
            "5km이내대형병원수":0,
            "500m이내공원수":3,
            "3km이내혐오시설수":0,
            "초등학교학업성취도":89.99,
            "중학교학업성취도":84.1,
            "용적률":195,
            "건폐율":14,
            "Y":36.709971,
            "X":127.428469,
            "rank":14.0,
            "area_info":"25평(84.69), 25평(85.07), 34평(113.16), 45평(150.97)",
            "last_sales":"2022-01-26,30000.0,34평(113.16)",
            "rank_history":[
                [
                    "202203",
                    14
                ],
                [
                    "202202",
                    14
                ],
                [
                    "202201",
                    13
                ]
            ],
            "rank_gap":0
        },
        {
            "index":128,
            "아파트명":"오창롯데캐슬더하이스트",
            "투자타입":"일반",
            "전용면적(m2)":"85.6",
            "전용면적(평)":"25평",
            "법정동주소":"충청북도 청주시 청원구 오창읍 양청리 810-2",
            "도로명주소":"충청북도 청주시 청원구 중부로 760",
            "세대수":100,
            "입주년차":80,
            "용적률점수":"--",
            "건폐율점수":"--",
            "세대당주차수":60,
            "난방방식":30,
            "공급면적":"--",
            "전용률":"--",
            "욕실수":100,
            "현관타입":100,
            "주거총점":83.0,
            "지역구공급총점":100.0,
            "역세권":"NA",
            "30분내 이동가능 거점":"NA",
            "1시간내 이동가능 거점":"NA",
            "교통총점":"NA",
            "백화점":0,
            "아울렛몰":0,
            "대형마트":80,
            "은행":0,
            "병원":10,
            "종합병원":0,
            "공원":0,
            "혐오시설":0,
            "인프라총점":13.0,
            "초등학군":90.0,
            "중학군":51.78,
            "학군총점":59.424,
            "인구수":21.18,
            "인구증감":-16.08,
            "인구총점":10.002,
            "일자리":12.43,
            "소득수준":61.51,
            "일자리총점":27.154,
            "가치 총점":49.106,
            "매매실거래년":20220207.0,
            "매매실거래가":38800.0,
            "전세실거래년":20220205.0,
            "전세실거래가":30000.0,
            "전세가율":77.32,
            "장기전세가율평균":76.65,
            "전세가율거품지수":-0.67,
            "검색코드":108592,
            "세대수":2500.0,
            "준공년월":"2018-08-30",
            "준공년차":5.0,
            "가까운역이름":"NA",
            "가까운역거리":"NA",
            "역세권여부":"NA",
            "30분이내주요거점역":"NA",
            "30분거점역이름":"NA",
            "1시간이내주요거점역":"NA",
            "1시간거점역이름":"NA",
            "3km이내백화점수":0,
            "5km이내아울렛몰수":0,
            "1km이내대형먀트수":1,
            "500m이내은행수":0,
            "500m이내병원수":2,
            "5km이내대형병원수":0,
            "500m이내공원수":0,
            "3km이내혐오시설수":0,
            "초등학교학업성취도":90.0,
            "중학교학업성취도":84.1,
            "용적률":369,
            "건폐율":65,
            "Y":36.710795,
            "X":127.436981,
            "rank":15.0,
            "area_info":"25평(85.6), 25평(85.53), 30평(100.67), 30평(101.72), 36평(119.85), 36평(120.03), 36평(120.97), 36평(120.05), 36평(120.44), 36평(120.59), 46평(152.63)",
            "last_sales":"2022-02-07,38800.0,25평(85.6)",
            "rank_history":[
                [
                    "202203",
                    15
                ],
                [
                    "202202",
                    15
                ],
                [
                    "202201",
                    11
                ]
            ],
            "rank_gap":0
        },
        {
            "index":165,
            "아파트명":"중앙하이츠빌",
            "투자타입":"일반",
            "전용면적(m2)":"85.68",
            "전용면적(평)":"25평",
            "법정동주소":"충청북도 청주시 청원구 오창읍 각리 637-6",
            "도로명주소":"충청북도 청주시 청원구 오창중앙로 32",
            "세대수":90,
            "입주년차":40,
            "용적률점수":"--",
            "건폐율점수":"--",
            "세대당주차수":60,
            "난방방식":30,
            "공급면적":"--",
            "전용률":"--",
            "욕실수":100,
            "현관타입":100,
            "주거총점":71.5,
            "지역구공급총점":100.0,
            "역세권":"NA",
            "30분내 이동가능 거점":"NA",
            "1시간내 이동가능 거점":"NA",
            "교통총점":"NA",
            "백화점":0,
            "아울렛몰":0,
            "대형마트":80,
            "은행":0,
            "병원":60,
            "종합병원":0,
            "공원":100,
            "혐오시설":0,
            "인프라총점":21.0,
            "초등학군":90.0,
            "중학군":51.78,
            "학군총점":59.424,
            "인구수":21.18,
            "인구증감":-16.08,
            "인구총점":10.002,
            "일자리":12.43,
            "소득수준":61.51,
            "일자리총점":27.154,
            "가치 총점":48.281,
            "매매실거래년":20220219.0,
            "매매실거래가":21500.0,
            "전세실거래년":20220219.0,
            "전세실거래가":15000.0,
            "전세가율":69.77,
            "장기전세가율평균":76.65,
            "전세가율거품지수":6.88,
            "검색코드":19052,
            "세대수":1338.0,
            "준공년월":"2006-05-23",
            "준공년차":17.0,
            "가까운역이름":"NA",
            "가까운역거리":"NA",
            "역세권여부":"NA",
            "30분이내주요거점역":"NA",
            "30분거점역이름":"NA",
            "1시간이내주요거점역":"NA",
            "1시간거점역이름":"NA",
            "3km이내백화점수":0,
            "5km이내아울렛몰수":0,
            "1km이내대형먀트수":1,
            "500m이내은행수":0,
            "500m이내병원수":19,
            "5km이내대형병원수":0,
            "500m이내공원수":2,
            "3km이내혐오시설수":0,
            "초등학교학업성취도":90.0,
            "중학교학업성취도":84.1,
            "용적률":194,
            "건폐율":14,
            "Y":36.709332,
            "X":127.424982,
            "rank":16.0,
            "area_info":"25평(85.68), 34평(115.45), 34평(115.62), 39평(130.55), 48평(160.55), 56평(186.08)",
            "last_sales":"2022-02-19,21500.0,25평(85.68)",
            "rank_history":[
                [
                    "202203",
                    16
                ],
                [
                    "202202",
                    16
                ],
                [
                    "202201",
                    15
                ]
            ],
            "rank_gap":0
        },
        {
            "index":102,
            "아파트명":"신동아",
            "투자타입":"일반",
            "전용면적(m2)":"87.77",
            "전용면적(평)":"26평",
            "법정동주소":"충청북도 청주시 청원구 사천동 229-1",
            "도로명주소":"충청북도 청주시 청원구 율봉로 77",
            "세대수":90,
            "입주년차":0,
            "용적률점수":"--",
            "건폐율점수":"--",
            "세대당주차수":0,
            "난방방식":30,
            "공급면적":"--",
            "전용률":"--",
            "욕실수":50,
            "현관타입":100,
            "주거총점":49.5,
            "지역구공급총점":100.0,
            "역세권":"NA",
            "30분내 이동가능 거점":"NA",
            "1시간내 이동가능 거점":"NA",
            "교통총점":"NA",
            "백화점":0,
            "아울렛몰":0,
            "대형마트":80,
            "은행":0,
            "병원":60,
            "종합병원":100,
            "공원":80,
            "혐오시설":0,
            "인프라총점":40.4,
            "초등학군":90.0,
            "중학군":49.94,
            "학군총점":57.952,
            "인구수":21.18,
            "인구증감":-16.08,
            "인구총점":10.002,
            "일자리":12.43,
            "소득수준":61.51,
            "일자리총점":27.154,
            "가치 총점":47.973,
            "매매실거래년":20220107.0,
            "매매실거래가":19900.0,
            "전세실거래년":20200815.0,
            "전세실거래가":10000.0,
            "전세가율":71.43,
            "장기전세가율평균":76.65,
            "전세가율거품지수":5.22,
            "검색코드":7030,
            "세대수":958.0,
            "준공년월":"1993-05-29",
            "준공년차":30.0,
            "가까운역이름":"NA",
            "가까운역거리":"NA",
            "역세권여부":"NA",
            "30분이내주요거점역":"NA",
            "30분거점역이름":"NA",
            "1시간이내주요거점역":"NA",
            "1시간거점역이름":"NA",
            "3km이내백화점수":0,
            "5km이내아울렛몰수":0,
            "1km이내대형먀트수":1,
            "500m이내은행수":0,
            "500m이내병원수":19,
            "5km이내대형병원수":4,
            "500m이내공원수":1,
            "3km이내혐오시설수":0,
            "초등학교학업성취도":90.0,
            "중학교학업성취도":80.3,
            "용적률":225,
            "건폐율":18,
            "Y":36.66604,
            "X":127.47785,
            "rank":17.0,
            "area_info":"26평(87.77), 26평(88.66), 31평(103.0), 44평(145.97)",
            "last_sales":"2022-01-07,19900.0,44평(145.97)",
            "rank_history":[
                [
                    "202203",
                    17
                ],
                [
                    "202202",
                    17
                ],
                [
                    "202201",
                    16
                ]
            ],
            "rank_gap":0
        },
        {
            "index":250,
            "아파트명":"삼성",
            "투자타입":"일반",
            "전용면적(m2)":"77.38",
            "전용면적(평)":"23평",
            "법정동주소":"충청북도 청주시 청원구 율량동 1182",
            "도로명주소":"충청북도 청주시 청원구 주성로96번길 29-7",
            "세대수":80,
            "입주년차":0,
            "용적률점수":"--",
            "건폐율점수":"--",
            "세대당주차수":0,
            "난방방식":30,
            "공급면적":"--",
            "전용률":"--",
            "욕실수":50,
            "현관타입":100,
            "주거총점":46.0,
            "지역구공급총점":100.0,
            "역세권":"NA",
            "30분내 이동가능 거점":"NA",
            "1시간내 이동가능 거점":"NA",
            "교통총점":"NA",
            "백화점":0,
            "아울렛몰":0,
            "대형마트":80,
            "은행":20,
            "병원":80,
            "종합병원":100,
            "공원":0,
            "혐오시설":0,
            "인프라총점":42.0,
            "초등학군":90.0,
            "중학군":49.94,
            "학군총점":57.952,
            "인구수":21.18,
            "인구증감":-16.08,
            "인구총점":10.002,
            "일자리":12.43,
            "소득수준":61.51,
            "일자리총점":27.154,
            "가치 총점":47.388,
            "매매실거래년":20220221.0,
            "매매실거래가":19200.0,
            "전세실거래년":20220208.0,
            "전세실거래가":15000.0,
            "전세가율":83.8,
            "장기전세가율평균":76.65,
            "전세가율거품지수":-7.15,
            "검색코드":7187,
            "세대수":798.0,
            "준공년월":"1996-05-28",
            "준공년차":27.0,
            "가까운역이름":"NA",
            "가까운역거리":"NA",
            "역세권여부":"NA",
            "30분이내주요거점역":"NA",
            "30분거점역이름":"NA",
            "1시간이내주요거점역":"NA",
            "1시간거점역이름":"NA",
            "3km이내백화점수":0,
            "5km이내아울렛몰수":0,
            "1km이내대형먀트수":1,
            "500m이내은행수":2,
            "500m이내병원수":31,
            "5km이내대형병원수":2,
            "500m이내공원수":0,
            "3km이내혐오시설수":0,
            "초등학교학업성취도":90.0,
            "중학교학업성취도":80.3,
            "용적률":210,
            "건폐율":22,
            "Y":36.66866,
            "X":127.479508,
            "rank":18.0,
            "area_info":"23평(77.38), 31평(104.16)",
            "last_sales":"2022-02-21,19200.0,31평(104.16)",
            "rank_history":[
                [
                    "202203",
                    18
                ],
                [
                    "202202",
                    18
                ],
                [
                    "202201",
                    19
                ]
            ],
            "rank_gap":0
        },
        {
            "index":178,
            "아파트명":"한라비발디",
            "투자타입":"일반",
            "전용면적(m2)":"85.13",
            "전용면적(평)":"25평",
            "법정동주소":"충청북도 청주시 청원구 오창읍 각리 637-1",
            "도로명주소":"충청북도 청주시 청원구 오창중앙로 94",
            "세대수":100,
            "입주년차":40,
            "용적률점수":"--",
            "건폐율점수":"--",
            "세대당주차수":30,
            "난방방식":30,
            "공급면적":"--",
            "전용률":"--",
            "욕실수":100,
            "현관타입":100,
            "주거총점":70.5,
            "지역구공급총점":100.0,
            "역세권":"NA",
            "30분내 이동가능 거점":"NA",
            "1시간내 이동가능 거점":"NA",
            "교통총점":"NA",
            "백화점":0,
            "아울렛몰":0,
            "대형마트":80,
            "은행":0,
            "병원":30,
            "종합병원":0,
            "공원":100,
            "혐오시설":0,
            "인프라총점":18.0,
            "초등학군":90.0,
            "중학군":51.78,
            "학군총점":59.424,
            "인구수":21.18,
            "인구증감":-16.08,
            "인구총점":10.002,
            "일자리":12.43,
            "소득수준":61.51,
            "일자리총점":27.154,
            "가치 총점":46.731,
            "매매실거래년":20220222.0,
            "매매실거래가":37000.0,
            "전세실거래년":20220125.0,
            "전세실거래가":12750.0,
            "전세가율":61.0,
            "장기전세가율평균":76.65,
            "전세가율거품지수":15.65,
            "검색코드":23633,
            "세대수":1529.0,
            "준공년월":"2006-05-24",
            "준공년차":17.0,
            "가까운역이름":"NA",
            "가까운역거리":"NA",
            "역세권여부":"NA",
            "30분이내주요거점역":"NA",
            "30분거점역이름":"NA",
            "1시간이내주요거점역":"NA",
            "1시간거점역이름":"NA",
            "3km이내백화점수":0,
            "5km이내아울렛몰수":0,
            "1km이내대형먀트수":1,
            "500m이내은행수":0,
            "500m이내병원수":6,
            "5km이내대형병원수":0,
            "500m이내공원수":3,
            "3km이내혐오시설수":0,
            "초등학교학업성취도":90.0,
            "중학교학업성취도":84.1,
            "용적률":192,
            "건폐율":13,
            "Y":36.709232,
            "X":127.419252,
            "rank":19.0,
            "area_info":"25평(85.13), 33평(111.04), 40평(132.97), 46평(153.29), 57평(189.32), 77평(255.92)",
            "last_sales":"2022-02-22,37000.0,40평(132.97)",
            "rank_history":[
                [
                    "202203",
                    19
                ],
                [
                    "202202",
                    19
                ],
                [
                    "202201",
                    17
                ]
            ],
            "rank_gap":0
        },
        {
            "index":174,
            "아파트명":"코아루",
            "투자타입":"일반",
            "전용면적(m2)":"86.4",
            "전용면적(평)":"26평",
            "법정동주소":"충청북도 청주시 청원구 오창읍 각리 645-1",
            "도로명주소":"충청북도 청주시 청원구 오창중앙로 27",
            "세대수":90,
            "입주년차":40,
            "용적률점수":"--",
            "건폐율점수":"--",
            "세대당주차수":30,
            "난방방식":30,
            "공급면적":"--",
            "전용률":"--",
            "욕실수":100,
            "현관타입":100,
            "주거총점":67.0,
            "지역구공급총점":100.0,
            "역세권":"NA",
            "30분내 이동가능 거점":"NA",
            "1시간내 이동가능 거점":"NA",
            "교통총점":"NA",
            "백화점":0,
            "아울렛몰":0,
            "대형마트":80,
            "은행":0,
            "병원":60,
            "종합병원":0,
            "공원":100,
            "혐오시설":0,
            "인프라총점":21.0,
            "초등학군":90.0,
            "중학군":51.78,
            "학군총점":59.424,
            "인구수":21.18,
            "인구증감":-16.08,
            "인구총점":10.002,
            "일자리":12.43,
            "소득수준":61.51,
            "일자리총점":27.154,
            "가치 총점":46.706,
            "매매실거래년":20220212.0,
            "매매실거래가":31000.0,
            "전세실거래년":20220223.0,
            "전세실거래가":17000.0,
            "전세가율":74.56,
            "장기전세가율평균":76.65,
            "전세가율거품지수":2.09,
            "검색코드":19050,
            "세대수":948.0,
            "준공년월":"2006-06-02",
            "준공년차":17.0,
            "가까운역이름":"NA",
            "가까운역거리":"NA",
            "역세권여부":"NA",
            "30분이내주요거점역":"NA",
            "30분거점역이름":"NA",
            "1시간이내주요거점역":"NA",
            "1시간거점역이름":"NA",
            "3km이내백화점수":0,
            "5km이내아울렛몰수":0,
            "1km이내대형먀트수":1,
            "500m이내은행수":1,
            "500m이내병원수":17,
            "5km이내대형병원수":0,
            "500m이내공원수":2,
            "3km이내혐오시설수":0,
            "초등학교학업성취도":90.0,
            "중학교학업성취도":84.1,
            "용적률":194,
            "건폐율":14,
            "Y":36.707571,
            "X":127.426114,
            "rank":20.0,
            "area_info":"26평(86.4), 35평(116.44), 35평(116.75), 47평(156.69)",
            "last_sales":"2022-02-12,31000.0,35평(116.44)",
            "rank_history":[
                [
                    "202203",
                    20
                ],
                [
                    "202202",
                    20
                ],
                [
                    "202201",
                    18
                ]
            ],
            "rank_gap":0
        },
        {
            "index":32,
            "아파트명":"이랜드해가든",
            "투자타입":"일반",
            "전용면적(m2)":"112.89",
            "전용면적(평)":"34평",
            "법정동주소":"충청북도 청주시 청원구 내덕동 516-2",
            "도로명주소":"충청북도 청주시 청원구 공항로84번길 30",
            "세대수":0,
            "입주년차":60,
            "용적률점수":"--",
            "건폐율점수":"--",
            "세대당주차수":60,
            "난방방식":30,
            "공급면적":"--",
            "전용률":"--",
            "욕실수":100,
            "현관타입":100,
            "주거총점":44.0,
            "지역구공급총점":100.0,
            "역세권":"NA",
            "30분내 이동가능 거점":"NA",
            "1시간내 이동가능 거점":"NA",
            "교통총점":"NA",
            "백화점":0,
            "아울렛몰":0,
            "대형마트":100,
            "은행":0,
            "병원":60,
            "종합병원":100,
            "공원":0,
            "혐오시설":0,
            "인프라총점":41.0,
            "초등학군":90.0,
            "중학군":49.94,
            "학군총점":57.952,
            "인구수":21.18,
            "인구증감":-16.08,
            "인구총점":10.002,
            "일자리":12.43,
            "소득수준":61.51,
            "일자리총점":27.154,
            "가치 총점":46.288,
            "매매실거래년":20220214.0,
            "매매실거래가":32000.0,
            "전세실거래년":20210529.0,
            "전세실거래가":23500.0,
            "전세가율":73.44,
            "장기전세가율평균":76.65,
            "전세가율거품지수":3.21,
            "검색코드":27823,
            "세대수":236.0,
            "준공년월":"2009-05-28",
            "준공년차":14.0,
            "가까운역이름":"NA",
            "가까운역거리":"NA",
            "역세권여부":"NA",
            "30분이내주요거점역":"NA",
            "30분거점역이름":"NA",
            "1시간이내주요거점역":"NA",
            "1시간거점역이름":"NA",
            "3km이내백화점수":0,
            "5km이내아울렛몰수":0,
            "1km이내대형먀트수":2,
            "500m이내은행수":1,
            "500m이내병원수":25,
            "5km이내대형병원수":3,
            "500m이내공원수":0,
            "3km이내혐오시설수":0,
            "초등학교학업성취도":90.0,
            "중학교학업성취도":80.3,
            "용적률":212,
            "건폐율":20,
            "Y":36.664849,
            "X":127.488248,
            "rank":21.0,
            "area_info":"34평(112.89), 34평(113.45)",
            "last_sales":"2022-02-14,32000.0,34평(112.89)",
            "rank_history":[
                [
                    "202203",
                    21
                ],
                [
                    "202202",
                    21
                ],
                [
                    "202201",
                    20
                ]
            ],
            "rank_gap":0
        },
        {
            "index":159,
            "아파트명":"우림필유2차",
            "투자타입":"일반",
            "전용면적(m2)":"86.61",
            "전용면적(평)":"26평",
            "법정동주소":"충청북도 청주시 청원구 오창읍 각리 646-1",
            "도로명주소":"충청북도 청주시 청원구 오창중앙로 65",
            "세대수":100,
            "입주년차":40,
            "용적률점수":"--",
            "건폐율점수":"--",
            "세대당주차수":30,
            "난방방식":30,
            "공급면적":"--",
            "전용률":"--",
            "욕실수":100,
            "현관타입":100,
            "주거총점":70.5,
            "지역구공급총점":100.0,
            "역세권":"NA",
            "30분내 이동가능 거점":"NA",
            "1시간내 이동가능 거점":"NA",
            "교통총점":"NA",
            "백화점":0,
            "아울렛몰":0,
            "대형마트":80,
            "은행":0,
            "병원":0,
            "종합병원":0,
            "공원":100,
            "혐오시설":0,
            "인프라총점":15.0,
            "초등학군":90.0,
            "중학군":51.78,
            "학군총점":59.424,
            "인구수":21.18,
            "인구증감":-16.08,
            "인구총점":10.002,
            "일자리":12.43,
            "소득수준":61.51,
            "일자리총점":27.154,
            "가치 총점":45.531,
            "매매실거래년":20220203.0,
            "매매실거래가":30500.0,
            "전세실거래년":20220219.0,
            "전세실거래가":23000.0,
            "전세가율":93.88,
            "장기전세가율평균":76.65,
            "전세가율거품지수":-17.23,
            "검색코드":19396,
            "세대수":1602.0,
            "준공년월":"2006-11-22",
            "준공년차":17.0,
            "가까운역이름":"NA",
            "가까운역거리":"NA",
            "역세권여부":"NA",
            "30분이내주요거점역":"NA",
            "30분거점역이름":"NA",
            "1시간이내주요거점역":"NA",
            "1시간거점역이름":"NA",
            "3km이내백화점수":0,
            "5km이내아울렛몰수":0,
            "1km이내대형먀트수":1,
            "500m이내은행수":0,
            "500m이내병원수":1,
            "5km이내대형병원수":0,
            "500m이내공원수":2,
            "3km이내혐오시설수":0,
            "초등학교학업성취도":90.0,
            "중학교학업성취도":84.1,
            "용적률":195,
            "건폐율":14,
            "Y":36.705674,
            "X":127.423375,
            "rank":22.0,
            "area_info":"26평(86.61), 26평(86.61), 34평(113.07), 34평(114.7), 47평(156.11), 61평(202.06)",
            "last_sales":"2022-02-03,30500.0,34평(114.7)",
            "rank_history":[
                [
                    "202203",
                    22
                ],
                [
                    "202202",
                    22
                ],
                [
                    "202201",
                    21
                ]
            ],
            "rank_gap":0
        },
        {
            "index":199,
            "아파트명":"문화",
            "투자타입":"재건축",
            "전용면적(m2)":"66.33",
            "전용면적(평)":"20평",
            "법정동주소":"충청북도 청주시 청원구 우암동 261-34",
            "도로명주소":"충청북도 청주시 청원구 우암로9번길 42-32",
            "세대수":0,
            "입주년차":"--",
            "용적률점수":100,
            "건폐율점수":80,
            "세대당주차수":"--",
            "난방방식":"--",
            "공급면적":50,
            "전용률":100,
            "욕실수":"--",
            "현관타입":"--",
            "주거총점":63.5,
            "지역구공급총점":100.0,
            "역세권":"NA",
            "30분내 이동가능 거점":"NA",
            "1시간내 이동가능 거점":"NA",
            "교통총점":"NA",
            "백화점":0,
            "아울렛몰":0,
            "대형마트":0,
            "은행":20,
            "병원":10,
            "종합병원":100,
            "공원":100,
            "혐오시설":0,
            "인프라총점":26.0,
            "초등학군":90.01,
            "중학군":41.08,
            "학군총점":50.866,
            "인구수":21.18,
            "인구증감":-16.08,
            "인구총점":10.002,
            "일자리":12.43,
            "소득수준":61.51,
            "일자리총점":27.154,
            "가치 총점":45.3415,
            "매매실거래년":20210919.0,
            "매매실거래가":4500.0,
            "전세실거래년":20200912.0,
            "전세실거래가":8600.0,
            "전세가율":191.11,
            "장기전세가율평균":76.65,
            "전세가율거품지수":-114.46,
            "검색코드":110176,
            "세대수":70.0,
            "준공년월":"1984-03-10",
            "준공년차":39.0,
            "가까운역이름":"NA",
            "가까운역거리":"NA",
            "역세권여부":"NA",
            "30분이내주요거점역":"NA",
            "30분거점역이름":"NA",
            "1시간이내주요거점역":"NA",
            "1시간거점역이름":"NA",
            "3km이내백화점수":0,
            "5km이내아울렛몰수":0,
            "1km이내대형먀트수":0,
            "500m이내은행수":2,
            "500m이내병원수":4,
            "5km이내대형병원수":5,
            "500m이내공원수":4,
            "3km이내혐오시설수":0,
            "초등학교학업성취도":90.01,
            "중학교학업성취도":67.0,
            "용적률":133,
            "건폐율":27,
            "Y":36.653601,
            "X":127.481611,
            "rank":23.0,
            "area_info":"20평(66.33), 21평(72.26)",
            "last_sales":"2021-09-19,4500.0,20평(66.33)",
            "rank_history":[
                [
                    "202203",
                    23
                ],
                [
                    "202202",
                    9999
                ]
            ],
            "rank_gap":9999
        },
        {
            "index":228,
            "아파트명":"대원칸타빌4차",
            "투자타입":"일반",
            "전용면적(m2)":"110.64",
            "전용면적(평)":"33평",
            "법정동주소":"충청북도 청주시 청원구 율량동 2246",
            "도로명주소":"충청북도 청주시 청원구 율중로 10",
            "세대수":50,
            "입주년차":80,
            "용적률점수":"--",
            "건폐율점수":"--",
            "세대당주차수":60,
            "난방방식":30,
            "공급면적":"--",
            "전용률":"--",
            "욕실수":100,
            "현관타입":100,
            "주거총점":65.5,
            "지역구공급총점":100.0,
            "역세권":"NA",
            "30분내 이동가능 거점":"NA",
            "1시간내 이동가능 거점":"NA",
            "교통총점":"NA",
            "백화점":0,
            "아울렛몰":0,
            "대형마트":0,
            "은행":0,
            "병원":10,
            "종합병원":100,
            "공원":0,
            "혐오시설":0,
            "인프라총점":21.0,
            "초등학군":89.98,
            "중학군":45.1,
            "학군총점":54.076,
            "인구수":21.18,
            "인구증감":-16.08,
            "인구총점":10.002,
            "일자리":12.43,
            "소득수준":61.51,
            "일자리총점":27.154,
            "가치 총점":44.844,
            "매매실거래년":20211103.0,
            "매매실거래가":56800.0,
            "전세실거래년":20220128.0,
            "전세실거래가":36000.0,
            "전세가율":80.0,
            "장기전세가율평균":76.65,
            "전세가율거품지수":-3.35,
            "검색코드":107120,
            "세대수":614.0,
            "준공년월":"2015-12-14",
            "준공년차":8.0,
            "가까운역이름":"NA",
            "가까운역거리":"NA",
            "역세권여부":"NA",
            "30분이내주요거점역":"NA",
            "30분거점역이름":"NA",
            "1시간이내주요거점역":"NA",
            "1시간거점역이름":"NA",
            "3km이내백화점수":0,
            "5km이내아울렛몰수":0,
            "1km이내대형먀트수":0,
            "500m이내은행수":0,
            "500m이내병원수":3,
            "5km이내대형병원수":4,
            "500m이내공원수":0,
            "3km이내혐오시설수":0,
            "초등학교학업성취도":89.98,
            "중학교학업성취도":74.7,
            "용적률":179,
            "건폐율":14,
            "Y":36.661434,
            "X":127.505387,
            "rank":24.0,
            "area_info":"33평(110.64), 33평(110.21), 33평(111.9), 39평(131.25), 49평(163.74)",
            "last_sales":"2021-11-03,56800.0,39평(131.25)",
            "rank_history":[
                [
                    "202203",
                    24
                ],
                [
                    "202202",
                    23
                ],
                [
                    "202201",
                    23
                ]
            ],
            "rank_gap":-1
        },
        {
            "index":308,
            "아파트명":"제일풍경채",
            "투자타입":"일반",
            "전용면적(m2)":"94.28",
            "전용면적(평)":"28평",
            "법정동주소":"충청북도 청주시 청원구 율량동 2456",
            "도로명주소":"충청북도 청주시 청원구 율중로7번길 100",
            "세대수":50,
            "입주년차":80,
            "용적률점수":"--",
            "건폐율점수":"--",
            "세대당주차수":60,
            "난방방식":30,
            "공급면적":"--",
            "전용률":"--",
            "욕실수":100,
            "현관타입":100,
            "주거총점":65.5,
            "지역구공급총점":100.0,
            "역세권":"NA",
            "30분내 이동가능 거점":"NA",
            "1시간내 이동가능 거점":"NA",
            "교통총점":"NA",
            "백화점":0,
            "아울렛몰":0,
            "대형마트":0,
            "은행":0,
            "병원":0,
            "종합병원":100,
            "공원":0,
            "혐오시설":0,
            "인프라총점":20.0,
            "초등학군":89.98,
            "중학군":45.1,
            "학군총점":54.076,
            "인구수":21.18,
            "인구증감":-16.08,
            "인구총점":10.002,
            "일자리":12.43,
            "소득수준":61.51,
            "일자리총점":27.154,
            "가치 총점":44.444,
            "매매실거래년":20220212.0,
            "매매실거래가":37000.0,
            "전세실거래년":20210803.0,
            "전세실거래가":8000.0,
            "전세가율":24.62,
            "장기전세가율평균":76.65,
            "전세가율거품지수":52.03,
            "검색코드":108436,
            "세대수":422.0,
            "준공년월":"2016-07-29",
            "준공년차":7.0,
            "가까운역이름":"NA",
            "가까운역거리":"NA",
            "역세권여부":"NA",
            "30분이내주요거점역":"NA",
            "30분거점역이름":"NA",
            "1시간이내주요거점역":"NA",
            "1시간거점역이름":"NA",
            "3km이내백화점수":0,
            "5km이내아울렛몰수":0,
            "1km이내대형먀트수":0,
            "500m이내은행수":0,
            "500m이내병원수":1,
            "5km이내대형병원수":4,
            "500m이내공원수":0,
            "3km이내혐오시설수":0,
            "초등학교학업성취도":89.98,
            "중학교학업성취도":74.7,
            "용적률":199,
            "건폐율":14,
            "Y":36.658416,
            "X":127.512986,
            "rank":25.0,
            "area_info":"28평(94.28), 28평(94.66), 33평(110.85), 33평(111.6)",
            "last_sales":"2022-02-12,37000.0,33평(110.85)",
            "rank_history":[
                [
                    "202203",
                    25
                ],
                [
                    "202202",
                    24
                ],
                [
                    "202201",
                    24
                ]
            ],
            "rank_gap":-1
        },
        {
            "index":139,
            "아파트명":"오창모아미래도와이드시티",
            "투자타입":"일반",
            "전용면적(m2)":"99.13",
            "전용면적(평)":"29평",
            "법정동주소":"충청북도 청주시 청원구 오창읍 주성리 562",
            "도로명주소":"충청북도 청주시 청원구 2산단로 167",
            "세대수":50,
            "입주년차":80,
            "용적률점수":"--",
            "건폐율점수":"--",
            "세대당주차수":60,
            "난방방식":30,
            "공급면적":"--",
            "전용률":"--",
            "욕실수":100,
            "현관타입":100,
            "주거총점":65.5,
            "지역구공급총점":100.0,
            "역세권":"NA",
            "30분내 이동가능 거점":"NA",
            "1시간내 이동가능 거점":"NA",
            "교통총점":"NA",
            "백화점":0,
            "아울렛몰":0,
            "대형마트":80,
            "은행":0,
            "병원":60,
            "종합병원":0,
            "공원":80,
            "혐오시설":0,
            "인프라총점":20.4,
            "초등학군":89.99,
            "중학군":43.62,
            "학군총점":52.894,
            "인구수":21.18,
            "인구증감":-16.08,
            "인구총점":10.002,
            "일자리":12.43,
            "소득수준":61.51,
            "일자리총점":27.154,
            "가치 총점":44.3085,
            "매매실거래년":20211115.0,
            "매매실거래가":42000.0,
            "전세실거래년":20210621.0,
            "전세실거래가":17000.0,
            "전세가율":48.57,
            "장기전세가율평균":76.65,
            "전세가율거품지수":28.08,
            "검색코드":107657,
            "세대수":472.0,
            "준공년월":"2016-01-07",
            "준공년차":7.0,
            "가까운역이름":"NA",
            "가까운역거리":"NA",
            "역세권여부":"NA",
            "30분이내주요거점역":"NA",
            "30분거점역이름":"NA",
            "1시간이내주요거점역":"NA",
            "1시간거점역이름":"NA",
            "3km이내백화점수":0,
            "5km이내아울렛몰수":0,
            "1km이내대형먀트수":1,
            "500m이내은행수":0,
            "500m이내병원수":10,
            "5km이내대형병원수":0,
            "500m이내공원수":1,
            "3km이내혐오시설수":0,
            "초등학교학업성취도":89.99,
            "중학교학업성취도":72.7,
            "용적률":199,
            "건폐율":18,
            "Y":36.736378,
            "X":127.452462,
            "rank":26.0,
            "area_info":"29평(99.13), 33평(110.47)",
            "last_sales":"2021-11-15,42000.0,33평(110.47)",
            "rank_history":[
                [
                    "202203",
                    26
                ],
                [
                    "202202",
                    25
                ],
                [
                    "202201",
                    27
                ]
            ],
            "rank_gap":-1
        },
        {
            "index":305,
            "아파트명":"율량효성2차",
            "투자타입":"일반",
            "전용면적(m2)":"63.54",
            "전용면적(평)":"19평",
            "법정동주소":"충청북도 청주시 청원구 율량동 1263",
            "도로명주소":"충청북도 청주시 청원구 사뜸로67번길 13",
            "세대수":50,
            "입주년차":0,
            "용적률점수":"--",
            "건폐율점수":"--",
            "세대당주차수":0,
            "난방방식":30,
            "공급면적":"--",
            "전용률":"--",
            "욕실수":50,
            "현관타입":10,
            "주거총점":26.5,
            "지역구공급총점":100.0,
            "역세권":"NA",
            "30분내 이동가능 거점":"NA",
            "1시간내 이동가능 거점":"NA",
            "교통총점":"NA",
            "백화점":0,
            "아울렛몰":0,
            "대형마트":80,
            "은행":70,
            "병원":80,
            "종합병원":100,
            "공원":80,
            "혐오시설":0,
            "인프라총점":49.4,
            "초등학군":90.0,
            "중학군":49.94,
            "학군총점":57.952,
            "인구수":21.18,
            "인구증감":-16.08,
            "인구총점":10.002,
            "일자리":12.43,
            "소득수준":61.51,
            "일자리총점":27.154,
            "가치 총점":43.523,
            "매매실거래년":20220206.0,
            "매매실거래가":13000.0,
            "전세실거래년":20220216.0,
            "전세실거래가":10000.0,
            "전세가율":105.82,
            "장기전세가율평균":76.65,
            "전세가율거품지수":-29.17,
            "검색코드":13006,
            "세대수":440.0,
            "준공년월":"1997-01-21",
            "준공년차":26.0,
            "가까운역이름":"NA",
            "가까운역거리":"NA",
            "역세권여부":"NA",
            "30분이내주요거점역":"NA",
            "30분거점역이름":"NA",
            "1시간이내주요거점역":"NA",
            "1시간거점역이름":"NA",
            "3km이내백화점수":0,
            "5km이내아울렛몰수":0,
            "1km이내대형먀트수":1,
            "500m이내은행수":3,
            "500m이내병원수":43,
            "5km이내대형병원수":3,
            "500m이내공원수":1,
            "3km이내혐오시설수":0,
            "초등학교학업성취도":90.0,
            "중학교학업성취도":80.3,
            "용적률":0,
            "건폐율":0,
            "Y":36.667736,
            "X":127.480655,
            "rank":27.0,
            "area_info":"19평(63.54), 25평(83.01), 26평(86.94)",
            "last_sales":"2022-02-06,13000.0,25평(83.01)",
            "rank_history":[
                [
                    "202203",
                    27
                ],
                [
                    "202202",
                    26
                ],
                [
                    "202201",
                    25
                ]
            ],
            "rank_gap":-1
        },
        {
            "index":126,
            "아파트명":"오창대성베르힐",
            "투자타입":"일반",
            "전용면적(m2)":"97.76",
            "전용면적(평)":"29평",
            "법정동주소":"충청북도 청주시 청원구 오창읍 주성리 556",
            "도로명주소":"충청북도 청주시 청원구 2산단로 160",
            "세대수":50,
            "입주년차":80,
            "용적률점수":"--",
            "건폐율점수":"--",
            "세대당주차수":60,
            "난방방식":30,
            "공급면적":"--",
            "전용률":"--",
            "욕실수":100,
            "현관타입":100,
            "주거총점":65.5,
            "지역구공급총점":100.0,
            "역세권":"NA",
            "30분내 이동가능 거점":"NA",
            "1시간내 이동가능 거점":"NA",
            "교통총점":"NA",
            "백화점":0,
            "아울렛몰":0,
            "대형마트":80,
            "은행":0,
            "병원":60,
            "종합병원":0,
            "공원":0,
            "혐오시설":0,
            "인프라총점":18.0,
            "초등학군":89.99,
            "중학군":43.62,
            "학군총점":52.894,
            "인구수":21.18,
            "인구증감":-16.08,
            "인구총점":10.002,
            "일자리":12.43,
            "소득수준":61.51,
            "일자리총점":27.154,
            "가치 총점":43.3485,
            "매매실거래년":20220219.0,
            "매매실거래가":39000.0,
            "전세실거래년":20210626.0,
            "전세실거래가":26000.0,
            "전세가율":75.8,
            "장기전세가율평균":76.65,
            "전세가율거품지수":0.85,
            "검색코드":107695,
            "세대수":587.0,
            "준공년월":"2015-07-10",
            "준공년차":8.0,
            "가까운역이름":"NA",
            "가까운역거리":"NA",
            "역세권여부":"NA",
            "30분이내주요거점역":"NA",
            "30분거점역이름":"NA",
            "1시간이내주요거점역":"NA",
            "1시간거점역이름":"NA",
            "3km이내백화점수":0,
            "5km이내아울렛몰수":0,
            "1km이내대형먀트수":1,
            "500m이내은행수":0,
            "500m이내병원수":11,
            "5km이내대형병원수":0,
            "500m이내공원수":0,
            "3km이내혐오시설수":0,
            "초등학교학업성취도":89.99,
            "중학교학업성취도":72.7,
            "용적률":179,
            "건폐율":17,
            "Y":36.734582,
            "X":127.453322,
            "rank":28.0,
            "area_info":"29평(97.76), 33평(110.47)",
            "last_sales":"2022-02-19,39000.0,33평(110.47)",
            "rank_history":[
                [
                    "202203",
                    28
                ],
                [
                    "202202",
                    27
                ],
                [
                    "202201",
                    30
                ]
            ],
            "rank_gap":-1
        },
        {
            "index":110,
            "아파트명":"카운티스",
            "투자타입":"일반",
            "전용면적(m2)":"106.86",
            "전용면적(평)":"32평",
            "법정동주소":"충청북도 청주시 청원구 사천동 25",
            "도로명주소":"충청북도 청주시 청원구 주성로132번길 9",
            "세대수":0,
            "입주년차":20,
            "용적률점수":"--",
            "건폐율점수":"--",
            "세대당주차수":30,
            "난방방식":30,
            "공급면적":"--",
            "전용률":"--",
            "욕실수":100,
            "현관타입":100,
            "주거총점":31.5,
            "지역구공급총점":100.0,
            "역세권":"NA",
            "30분내 이동가능 거점":"NA",
            "1시간내 이동가능 거점":"NA",
            "교통총점":"NA",
            "백화점":0,
            "아울렛몰":0,
            "대형마트":80,
            "은행":70,
            "병원":80,
            "종합병원":100,
            "공원":0,
            "혐오시설":0,
            "인프라총점":47.0,
            "초등학군":90.0,
            "중학군":44.98,
            "학군총점":53.984,
            "인구수":21.18,
            "인구증감":-16.08,
            "인구총점":10.002,
            "일자리":12.43,
            "소득수준":61.51,
            "일자리총점":27.154,
            "가치 총점":43.321,
            "매매실거래년":20210911.0,
            "매매실거래가":24200.0,
            "전세실거래년":20201009.0,
            "전세실거래가":17000.0,
            "전세가율":70.25,
            "장기전세가율평균":76.65,
            "전세가율거품지수":6.4,
            "검색코드":26341,
            "세대수":86.0,
            "준공년월":"2003-10-31",
            "준공년차":20.0,
            "가까운역이름":"NA",
            "가까운역거리":"NA",
            "역세권여부":"NA",
            "30분이내주요거점역":"NA",
            "30분거점역이름":"NA",
            "1시간이내주요거점역":"NA",
            "1시간거점역이름":"NA",
            "3km이내백화점수":0,
            "5km이내아울렛몰수":0,
            "1km이내대형먀트수":1,
            "500m이내은행수":3,
            "500m이내병원수":42,
            "5km이내대형병원수":2,
            "500m이내공원수":0,
            "3km이내혐오시설수":0,
            "초등학교학업성취도":90.0,
            "중학교학업성취도":73.7,
            "용적률":186,
            "건폐율":16,
            "Y":36.670284,
            "X":127.48207,
            "rank":29.0,
            "area_info":"32평(106.86)",
            "last_sales":"2021-09-11,24200.0,32평(106.86)",
            "rank_history":[
                [
                    "202203",
                    29
                ],
                [
                    "202202",
                    9999
                ]
            ],
            "rank_gap":9999
        },
        {
            "index":259,
            "아파트명":"성원",
            "투자타입":"일반",
            "전용면적(m2)":"75.18",
            "전용면적(평)":"22평",
            "법정동주소":"충청북도 청주시 청원구 율량동 1204",
            "도로명주소":"충청북도 청주시 청원구 주성로132번길 10",
            "세대수":30,
            "입주년차":0,
            "용적률점수":"--",
            "건폐율점수":"--",
            "세대당주차수":0,
            "난방방식":30,
            "공급면적":"--",
            "전용률":"--",
            "욕실수":50,
            "현관타입":100,
            "주거총점":28.5,
            "지역구공급총점":100.0,
            "역세권":"NA",
            "30분내 이동가능 거점":"NA",
            "1시간내 이동가능 거점":"NA",
            "교통총점":"NA",
            "백화점":0,
            "아울렛몰":0,
            "대형마트":80,
            "은행":70,
            "병원":80,
            "종합병원":100,
            "공원":0,
            "혐오시설":0,
            "인프라총점":47.0,
            "초등학군":90.0,
            "중학군":49.94,
            "학군총점":57.952,
            "인구수":21.18,
            "인구증감":-16.08,
            "인구총점":10.002,
            "일자리":12.43,
            "소득수준":61.51,
            "일자리총점":27.154,
            "가치 총점":43.263,
            "매매실거래년":20220205.0,
            "매매실거래가":15400.0,
            "전세실거래년":20210827.0,
            "전세실거래가":12500.0,
            "전세가율":81.17,
            "장기전세가율평균":76.65,
            "전세가율거품지수":-4.52,
            "검색코드":7191,
            "세대수":365.0,
            "준공년월":"1995-07-19",
            "준공년차":28.0,
            "가까운역이름":"NA",
            "가까운역거리":"NA",
            "역세권여부":"NA",
            "30분이내주요거점역":"NA",
            "30분거점역이름":"NA",
            "1시간이내주요거점역":"NA",
            "1시간거점역이름":"NA",
            "3km이내백화점수":0,
            "5km이내아울렛몰수":0,
            "1km이내대형먀트수":1,
            "500m이내은행수":3,
            "500m이내병원수":42,
            "5km이내대형병원수":2,
            "500m이내공원수":0,
            "3km이내혐오시설수":0,
            "초등학교학업성취도":90.0,
            "중학교학업성취도":80.3,
            "용적률":238,
            "건폐율":19,
            "Y":36.669856,
            "X":127.480999,
            "rank":30.0,
            "area_info":"22평(75.18), 31평(103.0)",
            "last_sales":"2022-02-05,15400.0,22평(75.18)",
            "rank_history":[
                [
                    "202203",
                    30
                ],
                [
                    "202202",
                    28
                ],
                [
                    "202201",
                    26
                ]
            ],
            "rank_gap":-2
        },
        {
            "index":94,
            "아파트명":"사천동아1차",
            "투자타입":"일반",
            "전용면적(m2)":"103.55",
            "전용면적(평)":"31평",
            "법정동주소":"충청북도 청주시 청원구 사천동 437",
            "도로명주소":"충청북도 청주시 청원구 율봉로 31",
            "세대수":50,
            "입주년차":0,
            "용적률점수":"--",
            "건폐율점수":"--",
            "세대당주차수":0,
            "난방방식":30,
            "공급면적":"--",
            "전용률":"--",
            "욕실수":100,
            "현관타입":100,
            "주거총점":40.5,
            "지역구공급총점":100.0,
            "역세권":"NA",
            "30분내 이동가능 거점":"NA",
            "1시간내 이동가능 거점":"NA",
            "교통총점":"NA",
            "백화점":0,
            "아울렛몰":0,
            "대형마트":80,
            "은행":0,
            "병원":30,
            "종합병원":100,
            "공원":0,
            "혐오시설":0,
            "인프라총점":35.0,
            "초등학군":89.99,
            "중학군":49.94,
            "학군총점":57.95,
            "인구수":21.18,
            "인구증감":-16.08,
            "인구총점":10.002,
            "일자리":12.43,
            "소득수준":61.51,
            "일자리총점":27.154,
            "가치 총점":42.6625,
            "매매실거래년":20211212.0,
            "매매실거래가":18200.0,
            "전세실거래년":20210624.0,
            "전세실거래가":10000.0,
            "전세가율":54.95,
            "장기전세가율평균":76.65,
            "전세가율거품지수":21.7,
            "검색코드":7027,
            "세대수":461.0,
            "준공년월":"1994-05-28",
            "준공년차":29.0,
            "가까운역이름":"NA",
            "가까운역거리":"NA",
            "역세권여부":"NA",
            "30분이내주요거점역":"NA",
            "30분거점역이름":"NA",
            "1시간이내주요거점역":"NA",
            "1시간거점역이름":"NA",
            "3km이내백화점수":0,
            "5km이내아울렛몰수":0,
            "1km이내대형먀트수":1,
            "500m이내은행수":0,
            "500m이내병원수":6,
            "5km이내대형병원수":4,
            "500m이내공원수":0,
            "3km이내혐오시설수":0,
            "초등학교학업성취도":89.99,
            "중학교학업성취도":80.3,
            "용적률":224,
            "건폐율":19,
            "Y":36.663976,
            "X":127.473969,
            "rank":31.0,
            "area_info":"31평(103.55), 47평(156.02), 57평(188.84), 57평(189.04)",
            "last_sales":"2021-12-12,18200.0,31평(103.55)",
            "rank_history":[
                [
                    "202203",
                    31
                ],
                [
                    "202202",
                    29
                ],
                [
                    "202201",
                    44
                ]
            ],
            "rank_gap":-2
        },
        {
            "index":276,
            "아파트명":"신세대",
            "투자타입":"일반",
            "전용면적(m2)":"74.42",
            "전용면적(평)":"22평",
            "법정동주소":"충청북도 청주시 청원구 율량동 1393",
            "도로명주소":"충청북도 청주시 청원구 사뜸로 44",
            "세대수":0,
            "입주년차":0,
            "용적률점수":"--",
            "건폐율점수":"--",
            "세대당주차수":0,
            "난방방식":30,
            "공급면적":"--",
            "전용률":"--",
            "욕실수":100,
            "현관타입":100,
            "주거총점":23.0,
            "지역구공급총점":100.0,
            "역세권":"NA",
            "30분내 이동가능 거점":"NA",
            "1시간내 이동가능 거점":"NA",
            "교통총점":"NA",
            "백화점":0,
            "아울렛몰":0,
            "대형마트":80,
            "은행":70,
            "병원":80,
            "종합병원":100,
            "공원":80,
            "혐오시설":0,
            "인프라총점":49.4,
            "초등학군":90.0,
            "중학군":49.94,
            "학군총점":57.952,
            "인구수":21.18,
            "인구증감":-16.08,
            "인구총점":10.002,
            "일자리":12.43,
            "소득수준":61.51,
            "일자리총점":27.154,
            "가치 총점":42.298,
            "매매실거래년":20211128.0,
            "매매실거래가":12500.0,
            "전세실거래년":20201114.0,
            "전세실거래가":9500.0,
            "전세가율":76.0,
            "장기전세가율평균":76.65,
            "전세가율거품지수":0.65,
            "검색코드":15415,
            "세대수":127.0,
            "준공년월":"1996-01-15",
            "준공년차":27.0,
            "가까운역이름":"NA",
            "가까운역거리":"NA",
            "역세권여부":"NA",
            "30분이내주요거점역":"NA",
            "30분거점역이름":"NA",
            "1시간이내주요거점역":"NA",
            "1시간거점역이름":"NA",
            "3km이내백화점수":0,
            "5km이내아울렛몰수":0,
            "1km이내대형먀트수":1,
            "500m이내은행수":3,
            "500m이내병원수":38,
            "5km이내대형병원수":3,
            "500m이내공원수":1,
            "3km이내혐오시설수":0,
            "초등학교학업성취도":90.0,
            "중학교학업성취도":80.3,
            "용적률":229,
            "건폐율":0,
            "Y":36.666,
            "X":127.48226,
            "rank":32.0,
            "area_info":"22평(74.42), 31평(105.4), 31평(105.42)",
            "last_sales":"2021-11-28,12500.0,22평(74.42)",
            "rank_history":[
                [
                    "202203",
                    32
                ],
                [
                    "202202",
                    30
                ],
                [
                    "202201",
                    28
                ]
            ],
            "rank_gap":-2
        },
        {
            "index":106,
            "아파트명":"정도드림-빌",
            "투자타입":"일반",
            "전용면적(m2)":"41.09",
            "전용면적(평)":"12평",
            "법정동주소":"충청북도 청주시 청원구 사천동 25-2",
            "도로명주소":"충청북도 청주시 청원구 공항로 159-12",
            "세대수":50,
            "입주년차":20,
            "용적률점수":"--",
            "건폐율점수":"--",
            "세대당주차수":0,
            "난방방식":30,
            "공급면적":"--",
            "전용률":"--",
            "욕실수":50,
            "현관타입":10,
            "주거총점":30.5,
            "지역구공급총점":100.0,
            "역세권":"NA",
            "30분내 이동가능 거점":"NA",
            "1시간내 이동가능 거점":"NA",
            "교통총점":"NA",
            "백화점":0,
            "아울렛몰":0,
            "대형마트":80,
            "은행":70,
            "병원":60,
            "종합병원":100,
            "공원":0,
            "혐오시설":0,
            "인프라총점":45.0,
            "초등학군":90.0,
            "중학군":44.98,
            "학군총점":53.984,
            "인구수":21.18,
            "인구증감":-16.08,
            "인구총점":10.002,
            "일자리":12.43,
            "소득수준":61.51,
            "일자리총점":27.154,
            "가치 총점":42.171,
            "매매실거래년":20220212.0,
            "매매실거래가":5600.0,
            "전세실거래년":20220204.0,
            "전세실거래가":4000.0,
            "전세가율":71.43,
            "장기전세가율평균":76.65,
            "전세가율거품지수":5.22,
            "검색코드":106337,
            "세대수":499.0,
            "준공년월":"1999-11-17",
            "준공년차":24.0,
            "가까운역이름":"NA",
            "가까운역거리":"NA",
            "역세권여부":"NA",
            "30분이내주요거점역":"NA",
            "30분거점역이름":"NA",
            "1시간이내주요거점역":"NA",
            "1시간거점역이름":"NA",
            "3km이내백화점수":0,
            "5km이내아울렛몰수":0,
            "1km이내대형먀트수":1,
            "500m이내은행수":4,
            "500m이내병원수":29,
            "5km이내대형병원수":2,
            "500m이내공원수":0,
            "3km이내혐오시설수":0,
            "초등학교학업성취도":90.0,
            "중학교학업성취도":73.7,
            "용적률":399,
            "건폐율":47,
            "Y":36.671171,
            "X":127.483004,
            "rank":33.0,
            "area_info":"12평(41.09)",
            "last_sales":"2022-02-12,5600.0,12평(41.09)",
            "rank_history":[
                [
                    "202203",
                    33
                ],
                [
                    "202202",
                    32
                ],
                [
                    "202201",
                    29
                ]
            ],
            "rank_gap":-1
        },
        {
            "index":120,
            "아파트명":"대원칸타빌(2블럭)",
            "투자타입":"일반",
            "전용면적(m2)":"98.55",
            "전용면적(평)":"29평",
            "법정동주소":"충청북도 청주시 청원구 오창읍 창리 160",
            "도로명주소":"충청북도 청주시 청원구 2산단4로 55",
            "세대수":50,
            "입주년차":80,
            "용적률점수":"--",
            "건폐율점수":"--",
            "세대당주차수":60,
            "난방방식":30,
            "공급면적":"--",
            "전용률":"--",
            "욕실수":100,
            "현관타입":100,
            "주거총점":65.5,
            "지역구공급총점":100.0,
            "역세권":"NA",
            "30분내 이동가능 거점":"NA",
            "1시간내 이동가능 거점":"NA",
            "교통총점":"NA",
            "백화점":0,
            "아울렛몰":0,
            "대형마트":80,
            "은행":0,
            "병원":0,
            "종합병원":0,
            "공원":100,
            "혐오시설":0,
            "인프라총점":15.0,
            "초등학군":89.99,
            "중학군":43.62,
            "학군총점":52.894,
            "인구수":21.18,
            "인구증감":-16.08,
            "인구총점":10.002,
            "일자리":12.43,
            "소득수준":61.51,
            "일자리총점":27.154,
            "가치 총점":42.1485,
            "매매실거래년":20210401.0,
            "매매실거래가":35000.0,
            "전세실거래년":20210810.0,
            "전세실거래가":27000.0,
            "전세가율":82.82,
            "장기전세가율평균":76.65,
            "전세가율거품지수":-6.17,
            "검색코드":109399,
            "세대수":592.0,
            "준공년월":"2017-02-10",
            "준공년차":6.0,
            "가까운역이름":"NA",
            "가까운역거리":"NA",
            "역세권여부":"NA",
            "30분이내주요거점역":"NA",
            "30분거점역이름":"NA",
            "1시간이내주요거점역":"NA",
            "1시간거점역이름":"NA",
            "3km이내백화점수":0,
            "5km이내아울렛몰수":0,
            "1km이내대형먀트수":1,
            "500m이내은행수":0,
            "500m이내병원수":0,
            "5km이내대형병원수":0,
            "500m이내공원수":4,
            "3km이내혐오시설수":0,
            "초등학교학업성취도":89.99,
            "중학교학업성취도":72.7,
            "용적률":199,
            "건폐율":18,
            "Y":36.738643,
            "X":127.450637,
            "rank":34.0,
            "area_info":"29평(98.55), 33평(111.49), 34평(113.03)",
            "last_sales":"2021-04-01,35000.0,34평(113.03)",
            "rank_history":[
                [
                    "202203",
                    34
                ],
                [
                    "202202",
                    31
                ],
                [
                    "202201",
                    30
                ]
            ],
            "rank_gap":-3
        },
        {
            "index":286,
            "아파트명":"율량대창5차",
            "투자타입":"일반",
            "전용면적(m2)":"51.33",
            "전용면적(평)":"15평",
            "법정동주소":"충청북도 청주시 청원구 율량동 1362",
            "도로명주소":"충청북도 청주시 청원구 율봉로116번길 19",
            "세대수":0,
            "입주년차":20,
            "용적률점수":"--",
            "건폐율점수":"--",
            "세대당주차수":0,
            "난방방식":30,
            "공급면적":"--",
            "전용률":"--",
            "욕실수":50,
            "현관타입":100,
            "주거총점":22.0,
            "지역구공급총점":100.0,
            "역세권":"NA",
            "30분내 이동가능 거점":"NA",
            "1시간내 이동가능 거점":"NA",
            "교통총점":"NA",
            "백화점":0,
            "아울렛몰":0,
            "대형마트":80,
            "은행":70,
            "병원":80,
            "종합병원":100,
            "공원":80,
            "혐오시설":0,
            "인프라총점":49.4,
            "초등학군":90.0,
            "중학군":49.94,
            "학군총점":57.952,
            "인구수":21.18,
            "인구증감":-16.08,
            "인구총점":10.002,
            "일자리":12.43,
            "소득수준":61.51,
            "일자리총점":27.154,
            "가치 총점":41.948,
            "매매실거래년":20220205.0,
            "매매실거래가":6300.0,
            "전세실거래년":20160609.0,
            "전세실거래가":5000.0,
            "전세가율":79.37,
            "장기전세가율평균":76.65,
            "전세가율거품지수":-2.72,
            "검색코드":25719,
            "세대수":110.0,
            "준공년월":"2000-06-13",
            "준공년차":23.0,
            "가까운역이름":"NA",
            "가까운역거리":"NA",
            "역세권여부":"NA",
            "30분이내주요거점역":"NA",
            "30분거점역이름":"NA",
            "1시간이내주요거점역":"NA",
            "1시간거점역이름":"NA",
            "3km이내백화점수":0,
            "5km이내아울렛몰수":0,
            "1km이내대형먀트수":1,
            "500m이내은행수":3,
            "500m이내병원수":43,
            "5km이내대형병원수":3,
            "500m이내공원수":1,
            "3km이내혐오시설수":0,
            "초등학교학업성취도":90.0,
            "중학교학업성취도":80.3,
            "용적률":0,
            "건폐율":0,
            "Y":36.66722,
            "X":127.48286,
            "rank":35.0,
            "area_info":"15평(51.33), 18평(59.57)",
            "last_sales":"2022-02-05,6300.0,15평(51.33)",
            "rank_history":[
                [
                    "202203",
                    35
                ],
                [
                    "202202",
                    33
                ],
                [
                    "202201",
                    31
                ]
            ],
            "rank_gap":-2
        },
        {
            "index":118,
            "아파트명":"대원칸타빌",
            "투자타입":"일반",
            "전용면적(m2)":"81.18",
            "전용면적(평)":"24평",
            "법정동주소":"충청북도 청주시 청원구 오창읍 각리 637-9",
            "도로명주소":"충청북도 청주시 청원구 오창중앙로 64",
            "세대수":50,
            "입주년차":40,
            "용적률점수":"--",
            "건폐율점수":"--",
            "세대당주차수":60,
            "난방방식":30,
            "공급면적":"--",
            "전용률":"--",
            "욕실수":100,
            "현관타입":100,
            "주거총점":57.5,
            "지역구공급총점":100.0,
            "역세권":"NA",
            "30분내 이동가능 거점":"NA",
            "1시간내 이동가능 거점":"NA",
            "교통총점":"NA",
            "백화점":0,
            "아울렛몰":0,
            "대형마트":80,
            "은행":0,
            "병원":10,
            "종합병원":0,
            "공원":100,
            "혐오시설":0,
            "인프라총점":16.0,
            "초등학군":90.0,
            "중학군":51.78,
            "학군총점":59.424,
            "인구수":21.18,
            "인구증감":-16.08,
            "인구총점":10.002,
            "일자리":12.43,
            "소득수준":61.51,
            "일자리총점":27.154,
            "가치 총점":41.381,
            "매매실거래년":20220123.0,
            "매매실거래가":32300.0,
            "전세실거래년":20220122.0,
            "전세실거래가":20000.0,
            "전세가율":92.17,
            "장기전세가율평균":76.65,
            "전세가율거품지수":-15.52,
            "검색코드":19045,
            "세대수":464.0,
            "준공년월":"2006-07-21",
            "준공년차":17.0,
            "가까운역이름":"NA",
            "가까운역거리":"NA",
            "역세권여부":"NA",
            "30분이내주요거점역":"NA",
            "30분거점역이름":"NA",
            "1시간이내주요거점역":"NA",
            "1시간거점역이름":"NA",
            "3km이내백화점수":0,
            "5km이내아울렛몰수":0,
            "1km이내대형먀트수":1,
            "500m이내은행수":0,
            "500m이내병원수":3,
            "5km이내대형병원수":0,
            "500m이내공원수":3,
            "3km이내혐오시설수":0,
            "초등학교학업성취도":90.0,
            "중학교학업성취도":84.1,
            "용적률":190,
            "건폐율":17,
            "Y":36.707798,
            "X":127.422654,
            "rank":36.0,
            "area_info":"24평(81.18), 35평(118.16)",
            "last_sales":"2022-01-23,32300.0,35평(118.16)",
            "rank_history":[
                [
                    "202203",
                    36
                ],
                [
                    "202202",
                    34
                ],
                [
                    "202201",
                    32
                ]
            ],
            "rank_gap":-2
        },
        {
            "index":87,
            "아파트명":"덕성그린",
            "투자타입":"일반",
            "전용면적(m2)":"46.84",
            "전용면적(평)":"14평",
            "법정동주소":"충청북도 청주시 청원구 사천동 449-3",
            "도로명주소":"충청북도 청주시 청원구 새터로 187",
            "세대수":50,
            "입주년차":0,
            "용적률점수":"--",
            "건폐율점수":"--",
            "세대당주차수":0,
            "난방방식":30,
            "공급면적":"--",
            "전용률":"--",
            "욕실수":50,
            "현관타입":10,
            "주거총점":26.5,
            "지역구공급총점":100.0,
            "역세권":"NA",
            "30분내 이동가능 거점":"NA",
            "1시간내 이동가능 거점":"NA",
            "교통총점":"NA",
            "백화점":0,
            "아울렛몰":80,
            "대형마트":80,
            "은행":0,
            "병원":30,
            "종합병원":100,
            "공원":0,
            "혐오시설":0,
            "인프라총점":43.0,
            "초등학군":89.99,
            "중학군":49.94,
            "학군총점":57.95,
            "인구수":21.18,
            "인구증감":-16.08,
            "인구총점":10.002,
            "일자리":12.43,
            "소득수준":61.51,
            "일자리총점":27.154,
            "가치 총점":40.9625,
            "매매실거래년":20220217.0,
            "매매실거래가":4450.0,
            "전세실거래년":20220129.0,
            "전세실거래가":4000.0,
            "전세가율":89.89,
            "장기전세가율평균":76.65,
            "전세가율거품지수":-13.24,
            "검색코드":26197,
            "세대수":411.0,
            "준공년월":"1997-11-14",
            "준공년차":26.0,
            "가까운역이름":"NA",
            "가까운역거리":"NA",
            "역세권여부":"NA",
            "30분이내주요거점역":"NA",
            "30분거점역이름":"NA",
            "1시간이내주요거점역":"NA",
            "1시간거점역이름":"NA",
            "3km이내백화점수":0,
            "5km이내아울렛몰수":1,
            "1km이내대형먀트수":1,
            "500m이내은행수":0,
            "500m이내병원수":5,
            "5km이내대형병원수":4,
            "500m이내공원수":0,
            "3km이내혐오시설수":0,
            "초등학교학업성취도":89.99,
            "중학교학업성취도":80.3,
            "용적률":0,
            "건폐율":0,
            "Y":36.663569,
            "X":127.471611,
            "rank":37.0,
            "area_info":"14평(46.84), 15평(50.38)",
            "last_sales":"2022-02-17,4450.0,14평(46.84)",
            "rank_history":[
                [
                    "202203",
                    37
                ],
                [
                    "202202",
                    35
                ],
                [
                    "202201",
                    57
                ]
            ],
            "rank_gap":-2
        },
        {
            "index":273,
            "아파트명":"신라타운",
            "투자타입":"일반",
            "전용면적(m2)":"58.92",
            "전용면적(평)":"17평",
            "법정동주소":"충청북도 청주시 청원구 율량동 1502",
            "도로명주소":"충청북도 청주시 청원구 율봉로94번길 68",
            "세대수":30,
            "입주년차":0,
            "용적률점수":"--",
            "건폐율점수":"--",
            "세대당주차수":0,
            "난방방식":30,
            "공급면적":"--",
            "전용률":"--",
            "욕실수":50,
            "현관타입":100,
            "주거총점":28.5,
            "지역구공급총점":100.0,
            "역세권":"NA",
            "30분내 이동가능 거점":"NA",
            "1시간내 이동가능 거점":"NA",
            "교통총점":"NA",
            "백화점":0,
            "아울렛몰":0,
            "대형마트":80,
            "은행":0,
            "병원":60,
            "종합병원":100,
            "공원":100,
            "혐오시설":0,
            "인프라총점":41.0,
            "초등학군":90.0,
            "중학군":49.94,
            "학군총점":57.952,
            "인구수":21.18,
            "인구증감":-16.08,
            "인구총점":10.002,
            "일자리":12.43,
            "소득수준":61.51,
            "일자리총점":27.154,
            "가치 총점":40.863,
            "매매실거래년":"18000101",
            "매매실거래가":null,
            "전세실거래년":null,
            "전세실거래가":null,
            "전세가율":null,
            "장기전세가율평균":76.65,
            "전세가율거품지수":null,
            "검색코드":114959,
            "세대수":300.0,
            "준공년월":"1994-10-31",
            "준공년차":29.0,
            "가까운역이름":"NA",
            "가까운역거리":"NA",
            "역세권여부":"NA",
            "30분이내주요거점역":"NA",
            "30분거점역이름":"NA",
            "1시간이내주요거점역":"NA",
            "1시간거점역이름":"NA",
            "3km이내백화점수":0,
            "5km이내아울렛몰수":0,
            "1km이내대형먀트수":1,
            "500m이내은행수":0,
            "500m이내병원수":19,
            "5km이내대형병원수":4,
            "500m이내공원수":2,
            "3km이내혐오시설수":0,
            "초등학교학업성취도":90.0,
            "중학교학업성취도":80.3,
            "용적률":0,
            "건폐율":0,
            "Y":36.664315,
            "X":127.480786,
            "rank":38.0,
            "area_info":"17평(58.92), 17평(59.09), 19평(64.35)",
            "last_sales":"1800-01-01,nan,17평(58.92)",
            "rank_history":[
                [
                    "202203",
                    38
                ],
                [
                    "202202",
                    36
                ],
                [
                    "202201",
                    33
                ]
            ],
            "rank_gap":-2
        },
        {
            "index":65,
            "아파트명":"진흥1차",
            "투자타입":"재건축",
            "전용면적(m2)":"37.63",
            "전용면적(평)":"11평",
            "법정동주소":"충청북도 청주시 청원구 내수읍 마산리 123",
            "도로명주소":"충청북도 청주시 청원구 마산길 72",
            "세대수":50,
            "입주년차":"--",
            "용적률점수":80,
            "건폐율점수":40,
            "세대당주차수":"--",
            "난방방식":"--",
            "공급면적":50,
            "전용률":60,
            "욕실수":"--",
            "현관타입":"--",
            "주거총점":60.5,
            "지역구공급총점":100.0,
            "역세권":"NA",
            "30분내 이동가능 거점":"NA",
            "1시간내 이동가능 거점":"NA",
            "교통총점":"NA",
            "백화점":0,
            "아울렛몰":0,
            "대형마트":80,
            "은행":0,
            "병원":30,
            "종합병원":0,
            "공원":100,
            "혐오시설":0,
            "인프라총점":18.0,
            "초등학군":89.99,
            "중학군":39.66,
            "학군총점":49.726,
            "인구수":21.18,
            "인구증감":-16.08,
            "인구총점":10.002,
            "일자리":12.43,
            "소득수준":61.51,
            "일자리총점":27.154,
            "가치 총점":40.8065,
            "매매실거래년":20210503.0,
            "매매실거래가":6450.0,
            "전세실거래년":null,
            "전세실거래가":null,
            "전세가율":null,
            "장기전세가율평균":76.65,
            "전세가율거품지수":null,
            "검색코드":15377,
            "세대수":425.0,
            "준공년월":"1990-12-27",
            "준공년차":33.0,
            "가까운역이름":"NA",
            "가까운역거리":"NA",
            "역세권여부":"NA",
            "30분이내주요거점역":"NA",
            "30분거점역이름":"NA",
            "1시간이내주요거점역":"NA",
            "1시간거점역이름":"NA",
            "3km이내백화점수":0,
            "5km이내아울렛몰수":0,
            "1km이내대형먀트수":1,
            "500m이내은행수":0,
            "500m이내병원수":6,
            "5km이내대형병원수":0,
            "500m이내공원수":3,
            "3km이내혐오시설수":0,
            "초등학교학업성취도":89.99,
            "중학교학업성취도":64.9,
            "용적률":178,
            "건폐율":36,
            "Y":36.721629,
            "X":127.536232,
            "rank":39.0,
            "area_info":"11평(37.63), 11평(38.27), 20평(67.54)",
            "last_sales":"2021-05-03,6450.0,20평(67.54)",
            "rank_history":[
                [
                    "202203",
                    39
                ],
                [
                    "202202",
                    37
                ],
                [
                    "202201",
                    37
                ]
            ],
            "rank_gap":-2
        },
        {
            "index":283,
            "아파트명":"율량대창3차",
            "투자타입":"일반",
            "전용면적(m2)":"46.36",
            "전용면적(평)":"14평",
            "법정동주소":"충청북도 청주시 청원구 율량동 1302",
            "도로명주소":"충청북도 청주시 청원구 사뜸로52번길 15",
            "세대수":0,
            "입주년차":0,
            "용적률점수":"--",
            "건폐율점수":"--",
            "세대당주차수":0,
            "난방방식":30,
            "공급면적":"--",
            "전용률":"--",
            "욕실수":50,
            "현관타입":100,
            "주거총점":18.0,
            "지역구공급총점":100.0,
            "역세권":"NA",
            "30분내 이동가능 거점":"NA",
            "1시간내 이동가능 거점":"NA",
            "교통총점":"NA",
            "백화점":0,
            "아울렛몰":0,
            "대형마트":80,
            "은행":70,
            "병원":80,
            "종합병원":100,
            "공원":80,
            "혐오시설":0,
            "인프라총점":49.4,
            "초등학군":90.0,
            "중학군":49.94,
            "학군총점":57.952,
            "인구수":21.18,
            "인구증감":-16.08,
            "인구총점":10.002,
            "일자리":12.43,
            "소득수준":61.51,
            "일자리총점":27.154,
            "가치 총점":40.548,
            "매매실거래년":20220128.0,
            "매매실거래가":6200.0,
            "전세실거래년":20211021.0,
            "전세실거래가":5000.0,
            "전세가율":80.65,
            "장기전세가율평균":76.65,
            "전세가율거품지수":-4.0,
            "검색코드":15407,
            "세대수":270.0,
            "준공년월":"1995-09-29",
            "준공년차":28.0,
            "가까운역이름":"NA",
            "가까운역거리":"NA",
            "역세권여부":"NA",
            "30분이내주요거점역":"NA",
            "30분거점역이름":"NA",
            "1시간이내주요거점역":"NA",
            "1시간거점역이름":"NA",
            "3km이내백화점수":0,
            "5km이내아울렛몰수":0,
            "1km이내대형먀트수":1,
            "500m이내은행수":3,
            "500m이내병원수":43,
            "5km이내대형병원수":3,
            "500m이내공원수":1,
            "3km이내혐오시설수":0,
            "초등학교학업성취도":90.0,
            "중학교학업성취도":80.3,
            "용적률":0,
            "건폐율":0,
            "Y":36.66728,
            "X":127.48164,
            "rank":40.0,
            "area_info":"14평(46.36)",
            "last_sales":"2022-01-28,6200.0,14평(46.36)",
            "rank_history":[
                [
                    "202203",
                    40
                ],
                [
                    "202202",
                    38
                ],
                [
                    "202201",
                    34
                ]
            ],
            "rank_gap":-2
        },
        {
            "index":284,
            "아파트명":"율량대창4차",
            "투자타입":"일반",
            "전용면적(m2)":"67.74",
            "전용면적(평)":"20평",
            "법정동주소":"충청북도 청주시 청원구 율량동 1379",
            "도로명주소":"충청북도 청주시 청원구 사뜸로52번길 16",
            "세대수":0,
            "입주년차":0,
            "용적률점수":"--",
            "건폐율점수":"--",
            "세대당주차수":0,
            "난방방식":30,
            "공급면적":"--",
            "전용률":"--",
            "욕실수":50,
            "현관타입":100,
            "주거총점":18.0,
            "지역구공급총점":100.0,
            "역세권":"NA",
            "30분내 이동가능 거점":"NA",
            "1시간내 이동가능 거점":"NA",
            "교통총점":"NA",
            "백화점":0,
            "아울렛몰":0,
            "대형마트":80,
            "은행":70,
            "병원":80,
            "종합병원":100,
            "공원":80,
            "혐오시설":0,
            "인프라총점":49.4,
            "초등학군":90.0,
            "중학군":49.94,
            "학군총점":57.952,
            "인구수":21.18,
            "인구증감":-16.08,
            "인구총점":10.002,
            "일자리":12.43,
            "소득수준":61.51,
            "일자리총점":27.154,
            "가치 총점":40.548,
            "매매실거래년":20211223.0,
            "매매실거래가":10000.0,
            "전세실거래년":20211202.0,
            "전세실거래가":7500.0,
            "전세가율":75.0,
            "장기전세가율평균":76.65,
            "전세가율거품지수":1.65,
            "검색코드":15408,
            "세대수":261.0,
            "준공년월":"1996-07-02",
            "준공년차":27.0,
            "가까운역이름":"NA",
            "가까운역거리":"NA",
            "역세권여부":"NA",
            "30분이내주요거점역":"NA",
            "30분거점역이름":"NA",
            "1시간이내주요거점역":"NA",
            "1시간거점역이름":"NA",
            "3km이내백화점수":0,
            "5km이내아울렛몰수":0,
            "1km이내대형먀트수":1,
            "500m이내은행수":3,
            "500m이내병원수":41,
            "5km이내대형병원수":3,
            "500m이내공원수":1,
            "3km이내혐오시설수":0,
            "초등학교학업성취도":90.0,
            "중학교학업성취도":80.3,
            "용적률":281,
            "건폐율":27,
            "Y":36.666733,
            "X":127.482105,
            "rank":40.0,
            "area_info":"20평(67.74), 21평(70.31)",
            "last_sales":"2021-12-23,10000.0,20평(67.74)",
            "rank_history":[
                [
                    "202203",
                    40
                ],
                [
                    "202202",
                    38
                ],
                [
                    "202201",
                    34
                ]
            ],
            "rank_gap":-2
        },
        {
            "index":318,
            "아파트명":"한울3차",
            "투자타입":"일반",
            "전용면적(m2)":"40.88",
            "전용면적(평)":"12평",
            "법정동주소":"충청북도 청주시 청원구 율량동 1144",
            "도로명주소":"충청북도 청주시 청원구 주성로96번길 12",
            "세대수":50,
            "입주년차":0,
            "용적률점수":"--",
            "건폐율점수":"--",
            "세대당주차수":0,
            "난방방식":30,
            "공급면적":"--",
            "전용률":"--",
            "욕실수":50,
            "현관타입":50,
            "주거총점":30.5,
            "지역구공급총점":100.0,
            "역세권":"NA",
            "30분내 이동가능 거점":"NA",
            "1시간내 이동가능 거점":"NA",
            "교통총점":"NA",
            "백화점":0,
            "아울렛몰":0,
            "대형마트":80,
            "은행":0,
            "병원":60,
            "종합병원":100,
            "공원":0,
            "혐오시설":0,
            "인프라총점":38.0,
            "초등학군":90.0,
            "중학군":49.94,
            "학군총점":57.952,
            "인구수":21.18,
            "인구증감":-16.08,
            "인구총점":10.002,
            "일자리":12.43,
            "소득수준":61.51,
            "일자리총점":27.154,
            "가치 총점":40.363,
            "매매실거래년":20220224.0,
            "매매실거래가":7700.0,
            "전세실거래년":20220127.0,
            "전세실거래가":5000.0,
            "전세가율":107.53,
            "장기전세가율평균":76.65,
            "전세가율거품지수":-30.88,
            "검색코드":107435,
            "세대수":523.0,
            "준공년월":"1998-12-12",
            "준공년차":25.0,
            "가까운역이름":"NA",
            "가까운역거리":"NA",
            "역세권여부":"NA",
            "30분이내주요거점역":"NA",
            "30분거점역이름":"NA",
            "1시간이내주요거점역":"NA",
            "1시간거점역이름":"NA",
            "3km이내백화점수":0,
            "5km이내아울렛몰수":0,
            "1km이내대형먀트수":1,
            "500m이내은행수":1,
            "500m이내병원수":19,
            "5km이내대형병원수":2,
            "500m이내공원수":0,
            "3km이내혐오시설수":0,
            "초등학교학업성취도":90.0,
            "중학교학업성취도":80.3,
            "용적률":0,
            "건폐율":0,
            "Y":36.66811,
            "X":127.47752,
            "rank":41.0,
            "area_info":"12평(40.88), 18평(62.02)",
            "last_sales":"2022-02-24,7700.0,18평(62.02)",
            "rank_history":[
                [
                    "202203",
                    41
                ],
                [
                    "202202",
                    39
                ],
                [
                    "202201",
                    35
                ]
            ],
            "rank_gap":-2
        },
        {
            "index":280,
            "아파트명":"율량대창1차",
            "투자타입":"일반",
            "전용면적(m2)":"83.91",
            "전용면적(평)":"25평",
            "법정동주소":"충청북도 청주시 청원구 율량동 710",
            "도로명주소":"충청북도 청주시 청원구 율봉로159번길 73-2",
            "세대수":0,
            "입주년차":0,
            "용적률점수":"--",
            "건폐율점수":"--",
            "세대당주차수":0,
            "난방방식":30,
            "공급면적":"--",
            "전용률":"--",
            "욕실수":50,
            "현관타입":100,
            "주거총점":18.0,
            "지역구공급총점":100.0,
            "역세권":"NA",
            "30분내 이동가능 거점":"NA",
            "1시간내 이동가능 거점":"NA",
            "교통총점":"NA",
            "백화점":0,
            "아울렛몰":0,
            "대형마트":100,
            "은행":70,
            "병원":80,
            "종합병원":100,
            "공원":0,
            "혐오시설":0,
            "인프라총점":50.0,
            "초등학군":90.0,
            "중학군":44.98,
            "학군총점":53.984,
            "인구수":21.18,
            "인구증감":-16.08,
            "인구총점":10.002,
            "일자리":12.43,
            "소득수준":61.51,
            "일자리총점":27.154,
            "가치 총점":39.796,
            "매매실거래년":20211204.0,
            "매매실거래가":12250.0,
            "전세실거래년":20211006.0,
            "전세실거래가":9500.0,
            "전세가율":77.55,
            "장기전세가율평균":76.65,
            "전세가율거품지수":-0.9,
            "검색코드":108609,
            "세대수":70.0,
            "준공년월":"1993-05-12",
            "준공년차":30.0,
            "가까운역이름":"NA",
            "가까운역거리":"NA",
            "역세권여부":"NA",
            "30분이내주요거점역":"NA",
            "30분거점역이름":"NA",
            "1시간이내주요거점역":"NA",
            "1시간거점역이름":"NA",
            "3km이내백화점수":0,
            "5km이내아울렛몰수":0,
            "1km이내대형먀트수":2,
            "500m이내은행수":4,
            "500m이내병원수":30,
            "5km이내대형병원수":2,
            "500m이내공원수":0,
            "3km이내혐오시설수":0,
            "초등학교학업성취도":90.0,
            "중학교학업성취도":73.7,
            "용적률":361,
            "건폐율":26,
            "Y":36.671683,
            "X":127.484611,
            "rank":42.0,
            "area_info":"25평(83.91)",
            "last_sales":"2021-12-04,12250.0,25평(83.91)",
            "rank_history":[
                [
                    "202203",
                    42
                ],
                [
                    "202202",
                    9999
                ]
            ],
            "rank_gap":9999
        },
        {
            "index":98,
            "아파트명":"사천동아2차",
            "투자타입":"일반",
            "전용면적(m2)":"53.4",
            "전용면적(평)":"16평",
            "법정동주소":"충청북도 청주시 청원구 사천동 228",
            "도로명주소":"충청북도 청주시 청원구 새터로176번길 62",
            "세대수":30,
            "입주년차":0,
            "용적률점수":"--",
            "건폐율점수":"--",
            "세대당주차수":0,
            "난방방식":30,
            "공급면적":"--",
            "전용률":"--",
            "욕실수":50,
            "현관타입":100,
            "주거총점":28.5,
            "지역구공급총점":100.0,
            "역세권":"NA",
            "30분내 이동가능 거점":"NA",
            "1시간내 이동가능 거점":"NA",
            "교통총점":"NA",
            "백화점":0,
            "아울렛몰":0,
            "대형마트":80,
            "은행":0,
            "병원":60,
            "종합병원":100,
            "공원":0,
            "혐오시설":0,
            "인프라총점":38.0,
            "초등학군":89.99,
            "중학군":49.94,
            "학군총점":57.95,
            "인구수":21.18,
            "인구증감":-16.08,
            "인구총점":10.002,
            "일자리":12.43,
            "소득수준":61.51,
            "일자리총점":27.154,
            "가치 총점":39.6625,
            "매매실거래년":20220129.0,
            "매매실거래가":17100.0,
            "전세실거래년":20130327.0,
            "전세실거래가":3700.0,
            "전세가율":47.44,
            "장기전세가율평균":76.65,
            "전세가율거품지수":29.21,
            "검색코드":7028,
            "세대수":398.0,
            "준공년월":"1996-02-29",
            "준공년차":27.0,
            "가까운역이름":"NA",
            "가까운역거리":"NA",
            "역세권여부":"NA",
            "30분이내주요거점역":"NA",
            "30분거점역이름":"NA",
            "1시간이내주요거점역":"NA",
            "1시간거점역이름":"NA",
            "3km이내백화점수":0,
            "5km이내아울렛몰수":0,
            "1km이내대형먀트수":1,
            "500m이내은행수":0,
            "500m이내병원수":10,
            "5km이내대형병원수":4,
            "500m이내공원수":0,
            "3km이내혐오시설수":0,
            "초등학교학업성취도":89.99,
            "중학교학업성취도":80.3,
            "용적률":184,
            "건폐율":18,
            "Y":36.665468,
            "X":127.475133,
            "rank":43.0,
            "area_info":"16평(53.4), 18평(61.86), 23평(76.55), 31평(104.01)",
            "last_sales":"2022-01-29,17100.0,31평(104.01)",
            "rank_history":[
                [
                    "202203",
                    43
                ],
                [
                    "202202",
                    40
                ],
                [
                    "202201",
                    62
                ]
            ],
            "rank_gap":-3
        },
        {
            "index":84,
            "아파트명":"대창1차",
            "투자타입":"일반",
            "전용면적(m2)":"60.4",
            "전용면적(평)":"18평",
            "법정동주소":"충청북도 청주시 청원구 사천동 229-2",
            "도로명주소":"충청북도 청주시 청원구 사뜸로61번길 106",
            "세대수":30,
            "입주년차":0,
            "용적률점수":"--",
            "건폐율점수":"--",
            "세대당주차수":0,
            "난방방식":30,
            "공급면적":"--",
            "전용률":"--",
            "욕실수":50,
            "현관타입":100,
            "주거총점":28.5,
            "지역구공급총점":100.0,
            "역세권":"NA",
            "30분내 이동가능 거점":"NA",
            "1시간내 이동가능 거점":"NA",
            "교통총점":"NA",
            "백화점":0,
            "아울렛몰":0,
            "대형마트":80,
            "은행":0,
            "병원":60,
            "종합병원":100,
            "공원":0,
            "혐오시설":0,
            "인프라총점":38.0,
            "초등학군":89.99,
            "중학군":49.94,
            "학군총점":57.95,
            "인구수":21.18,
            "인구증감":-16.08,
            "인구총점":10.002,
            "일자리":12.43,
            "소득수준":61.51,
            "일자리총점":27.154,
            "가치 총점":39.6625,
            "매매실거래년":20220219.0,
            "매매실거래가":13000.0,
            "전세실거래년":20210508.0,
            "전세실거래가":6000.0,
            "전세가율":86.96,
            "장기전세가율평균":76.65,
            "전세가율거품지수":-10.31,
            "검색코드":25717,
            "세대수":356.0,
            "준공년월":"1998-04-14",
            "준공년차":25.0,
            "가까운역이름":"NA",
            "가까운역거리":"NA",
            "역세권여부":"NA",
            "30분이내주요거점역":"NA",
            "30분거점역이름":"NA",
            "1시간이내주요거점역":"NA",
            "1시간거점역이름":"NA",
            "3km이내백화점수":0,
            "5km이내아울렛몰수":0,
            "1km이내대형먀트수":1,
            "500m이내은행수":0,
            "500m이내병원수":15,
            "5km이내대형병원수":4,
            "500m이내공원수":0,
            "3km이내혐오시설수":0,
            "초등학교학업성취도":89.99,
            "중학교학업성취도":80.3,
            "용적률":259,
            "건폐율":27,
            "Y":36.66507,
            "X":127.476,
            "rank":43.0,
            "area_info":"18평(60.4), 20평(67.7), 24평(81.34)",
            "last_sales":"2022-02-19,13000.0,24평(81.34)",
            "rank_history":[
                [
                    "202203",
                    43
                ],
                [
                    "202202",
                    40
                ],
                [
                    "202201",
                    58
                ]
            ],
            "rank_gap":-3
        },
        {
            "index":149,
            "아파트명":"오창이안",
            "투자타입":"일반",
            "전용면적(m2)":"77.59",
            "전용면적(평)":"23평",
            "법정동주소":"충청북도 청주시 청원구 오창읍 각리 646-6",
            "도로명주소":"충청북도 청주시 청원구 오창중앙로 83",
            "세대수":80,
            "입주년차":40,
            "용적률점수":"--",
            "건폐율점수":"--",
            "세대당주차수":30,
            "난방방식":30,
            "공급면적":"--",
            "전용률":"--",
            "욕실수":100,
            "현관타입":100,
            "주거총점":63.5,
            "지역구공급총점":100.0,
            "역세권":"NA",
            "30분내 이동가능 거점":"NA",
            "1시간내 이동가능 거점":"NA",
            "교통총점":"NA",
            "백화점":0,
            "아울렛몰":0,
            "대형마트":0,
            "은행":0,
            "병원":30,
            "종합병원":0,
            "공원":100,
            "혐오시설":0,
            "인프라총점":6.0,
            "초등학군":90.0,
            "중학군":51.78,
            "학군총점":59.424,
            "인구수":21.18,
            "인구증감":-16.08,
            "인구총점":10.002,
            "일자리":12.43,
            "소득수준":61.51,
            "일자리총점":27.154,
            "가치 총점":39.481,
            "매매실거래년":20220212.0,
            "매매실거래가":24500.0,
            "전세실거래년":20220214.0,
            "전세실거래가":20000.0,
            "전세가율":81.63,
            "장기전세가율평균":76.65,
            "전세가율거품지수":-4.98,
            "검색코드":17765,
            "세대수":818.0,
            "준공년월":"2006-02-14",
            "준공년차":17.0,
            "가까운역이름":"NA",
            "가까운역거리":"NA",
            "역세권여부":"NA",
            "30분이내주요거점역":"NA",
            "30분거점역이름":"NA",
            "1시간이내주요거점역":"NA",
            "1시간거점역이름":"NA",
            "3km이내백화점수":0,
            "5km이내아울렛몰수":0,
            "1km이내대형먀트수":0,
            "500m이내은행수":0,
            "500m이내병원수":7,
            "5km이내대형병원수":0,
            "500m이내공원수":2,
            "3km이내혐오시설수":0,
            "초등학교학업성취도":90.0,
            "중학교학업성취도":84.1,
            "용적률":179,
            "건폐율":14,
            "Y":36.706656,
            "X":127.419484,
            "rank":44.0,
            "area_info":"23평(77.59), 32평(106.2), 32평(107.51), 44평(146.07)",
            "last_sales":"2022-02-12,24500.0,23평(77.59)",
            "rank_history":[
                [
                    "202203",
                    44
                ],
                [
                    "202202",
                    41
                ],
                [
                    "202201",
                    38
                ]
            ],
            "rank_gap":-3
        },
        {
            "index":91,
            "아파트명":"사천대창2차",
            "투자타입":"일반",
            "전용면적(m2)":"66.8",
            "전용면적(평)":"20평",
            "법정동주소":"충청북도 청주시 청원구 사천동 444-1",
            "도로명주소":"충청북도 청주시 청원구 새터로 186",
            "세대수":0,
            "입주년차":20,
            "용적률점수":"--",
            "건폐율점수":"--",
            "세대당주차수":0,
            "난방방식":30,
            "공급면적":"--",
            "전용률":"--",
            "욕실수":50,
            "현관타입":100,
            "주거총점":22.0,
            "지역구공급총점":100.0,
            "역세권":"NA",
            "30분내 이동가능 거점":"NA",
            "1시간내 이동가능 거점":"NA",
            "교통총점":"NA",
            "백화점":0,
            "아울렛몰":80,
            "대형마트":80,
            "은행":0,
            "병원":30,
            "종합병원":100,
            "공원":0,
            "혐오시설":0,
            "인프라총점":43.0,
            "초등학군":89.99,
            "중학군":49.94,
            "학군총점":57.95,
            "인구수":21.18,
            "인구증감":-16.08,
            "인구총점":10.002,
            "일자리":12.43,
            "소득수준":61.51,
            "일자리총점":27.154,
            "가치 총점":39.3875,
            "매매실거래년":20211227.0,
            "매매실거래가":10700.0,
            "전세실거래년":20210811.0,
            "전세실거래가":7000.0,
            "전세가율":93.33,
            "장기전세가율평균":76.65,
            "전세가율거품지수":-16.68,
            "검색코드":101064,
            "세대수":142.0,
            "준공년월":"2000-01-05",
            "준공년차":23.0,
            "가까운역이름":"NA",
            "가까운역거리":"NA",
            "역세권여부":"NA",
            "30분이내주요거점역":"NA",
            "30분거점역이름":"NA",
            "1시간이내주요거점역":"NA",
            "1시간거점역이름":"NA",
            "3km이내백화점수":0,
            "5km이내아울렛몰수":1,
            "1km이내대형먀트수":1,
            "500m이내은행수":0,
            "500m이내병원수":5,
            "5km이내대형병원수":4,
            "500m이내공원수":0,
            "3km이내혐오시설수":0,
            "초등학교학업성취도":89.99,
            "중학교학업성취도":80.3,
            "용적률":0,
            "건폐율":0,
            "Y":36.663978,
            "X":127.472324,
            "rank":45.0,
            "area_info":"20평(66.8), 24평(79.61), 24평(80.07)",
            "last_sales":"2021-12-27,10700.0,24평(80.07)",
            "rank_history":[
                [
                    "202203",
                    45
                ],
                [
                    "202202",
                    42
                ],
                [
                    "202201",
                    61
                ]
            ],
            "rank_gap":-3
        },
        {
            "index":222,
            "아파트명":"청주우암동삼일브리제하임",
            "투자타입":"일반",
            "전용면적(m2)":"85.04",
            "전용면적(평)":"25평",
            "법정동주소":"충청북도 청주시 청원구 우암동 1210",
            "도로명주소":"충청북도 청주시 청원구 향군로 123",
            "세대수":0,
            "입주년차":80,
            "용적률점수":"--",
            "건폐율점수":"--",
            "세대당주차수":60,
            "난방방식":30,
            "공급면적":"--",
            "전용률":"--",
            "욕실수":100,
            "현관타입":100,
            "주거총점":48.0,
            "지역구공급총점":100.0,
            "역세권":"NA",
            "30분내 이동가능 거점":"NA",
            "1시간내 이동가능 거점":"NA",
            "교통총점":"NA",
            "백화점":0,
            "아울렛몰":0,
            "대형마트":0,
            "은행":0,
            "병원":10,
            "종합병원":100,
            "공원":100,
            "혐오시설":0,
            "인프라총점":24.0,
            "초등학군":90.01,
            "중학군":41.08,
            "학군총점":50.866,
            "인구수":21.18,
            "인구증감":-16.08,
            "인구총점":10.002,
            "일자리":12.43,
            "소득수준":61.51,
            "일자리총점":27.154,
            "가치 총점":39.1165,
            "매매실거래년":20220205.0,
            "매매실거래가":25500.0,
            "전세실거래년":20220219.0,
            "전세실거래가":23000.0,
            "전세가율":90.2,
            "장기전세가율평균":76.65,
            "전세가율거품지수":-13.55,
            "검색코드":111020,
            "세대수":181.0,
            "준공년월":"2016-10-28",
            "준공년차":7.0,
            "가까운역이름":"NA",
            "가까운역거리":"NA",
            "역세권여부":"NA",
            "30분이내주요거점역":"NA",
            "30분거점역이름":"NA",
            "1시간이내주요거점역":"NA",
            "1시간거점역이름":"NA",
            "3km이내백화점수":0,
            "5km이내아울렛몰수":0,
            "1km이내대형먀트수":0,
            "500m이내은행수":0,
            "500m이내병원수":4,
            "5km이내대형병원수":5,
            "500m이내공원수":5,
            "3km이내혐오시설수":0,
            "초등학교학업성취도":90.01,
            "중학교학업성취도":67.0,
            "용적률":229,
            "건폐율":18,
            "Y":36.655076,
            "X":127.48072,
            "rank":46.0,
            "area_info":"25평(85.04), 31평(102.51)",
            "last_sales":"2022-02-05,25500.0,25평(85.04)",
            "rank_history":[
                [
                    "202203",
                    46
                ],
                [
                    "202202",
                    43
                ],
                [
                    "202201",
                    41
                ]
            ],
            "rank_gap":-3
        },
        {
            "index":141,
            "아파트명":"오창모아미래도와이드파크(3블럭)",
            "투자타입":"일반",
            "전용면적(m2)":"83.97",
            "전용면적(평)":"25평",
            "법정동주소":"충청북도 청주시 청원구 오창읍 창리 161",
            "도로명주소":"충청북도 청주시 청원구 2산단4로 45",
            "세대수":50,
            "입주년차":80,
            "용적률점수":"--",
            "건폐율점수":"--",
            "세대당주차수":0,
            "난방방식":30,
            "공급면적":"--",
            "전용률":"--",
            "욕실수":100,
            "현관타입":100,
            "주거총점":56.5,
            "지역구공급총점":100.0,
            "역세권":"NA",
            "30분내 이동가능 거점":"NA",
            "1시간내 이동가능 거점":"NA",
            "교통총점":"NA",
            "백화점":0,
            "아울렛몰":0,
            "대형마트":80,
            "은행":0,
            "병원":0,
            "종합병원":0,
            "공원":100,
            "혐오시설":0,
            "인프라총점":15.0,
            "초등학군":89.99,
            "중학군":43.62,
            "학군총점":52.894,
            "인구수":21.18,
            "인구증감":-16.08,
            "인구총점":10.002,
            "일자리":12.43,
            "소득수준":61.51,
            "일자리총점":27.154,
            "가치 총점":38.9985,
            "매매실거래년":20220208.0,
            "매매실거래가":30000.0,
            "전세실거래년":20220219.0,
            "전세실거래가":15000.0,
            "전세가율":50.0,
            "장기전세가율평균":76.65,
            "전세가율거품지수":26.65,
            "검색코드":107656,
            "세대수":630.0,
            "준공년월":"2016-01-07",
            "준공년차":7.0,
            "가까운역이름":"NA",
            "가까운역거리":"NA",
            "역세권여부":"NA",
            "30분이내주요거점역":"NA",
            "30분거점역이름":"NA",
            "1시간이내주요거점역":"NA",
            "1시간거점역이름":"NA",
            "3km이내백화점수":0,
            "5km이내아울렛몰수":0,
            "1km이내대형먀트수":1,
            "500m이내은행수":0,
            "500m이내병원수":0,
            "5km이내대형병원수":0,
            "500m이내공원수":2,
            "3km이내혐오시설수":0,
            "초등학교학업성취도":89.99,
            "중학교학업성취도":72.7,
            "용적률":199,
            "건폐율":19,
            "Y":36.737899,
            "X":127.447566,
            "rank":47.0,
            "area_info":"25평(83.97), 25평(84.86)",
            "last_sales":"2022-02-08,30000.0,25평(83.97)",
            "rank_history":[
                [
                    "202203",
                    47
                ],
                [
                    "202202",
                    44
                ],
                [
                    "202201",
                    40
                ]
            ],
            "rank_gap":-3
        },
        {
            "index":243,
            "아파트명":"두진백로그린타운",
            "투자타입":"일반",
            "전용면적(m2)":"40.79",
            "전용면적(평)":"12평",
            "법정동주소":"충청북도 청주시 청원구 율량동 861",
            "도로명주소":"충청북도 청주시 청원구 율봉로201번길 34",
            "세대수":50,
            "입주년차":0,
            "용적률점수":"--",
            "건폐율점수":"--",
            "세대당주차수":0,
            "난방방식":30,
            "공급면적":"--",
            "전용률":"--",
            "욕실수":50,
            "현관타입":10,
            "주거총점":26.5,
            "지역구공급총점":100.0,
            "역세권":"NA",
            "30분내 이동가능 거점":"NA",
            "1시간내 이동가능 거점":"NA",
            "교통총점":"NA",
            "백화점":0,
            "아울렛몰":0,
            "대형마트":80,
            "은행":0,
            "병원":80,
            "종합병원":100,
            "공원":0,
            "혐오시설":0,
            "인프라총점":40.0,
            "초등학군":90.01,
            "중학군":45.1,
            "학군총점":54.082,
            "인구수":21.18,
            "인구증감":-16.08,
            "인구총점":10.002,
            "일자리":12.43,
            "소득수준":61.51,
            "일자리총점":27.154,
            "가치 총점":38.7955,
            "매매실거래년":20220215.0,
            "매매실거래가":6200.0,
            "전세실거래년":20220222.0,
            "전세실거래가":5000.0,
            "전세가율":80.65,
            "장기전세가율평균":76.65,
            "전세가율거품지수":-4.0,
            "검색코드":7172,
            "세대수":608.0,
            "준공년월":"1996-06-01",
            "준공년차":27.0,
            "가까운역이름":"NA",
            "가까운역거리":"NA",
            "역세권여부":"NA",
            "30분이내주요거점역":"NA",
            "30분거점역이름":"NA",
            "1시간이내주요거점역":"NA",
            "1시간거점역이름":"NA",
            "3km이내백화점수":0,
            "5km이내아울렛몰수":0,
            "1km이내대형먀트수":1,
            "500m이내은행수":1,
            "500m이내병원수":45,
            "5km이내대형병원수":2,
            "500m이내공원수":0,
            "3km이내혐오시설수":0,
            "초등학교학업성취도":90.01,
            "중학교학업성취도":74.7,
            "용적률":272,
            "건폐율":27,
            "Y":36.670021,
            "X":127.492207,
            "rank":48.0,
            "area_info":"12평(40.79), 22평(73.96), 32평(105.82), 31평(105.63), 48평(160.67)",
            "last_sales":"2022-02-15,6200.0,12평(40.79)",
            "rank_history":[
                [
                    "202203",
                    48
                ],
                [
                    "202202",
                    45
                ],
                [
                    "202201",
                    36
                ]
            ],
            "rank_gap":-3
        },
        {
            "index":261,
            "아파트명":"신라(1292)",
            "투자타입":"일반",
            "전용면적(m2)":"51.87",
            "전용면적(평)":"15평",
            "법정동주소":"충청북도 청주시 청원구 율량동 1292",
            "도로명주소":"충청북도 청주시 청원구 율봉로94번길 9",
            "세대수":0,
            "입주년차":0,
            "용적률점수":"--",
            "건폐율점수":"--",
            "세대당주차수":0,
            "난방방식":30,
            "공급면적":"--",
            "전용률":"--",
            "욕실수":50,
            "현관타입":100,
            "주거총점":18.0,
            "지역구공급총점":100.0,
            "역세권":"NA",
            "30분내 이동가능 거점":"NA",
            "1시간내 이동가능 거점":"NA",
            "교통총점":"NA",
            "백화점":0,
            "아울렛몰":0,
            "대형마트":80,
            "은행":20,
            "병원":80,
            "종합병원":100,
            "공원":80,
            "혐오시설":0,
            "인프라총점":44.4,
            "초등학군":90.0,
            "중학군":49.94,
            "학군총점":57.952,
            "인구수":21.18,
            "인구증감":-16.08,
            "인구총점":10.002,
            "일자리":12.43,
            "소득수준":61.51,
            "일자리총점":27.154,
            "가치 총점":38.548,
            "매매실거래년":20201213.0,
            "매매실거래가":3200.0,
            "전세실거래년":20200407.0,
            "전세실거래가":4500.0,
            "전세가율":77.59,
            "장기전세가율평균":76.65,
            "전세가율거품지수":-0.94,
            "검색코드":114958,
            "세대수":252.0,
            "준공년월":"1995-10-05",
            "준공년차":28.0,
            "가까운역이름":"NA",
            "가까운역거리":"NA",
            "역세권여부":"NA",
            "30분이내주요거점역":"NA",
            "30분거점역이름":"NA",
            "1시간이내주요거점역":"NA",
            "1시간거점역이름":"NA",
            "3km이내백화점수":0,
            "5km이내아울렛몰수":0,
            "1km이내대형먀트수":1,
            "500m이내은행수":2,
            "500m이내병원수":30,
            "5km이내대형병원수":4,
            "500m이내공원수":1,
            "3km이내혐오시설수":0,
            "초등학교학업성취도":90.0,
            "중학교학업성취도":80.3,
            "용적률":361,
            "건폐율":58,
            "Y":36.66648,
            "X":127.480335,
            "rank":49.0,
            "area_info":"15평(51.87), 18평(59.67), 18평(62.01), 25평(84.93)",
            "last_sales":"2020-12-13,3200.0,18평(62.01)",
            "rank_history":[
                [
                    "202203",
                    49
                ],
                [
                    "202202",
                    46
                ],
                [
                    "202201",
                    43
                ]
            ],
            "rank_gap":-3
        },
        {
            "index":338,
            "아파트명":"어웰휴빌리지(도시형)",
            "투자타입":"일반",
            "전용면적(m2)":"97.65",
            "전용면적(평)":"29평",
            "법정동주소":"충청북도 청주시 청원구 주중동 186-46",
            "도로명주소":"충청북도 청주시 청원구 공항로220번길 100",
            "세대수":0,
            "입주년차":80,
            "용적률점수":"--",
            "건폐율점수":"--",
            "세대당주차수":60,
            "난방방식":30,
            "공급면적":"--",
            "전용률":"--",
            "욕실수":100,
            "현관타입":100,
            "주거총점":48.0,
            "지역구공급총점":100.0,
            "역세권":"NA",
            "30분내 이동가능 거점":"NA",
            "1시간내 이동가능 거점":"NA",
            "교통총점":"NA",
            "백화점":0,
            "아울렛몰":0,
            "대형마트":0,
            "은행":0,
            "병원":0,
            "종합병원":100,
            "공원":0,
            "혐오시설":0,
            "인프라총점":20.0,
            "초등학군":89.99,
            "중학군":44.98,
            "학군총점":53.982,
            "인구수":21.18,
            "인구증감":-16.08,
            "인구총점":10.002,
            "일자리":12.43,
            "소득수준":61.51,
            "일자리총점":27.154,
            "가치 총점":38.2955,
            "매매실거래년":"18000101",
            "매매실거래가":null,
            "전세실거래년":null,
            "전세실거래가":null,
            "전세가율":null,
            "장기전세가율평균":76.65,
            "전세가율거품지수":null,
            "검색코드":121642,
            "세대수":72.0,
            "준공년월":"2016-06-17",
            "준공년차":7.0,
            "가까운역이름":"NA",
            "가까운역거리":"NA",
            "역세권여부":"NA",
            "30분이내주요거점역":"NA",
            "30분거점역이름":"NA",
            "1시간이내주요거점역":"NA",
            "1시간거점역이름":"NA",
            "3km이내백화점수":0,
            "5km이내아울렛몰수":0,
            "1km이내대형먀트수":0,
            "500m이내은행수":1,
            "500m이내병원수":0,
            "5km이내대형병원수":2,
            "500m이내공원수":0,
            "3km이내혐오시설수":0,
            "초등학교학업성취도":89.99,
            "중학교학업성취도":73.7,
            "용적률":0,
            "건폐율":0,
            "Y":36.676997,
            "X":127.488036,
            "rank":50.0,
            "area_info":"29평(97.65), 29평(97.73)",
            "last_sales":"1800-01-01,nan,29평(97.65)",
            "rank_history":[
                [
                    "202203",
                    50
                ],
                [
                    "202202",
                    9999
                ]
            ],
            "rank_gap":9999
        },
        {
            "index":254,
            "아파트명":"삼정2차",
            "투자타입":"재건축",
            "전용면적(m2)":"104.01",
            "전용면적(평)":"31평",
            "법정동주소":"충청북도 청주시 청원구 율량동 742",
            "도로명주소":"충청북도 청주시 청원구 율봉로175번길 54",
            "세대수":0,
            "입주년차":"--",
            "용적률점수":0,
            "건폐율점수":80,
            "세대당주차수":"--",
            "난방방식":"--",
            "공급면적":90,
            "전용률":80,
            "욕실수":"--",
            "현관타입":"--",
            "주거총점":24.5,
            "지역구공급총점":100.0,
            "역세권":"NA",
            "30분내 이동가능 거점":"NA",
            "1시간내 이동가능 거점":"NA",
            "교통총점":"NA",
            "백화점":0,
            "아울렛몰":0,
            "대형마트":80,
            "은행":20,
            "병원":60,
            "종합병원":100,
            "공원":0,
            "혐오시설":0,
            "인프라총점":40.0,
            "초등학군":89.99,
            "중학군":44.98,
            "학군총점":53.982,
            "인구수":21.18,
            "인구증감":-16.08,
            "인구총점":10.002,
            "일자리":12.43,
            "소득수준":61.51,
            "일자리총점":27.154,
            "가치 총점":38.0705,
            "매매실거래년":20220104.0,
            "매매실거래가":22800.0,
            "전세실거래년":20210409.0,
            "전세실거래가":13000.0,
            "전세가율":78.79,
            "장기전세가율평균":76.65,
            "전세가율거품지수":-2.14,
            "검색코드":7190,
            "세대수":275.0,
            "준공년월":"1992-06-16",
            "준공년차":31.0,
            "가까운역이름":"NA",
            "가까운역거리":"NA",
            "역세권여부":"NA",
            "30분이내주요거점역":"NA",
            "30분거점역이름":"NA",
            "1시간이내주요거점역":"NA",
            "1시간거점역이름":"NA",
            "3km이내백화점수":0,
            "5km이내아울렛몰수":0,
            "1km이내대형먀트수":1,
            "500m이내은행수":2,
            "500m이내병원수":21,
            "5km이내대형병원수":2,
            "500m이내공원수":0,
            "3km이내혐오시설수":0,
            "초등학교학업성취도":89.99,
            "중학교학업성취도":73.7,
            "용적률":251,
            "건폐율":28,
            "Y":36.67071,
            "X":127.48956,
            "rank":51.0,
            "area_info":"31평(104.01), 42평(140.81)",
            "last_sales":"2022-01-04,22800.0,42평(140.81)",
            "rank_history":[
                [
                    "202203",
                    51
                ],
                [
                    "202202",
                    47
                ],
                [
                    "202201",
                    39
                ]
            ],
            "rank_gap":-4
        },
        {
            "index":288,
            "아파트명":"율량럭키",
            "투자타입":"재건축",
            "전용면적(m2)":"93.75",
            "전용면적(평)":"28평",
            "법정동주소":"충청북도 청주시 청원구 율량동 863",
            "도로명주소":"충청북도 청주시 청원구 율봉로209번길 40",
            "세대수":50,
            "입주년차":"--",
            "용적률점수":0,
            "건폐율점수":0,
            "세대당주차수":"--",
            "난방방식":"--",
            "공급면적":70,
            "전용률":80,
            "욕실수":"--",
            "현관타입":"--",
            "주거총점":22.5,
            "지역구공급총점":100.0,
            "역세권":"NA",
            "30분내 이동가능 거점":"NA",
            "1시간내 이동가능 거점":"NA",
            "교통총점":"NA",
            "백화점":0,
            "아울렛몰":0,
            "대형마트":80,
            "은행":0,
            "병원":80,
            "종합병원":100,
            "공원":0,
            "혐오시설":0,
            "인프라총점":40.0,
            "초등학군":89.99,
            "중학군":45.1,
            "학군총점":54.078,
            "인구수":21.18,
            "인구증감":-16.08,
            "인구총점":10.002,
            "일자리":12.43,
            "소득수준":61.51,
            "일자리총점":27.154,
            "가치 총점":37.3945,
            "매매실거래년":20220217.0,
            "매매실거래가":20000.0,
            "전세실거래년":20210707.0,
            "전세실거래가":12000.0,
            "전세가율":72.73,
            "장기전세가율평균":76.65,
            "전세가율거품지수":3.92,
            "검색코드":7174,
            "세대수":690.0,
            "준공년월":"1991-03-16",
            "준공년차":32.0,
            "가까운역이름":"NA",
            "가까운역거리":"NA",
            "역세권여부":"NA",
            "30분이내주요거점역":"NA",
            "30분거점역이름":"NA",
            "1시간이내주요거점역":"NA",
            "1시간거점역이름":"NA",
            "3km이내백화점수":0,
            "5km이내아울렛몰수":0,
            "1km이내대형먀트수":1,
            "500m이내은행수":1,
            "500m이내병원수":41,
            "5km이내대형병원수":2,
            "500m이내공원수":0,
            "3km이내혐오시설수":0,
            "초등학교학업성취도":89.99,
            "중학교학업성취도":74.7,
            "용적률":0,
            "건폐율":0,
            "Y":36.670399,
            "X":127.494118,
            "rank":52.0,
            "area_info":"28평(93.75), 31평(102.68)",
            "last_sales":"2022-02-17,20000.0,31평(102.68)",
            "rank_history":[
                [
                    "202203",
                    52
                ],
                [
                    "202202",
                    48
                ],
                [
                    "202201",
                    42
                ]
            ],
            "rank_gap":-4
        },
        {
            "index":146,
            "아파트명":"오창쌍용스윗닷홈예가",
            "투자타입":"일반",
            "전용면적(m2)":"83.78",
            "전용면적(평)":"25평",
            "법정동주소":"충청북도 청주시 청원구 오창읍 각리 647-1",
            "도로명주소":"충청북도 청주시 청원구 오창중앙로 105",
            "세대수":50,
            "입주년차":40,
            "용적률점수":"--",
            "건폐율점수":"--",
            "세대당주차수":60,
            "난방방식":30,
            "공급면적":"--",
            "전용률":"--",
            "욕실수":100,
            "현관타입":100,
            "주거총점":57.5,
            "지역구공급총점":100.0,
            "역세권":"NA",
            "30분내 이동가능 거점":"NA",
            "1시간내 이동가능 거점":"NA",
            "교통총점":"NA",
            "백화점":0,
            "아울렛몰":0,
            "대형마트":0,
            "은행":0,
            "병원":30,
            "종합병원":0,
            "공원":100,
            "혐오시설":0,
            "인프라총점":6.0,
            "초등학군":90.0,
            "중학군":51.78,
            "학군총점":59.424,
            "인구수":21.18,
            "인구증감":-16.08,
            "인구총점":10.002,
            "일자리":12.43,
            "소득수준":61.51,
            "일자리총점":27.154,
            "가치 총점":37.381,
            "매매실거래년":20220114.0,
            "매매실거래가":34500.0,
            "전세실거래년":20220119.0,
            "전세실거래가":22500.0,
            "전세가율":102.27,
            "장기전세가율평균":76.65,
            "전세가율거품지수":-25.62,
            "검색코드":19047,
            "세대수":622.0,
            "준공년월":"2006-05-24",
            "준공년차":17.0,
            "가까운역이름":"NA",
            "가까운역거리":"NA",
            "역세권여부":"NA",
            "30분이내주요거점역":"NA",
            "30분거점역이름":"NA",
            "1시간이내주요거점역":"NA",
            "1시간거점역이름":"NA",
            "3km이내백화점수":0,
            "5km이내아울렛몰수":0,
            "1km이내대형먀트수":0,
            "500m이내은행수":0,
            "500m이내병원수":6,
            "5km이내대형병원수":0,
            "500m이내공원수":2,
            "3km이내혐오시설수":0,
            "초등학교학업성취도":90.0,
            "중학교학업성취도":84.1,
            "용적률":165,
            "건폐율":16,
            "Y":36.707901,
            "X":127.417885,
            "rank":53.0,
            "area_info":"25평(83.78), 33평(109.72), 45평(151.66)",
            "last_sales":"2022-01-14,34500.0,45평(151.66)",
            "rank_history":[
                [
                    "202203",
                    53
                ],
                [
                    "202202",
                    49
                ],
                [
                    "202201",
                    45
                ]
            ],
            "rank_gap":-4
        },
        {
            "index":191,
            "아파트명":"덕일한마음",
            "투자타입":"일반",
            "전용면적(m2)":"33.6",
            "전용면적(평)":"10평",
            "법정동주소":"충청북도 청주시 청원구 우암동 353-2",
            "도로명주소":"충청북도 청주시 청원구 향군로74번길 26",
            "세대수":30,
            "입주년차":0,
            "용적률점수":"--",
            "건폐율점수":"--",
            "세대당주차수":0,
            "난방방식":30,
            "공급면적":"--",
            "전용률":"--",
            "욕실수":50,
            "현관타입":100,
            "주거총점":28.5,
            "지역구공급총점":100.0,
            "역세권":"NA",
            "30분내 이동가능 거점":"NA",
            "1시간내 이동가능 거점":"NA",
            "교통총점":"NA",
            "백화점":0,
            "아울렛몰":0,
            "대형마트":0,
            "은행":70,
            "병원":60,
            "종합병원":100,
            "공원":100,
            "혐오시설":0,
            "인프라총점":36.0,
            "초등학군":89.98,
            "중학군":41.08,
            "학군총점":50.86,
            "인구수":21.18,
            "인구증감":-16.08,
            "인구총점":10.002,
            "일자리":12.43,
            "소득수준":61.51,
            "일자리총점":27.154,
            "가치 총점":37.09,
            "매매실거래년":20211229.0,
            "매매실거래가":3500.0,
            "전세실거래년":20220223.0,
            "전세실거래가":3500.0,
            "전세가율":100.0,
            "장기전세가율평균":76.65,
            "전세가율거품지수":-23.35,
            "검색코드":7164,
            "세대수":345.0,
            "준공년월":"1996-11-29",
            "준공년차":27.0,
            "가까운역이름":"NA",
            "가까운역거리":"NA",
            "역세권여부":"NA",
            "30분이내주요거점역":"NA",
            "30분거점역이름":"NA",
            "1시간이내주요거점역":"NA",
            "1시간거점역이름":"NA",
            "3km이내백화점수":0,
            "5km이내아울렛몰수":0,
            "1km이내대형먀트수":0,
            "500m이내은행수":3,
            "500m이내병원수":22,
            "5km이내대형병원수":5,
            "500m이내공원수":4,
            "3km이내혐오시설수":0,
            "초등학교학업성취도":89.98,
            "중학교학업성취도":67.0,
            "용적률":255,
            "건폐율":25,
            "Y":36.65204,
            "X":127.485469,
            "rank":54.0,
            "area_info":"10평(33.6), 32평(108.74), 63평(209.86)",
            "last_sales":"2021-12-29,3500.0,10평(33.6)",
            "rank_history":[
                [
                    "202203",
                    54
                ],
                [
                    "202202",
                    50
                ],
                [
                    "202201",
                    47
                ]
            ],
            "rank_gap":-4
        },
        {
            "index":237,
            "아파트명":"동아",
            "투자타입":"재건축",
            "전용면적(m2)":"93.48",
            "전용면적(평)":"28평",
            "법정동주소":"충청북도 청주시 청원구 율량동 1569",
            "도로명주소":"충청북도 청주시 청원구 율천북로99번길 14",
            "세대수":30,
            "입주년차":"--",
            "용적률점수":0,
            "건폐율점수":0,
            "세대당주차수":"--",
            "난방방식":"--",
            "공급면적":70,
            "전용률":80,
            "욕실수":"--",
            "현관타입":"--",
            "주거총점":16.5,
            "지역구공급총점":100.0,
            "역세권":"NA",
            "30분내 이동가능 거점":"NA",
            "1시간내 이동가능 거점":"NA",
            "교통총점":"NA",
            "백화점":0,
            "아울렛몰":0,
            "대형마트":80,
            "은행":0,
            "병원":60,
            "종합병원":100,
            "공원":100,
            "혐오시설":0,
            "인프라총점":41.0,
            "초등학군":90.0,
            "중학군":49.94,
            "학군총점":57.952,
            "인구수":21.18,
            "인구증감":-16.08,
            "인구총점":10.002,
            "일자리":12.43,
            "소득수준":61.51,
            "일자리총점":27.154,
            "가치 총점":36.663,
            "매매실거래년":20211106.0,
            "매매실거래가":14700.0,
            "전세실거래년":20210615.0,
            "전세실거래가":12000.0,
            "전세가율":85.71,
            "장기전세가율평균":76.65,
            "전세가율거품지수":-9.06,
            "검색코드":7169,
            "세대수":330.0,
            "준공년월":"1990-11-27",
            "준공년차":33.0,
            "가까운역이름":"NA",
            "가까운역거리":"NA",
            "역세권여부":"NA",
            "30분이내주요거점역":"NA",
            "30분거점역이름":"NA",
            "1시간이내주요거점역":"NA",
            "1시간거점역이름":"NA",
            "3km이내백화점수":0,
            "5km이내아울렛몰수":0,
            "1km이내대형먀트수":1,
            "500m이내은행수":0,
            "500m이내병원수":20,
            "5km이내대형병원수":4,
            "500m이내공원수":2,
            "3km이내혐오시설수":0,
            "초등학교학업성취도":90.0,
            "중학교학업성취도":80.3,
            "용적률":0,
            "건폐율":0,
            "Y":36.66407,
            "X":127.48249,
            "rank":55.0,
            "area_info":"28평(93.48), 31평(104.76), 48평(159.05)",
            "last_sales":"2021-11-06,14700.0,31평(104.76)",
            "rank_history":[
                [
                    "202203",
                    55
                ],
                [
                    "202202",
                    51
                ],
                [
                    "202201",
                    48
                ]
            ],
            "rank_gap":-4
        },
        {
            "index":292,
            "아파트명":"율량목화(803)",
            "투자타입":"일반",
            "전용면적(m2)":"60.15",
            "전용면적(평)":"18평",
            "법정동주소":"충청북도 청주시 청원구 율량동 803",
            "도로명주소":"충청북도 청주시 청원구 율봉로167번길 37",
            "세대수":0,
            "입주년차":0,
            "용적률점수":"--",
            "건폐율점수":"--",
            "세대당주차수":0,
            "난방방식":30,
            "공급면적":"--",
            "전용률":"--",
            "욕실수":50,
            "현관타입":10,
            "주거총점":9.0,
            "지역구공급총점":100.0,
            "역세권":"NA",
            "30분내 이동가능 거점":"NA",
            "1시간내 이동가능 거점":"NA",
            "교통총점":"NA",
            "백화점":0,
            "아울렛몰":0,
            "대형마트":100,
            "은행":70,
            "병원":80,
            "종합병원":100,
            "공원":0,
            "혐오시설":0,
            "인프라총점":50.0,
            "초등학군":90.0,
            "중학군":44.98,
            "학군총점":53.984,
            "인구수":21.18,
            "인구증감":-16.08,
            "인구총점":10.002,
            "일자리":12.43,
            "소득수준":61.51,
            "일자리총점":27.154,
            "가치 총점":36.646,
            "매매실거래년":20220204.0,
            "매매실거래가":11000.0,
            "전세실거래년":20220205.0,
            "전세실거래가":7000.0,
            "전세가율":98.59,
            "장기전세가율평균":76.65,
            "전세가율거품지수":-21.94,
            "검색코드":7175,
            "세대수":176.0,
            "준공년월":"1994-05-24",
            "준공년차":29.0,
            "가까운역이름":"NA",
            "가까운역거리":"NA",
            "역세권여부":"NA",
            "30분이내주요거점역":"NA",
            "30분거점역이름":"NA",
            "1시간이내주요거점역":"NA",
            "1시간거점역이름":"NA",
            "3km이내백화점수":0,
            "5km이내아울렛몰수":0,
            "1km이내대형먀트수":2,
            "500m이내은행수":3,
            "500m이내병원수":33,
            "5km이내대형병원수":2,
            "500m이내공원수":0,
            "3km이내혐오시설수":0,
            "초등학교학업성취도":90.0,
            "중학교학업성취도":73.7,
            "용적률":224,
            "건폐율":27,
            "Y":36.670297,
            "X":127.487149,
            "rank":56.0,
            "area_info":"18평(60.15), 22평(74.18)",
            "last_sales":"2022-02-04,11000.0,22평(74.18)",
            "rank_history":[
                [
                    "202203",
                    56
                ],
                [
                    "202202",
                    52
                ],
                [
                    "202201",
                    53
                ]
            ],
            "rank_gap":-4
        },
        {
            "index":248,
            "아파트명":"목화(746)",
            "투자타입":"일반",
            "전용면적(m2)":"58.96",
            "전용면적(평)":"17평",
            "법정동주소":"충청북도 청주시 청원구 율량동 746",
            "도로명주소":"충청북도 청주시 청원구 율봉로167번길 65-21",
            "세대수":0,
            "입주년차":0,
            "용적률점수":"--",
            "건폐율점수":"--",
            "세대당주차수":0,
            "난방방식":30,
            "공급면적":"--",
            "전용률":"--",
            "욕실수":50,
            "현관타입":10,
            "주거총점":9.0,
            "지역구공급총점":100.0,
            "역세권":"NA",
            "30분내 이동가능 거점":"NA",
            "1시간내 이동가능 거점":"NA",
            "교통총점":"NA",
            "백화점":0,
            "아울렛몰":0,
            "대형마트":100,
            "은행":70,
            "병원":80,
            "종합병원":100,
            "공원":0,
            "혐오시설":0,
            "인프라총점":50.0,
            "초등학군":89.99,
            "중학군":44.98,
            "학군총점":53.982,
            "인구수":21.18,
            "인구증감":-16.08,
            "인구총점":10.002,
            "일자리":12.43,
            "소득수준":61.51,
            "일자리총점":27.154,
            "가치 총점":36.6455,
            "매매실거래년":20211225.0,
            "매매실거래가":8700.0,
            "전세실거래년":20201103.0,
            "전세실거래가":7000.0,
            "전세가율":94.59,
            "장기전세가율평균":76.65,
            "전세가율거품지수":-17.94,
            "검색코드":7177,
            "세대수":54.0,
            "준공년월":"1994-05-24",
            "준공년차":29.0,
            "가까운역이름":"NA",
            "가까운역거리":"NA",
            "역세권여부":"NA",
            "30분이내주요거점역":"NA",
            "30분거점역이름":"NA",
            "1시간이내주요거점역":"NA",
            "1시간거점역이름":"NA",
            "3km이내백화점수":0,
            "5km이내아울렛몰수":0,
            "1km이내대형먀트수":2,
            "500m이내은행수":3,
            "500m이내병원수":32,
            "5km이내대형병원수":2,
            "500m이내공원수":0,
            "3km이내혐오시설수":0,
            "초등학교학업성취도":89.99,
            "중학교학업성취도":73.7,
            "용적률":202,
            "건폐율":33,
            "Y":36.67145,
            "X":127.48677,
            "rank":57.0,
            "area_info":"17평(58.96), 19평(62.92)",
            "last_sales":"2021-12-25,8700.0,19평(62.92)",
            "rank_history":[
                [
                    "202203",
                    57
                ],
                [
                    "202202",
                    9999
                ]
            ],
            "rank_gap":9999
        },
        {
            "index":281,
            "아파트명":"율량대창2차",
            "투자타입":"일반",
            "전용면적(m2)":"66.47",
            "전용면적(평)":"20평",
            "법정동주소":"충청북도 청주시 청원구 율량동 715",
            "도로명주소":"충청북도 청주시 청원구 율봉로159번길 74-19",
            "세대수":0,
            "입주년차":0,
            "용적률점수":"--",
            "건폐율점수":"--",
            "세대당주차수":0,
            "난방방식":30,
            "공급면적":"--",
            "전용률":"--",
            "욕실수":50,
            "현관타입":10,
            "주거총점":9.0,
            "지역구공급총점":100.0,
            "역세권":"NA",
            "30분내 이동가능 거점":"NA",
            "1시간내 이동가능 거점":"NA",
            "교통총점":"NA",
            "백화점":0,
            "아울렛몰":0,
            "대형마트":100,
            "은행":70,
            "병원":80,
            "종합병원":100,
            "공원":0,
            "혐오시설":0,
            "인프라총점":50.0,
            "초등학군":89.99,
            "중학군":44.98,
            "학군총점":53.982,
            "인구수":21.18,
            "인구증감":-16.08,
            "인구총점":10.002,
            "일자리":12.43,
            "소득수준":61.51,
            "일자리총점":27.154,
            "가치 총점":36.6455,
            "매매실거래년":20220115.0,
            "매매실거래가":14200.0,
            "전세실거래년":20210624.0,
            "전세실거래가":8400.0,
            "전세가율":71.79,
            "장기전세가율평균":76.65,
            "전세가율거품지수":4.86,
            "검색코드":7168,
            "세대수":81.0,
            "준공년월":"1994-06-01",
            "준공년차":29.0,
            "가까운역이름":"NA",
            "가까운역거리":"NA",
            "역세권여부":"NA",
            "30분이내주요거점역":"NA",
            "30분거점역이름":"NA",
            "1시간이내주요거점역":"NA",
            "1시간거점역이름":"NA",
            "3km이내백화점수":0,
            "5km이내아울렛몰수":0,
            "1km이내대형먀트수":2,
            "500m이내은행수":4,
            "500m이내병원수":32,
            "5km이내대형병원수":2,
            "500m이내공원수":0,
            "3km이내혐오시설수":0,
            "초등학교학업성취도":89.99,
            "중학교학업성취도":73.7,
            "용적률":318,
            "건폐율":32,
            "Y":36.67186,
            "X":127.48598,
            "rank":57.0,
            "area_info":"20평(66.47), 23평(76.96)",
            "last_sales":"2022-01-15,14200.0,23평(76.96)",
            "rank_history":[
                [
                    "202203",
                    57
                ],
                [
                    "202202",
                    9999
                ]
            ],
            "rank_gap":9999
        },
        {
            "index":294,
            "아파트명":"율량부강마을",
            "투자타입":"일반",
            "전용면적(m2)":"32.86",
            "전용면적(평)":"9평",
            "법정동주소":"충청북도 청주시 청원구 율량동 744",
            "도로명주소":"충청북도 청주시 청원구 공항로150번길 59",
            "세대수":0,
            "입주년차":0,
            "용적률점수":"--",
            "건폐율점수":"--",
            "세대당주차수":0,
            "난방방식":30,
            "공급면적":"--",
            "전용률":"--",
            "욕실수":50,
            "현관타입":10,
            "주거총점":9.0,
            "지역구공급총점":100.0,
            "역세권":"NA",
            "30분내 이동가능 거점":"NA",
            "1시간내 이동가능 거점":"NA",
            "교통총점":"NA",
            "백화점":0,
            "아울렛몰":0,
            "대형마트":100,
            "은행":70,
            "병원":80,
            "종합병원":100,
            "공원":0,
            "혐오시설":0,
            "인프라총점":50.0,
            "초등학군":89.99,
            "중학군":44.98,
            "학군총점":53.982,
            "인구수":21.18,
            "인구증감":-16.08,
            "인구총점":10.002,
            "일자리":12.43,
            "소득수준":61.51,
            "일자리총점":27.154,
            "가치 총점":36.6455,
            "매매실거래년":20220215.0,
            "매매실거래가":3000.0,
            "전세실거래년":20200401.0,
            "전세실거래가":4000.0,
            "전세가율":152.67,
            "장기전세가율평균":76.65,
            "전세가율거품지수":-76.02,
            "검색코드":7180,
            "세대수":244.0,
            "준공년월":"1993-11-24",
            "준공년차":30.0,
            "가까운역이름":"NA",
            "가까운역거리":"NA",
            "역세권여부":"NA",
            "30분이내주요거점역":"NA",
            "30분거점역이름":"NA",
            "1시간이내주요거점역":"NA",
            "1시간거점역이름":"NA",
            "3km이내백화점수":0,
            "5km이내아울렛몰수":0,
            "1km이내대형먀트수":2,
            "500m이내은행수":3,
            "500m이내병원수":33,
            "5km이내대형병원수":2,
            "500m이내공원수":0,
            "3km이내혐오시설수":0,
            "초등학교학업성취도":89.99,
            "중학교학업성취도":73.7,
            "용적률":336,
            "건폐율":43,
            "Y":36.67108,
            "X":127.48765,
            "rank":57.0,
            "area_info":"9평(32.86), 10평(35.99), 11평(39.14)",
            "last_sales":"2022-02-15,3000.0,11평(39.14)",
            "rank_history":[
                [
                    "202203",
                    57
                ],
                [
                    "202202",
                    53
                ],
                [
                    "202201",
                    55
                ]
            ],
            "rank_gap":-4
        },
        {
            "index":233,
            "아파트명":"덕성맨션",
            "투자타입":"재건축",
            "전용면적(m2)":"101.16",
            "전용면적(평)":"30평",
            "법정동주소":"충청북도 청주시 청원구 율량동 1871",
            "도로명주소":"충청북도 청주시 청원구 공항로 105",
            "세대수":0,
            "입주년차":"--",
            "용적률점수":0,
            "건폐율점수":0,
            "세대당주차수":"--",
            "난방방식":"--",
            "공급면적":90,
            "전용률":80,
            "욕실수":"--",
            "현관타입":"--",
            "주거총점":8.5,
            "지역구공급총점":100.0,
            "역세권":"NA",
            "30분내 이동가능 거점":"NA",
            "1시간내 이동가능 거점":"NA",
            "교통총점":"NA",
            "백화점":0,
            "아울렛몰":0,
            "대형마트":100,
            "은행":20,
            "병원":80,
            "종합병원":100,
            "공원":80,
            "혐오시설":0,
            "인프라총점":47.4,
            "초등학군":90.0,
            "중학군":49.94,
            "학군총점":57.952,
            "인구수":21.18,
            "인구증감":-16.08,
            "인구총점":10.002,
            "일자리":12.43,
            "소득수준":61.51,
            "일자리총점":27.154,
            "가치 총점":36.423,
            "매매실거래년":20220109.0,
            "매매실거래가":10600.0,
            "전세실거래년":20220111.0,
            "전세실거래가":12000.0,
            "전세가율":113.21,
            "장기전세가율평균":76.65,
            "전세가율거품지수":-36.56,
            "검색코드":15410,
            "세대수":108.0,
            "준공년월":"1989-12-29",
            "준공년차":34.0,
            "가까운역이름":"NA",
            "가까운역거리":"NA",
            "역세권여부":"NA",
            "30분이내주요거점역":"NA",
            "30분거점역이름":"NA",
            "1시간이내주요거점역":"NA",
            "1시간거점역이름":"NA",
            "3km이내백화점수":0,
            "5km이내아울렛몰수":0,
            "1km이내대형먀트수":2,
            "500m이내은행수":2,
            "500m이내병원수":41,
            "5km이내대형병원수":3,
            "500m이내공원수":1,
            "3km이내혐오시설수":0,
            "초등학교학업성취도":90.0,
            "중학교학업성취도":80.3,
            "용적률":0,
            "건폐율":0,
            "Y":36.666461,
            "X":127.485709,
            "rank":58.0,
            "area_info":"30평(101.16), 33평(110.07), 35평(115.83), 37평(122.85)",
            "last_sales":"2022-01-09,10600.0,30평(101.16)",
            "rank_history":[
                [
                    "202203",
                    58
                ],
                [
                    "202202",
                    54
                ],
                [
                    "202201",
                    49
                ]
            ],
            "rank_gap":-4
        },
        {
            "index":68,
            "아파트명":"진흥2차",
            "투자타입":"재건축",
            "전용면적(m2)":"75.71",
            "전용면적(평)":"22평",
            "법정동주소":"충청북도 청주시 청원구 내수읍 마산리 5-5",
            "도로명주소":"충청북도 청주시 청원구 마산3길 3",
            "세대수":0,
            "입주년차":"--",
            "용적률점수":80,
            "건폐율점수":60,
            "세대당주차수":"--",
            "난방방식":"--",
            "공급면적":50,
            "전용률":60,
            "욕실수":"--",
            "현관타입":"--",
            "주거총점":49.5,
            "지역구공급총점":100.0,
            "역세권":"NA",
            "30분내 이동가능 거점":"NA",
            "1시간내 이동가능 거점":"NA",
            "교통총점":"NA",
            "백화점":0,
            "아울렛몰":0,
            "대형마트":80,
            "은행":0,
            "병원":10,
            "종합병원":0,
            "공원":100,
            "혐오시설":0,
            "인프라총점":16.0,
            "초등학군":89.99,
            "중학군":39.66,
            "학군총점":49.726,
            "인구수":21.18,
            "인구증감":-16.08,
            "인구총점":10.002,
            "일자리":12.43,
            "소득수준":61.51,
            "일자리총점":27.154,
            "가치 총점":36.1565,
            "매매실거래년":20220114.0,
            "매매실거래가":5700.0,
            "전세실거래년":20210831.0,
            "전세실거래가":3800.0,
            "전세가율":66.67,
            "장기전세가율평균":76.65,
            "전세가율거품지수":9.98,
            "검색코드":15378,
            "세대수":299.0,
            "준공년월":"1992-11-16",
            "준공년차":31.0,
            "가까운역이름":"NA",
            "가까운역거리":"NA",
            "역세권여부":"NA",
            "30분이내주요거점역":"NA",
            "30분거점역이름":"NA",
            "1시간이내주요거점역":"NA",
            "1시간거점역이름":"NA",
            "3km이내백화점수":0,
            "5km이내아울렛몰수":0,
            "1km이내대형먀트수":1,
            "500m이내은행수":0,
            "500m이내병원수":3,
            "5km이내대형병원수":0,
            "500m이내공원수":3,
            "3km이내혐오시설수":0,
            "초등학교학업성취도":89.99,
            "중학교학업성취도":64.9,
            "용적률":151,
            "건폐율":30,
            "Y":36.720946,
            "X":127.538195,
            "rank":59.0,
            "area_info":"22평(75.71), 22평(75.56), 32평(107.17)",
            "last_sales":"2022-01-14,5700.0,22평(75.71)",
            "rank_history":[
                [
                    "202203",
                    59
                ],
                [
                    "202202",
                    57
                ],
                [
                    "202201",
                    56
                ]
            ],
            "rank_gap":-2
        },
        {
            "index":266,
            "아파트명":"신라맨션(1868)",
            "투자타입":"재건축",
            "전용면적(m2)":"96.88",
            "전용면적(평)":"29평",
            "법정동주소":"충청북도 청주시 청원구 율량동 1868",
            "도로명주소":"충청북도 청주시 청원구 공항로97번길 24",
            "세대수":0,
            "입주년차":"--",
            "용적률점수":0,
            "건폐율점수":0,
            "세대당주차수":"--",
            "난방방식":"--",
            "공급면적":70,
            "전용률":80,
            "욕실수":"--",
            "현관타입":"--",
            "주거총점":7.5,
            "지역구공급총점":100.0,
            "역세권":"NA",
            "30분내 이동가능 거점":"NA",
            "1시간내 이동가능 거점":"NA",
            "교통총점":"NA",
            "백화점":0,
            "아울렛몰":0,
            "대형마트":100,
            "은행":20,
            "병원":80,
            "종합병원":100,
            "공원":80,
            "혐오시설":0,
            "인프라총점":47.4,
            "초등학군":90.0,
            "중학군":49.94,
            "학군총점":57.952,
            "인구수":21.18,
            "인구증감":-16.08,
            "인구총점":10.002,
            "일자리":12.43,
            "소득수준":61.51,
            "일자리총점":27.154,
            "가치 총점":36.073,
            "매매실거래년":20211127.0,
            "매매실거래가":9500.0,
            "전세실거래년":null,
            "전세실거래가":null,
            "전세가율":null,
            "장기전세가율평균":76.65,
            "전세가율거품지수":null,
            "검색코드":15412,
            "세대수":140.0,
            "준공년월":"1989-12-29",
            "준공년차":34.0,
            "가까운역이름":"NA",
            "가까운역거리":"NA",
            "역세권여부":"NA",
            "30분이내주요거점역":"NA",
            "30분거점역이름":"NA",
            "1시간이내주요거점역":"NA",
            "1시간거점역이름":"NA",
            "3km이내백화점수":0,
            "5km이내아울렛몰수":0,
            "1km이내대형먀트수":2,
            "500m이내은행수":2,
            "500m이내병원수":42,
            "5km이내대형병원수":3,
            "500m이내공원수":1,
            "3km이내혐오시설수":0,
            "초등학교학업성취도":90.0,
            "중학교학업성취도":80.3,
            "용적률":0,
            "건폐율":0,
            "Y":36.66577,
            "X":127.48499,
            "rank":60.0,
            "area_info":"29평(96.88), 29평(97.31), 30평(99.56), 30평(100.54), 30평(100.99), 30평(101.08), 30평(101.57)",
            "last_sales":"2021-11-27,9500.0,30평(101.57)",
            "rank_history":[
                [
                    "202203",
                    60
                ],
                [
                    "202202",
                    55
                ],
                [
                    "202201",
                    52
                ]
            ],
            "rank_gap":-5
        },
        {
            "index":21,
            "아파트명":"신화",
            "투자타입":"재건축",
            "전용면적(m2)":"95.46",
            "전용면적(평)":"28평",
            "법정동주소":"충청북도 청주시 청원구 내덕동 520",
            "도로명주소":"충청북도 청주시 청원구 1순환로211번길 11",
            "세대수":50,
            "입주년차":"--",
            "용적률점수":0,
            "건폐율점수":0,
            "세대당주차수":"--",
            "난방방식":"--",
            "공급면적":70,
            "전용률":60,
            "욕실수":"--",
            "현관타입":"--",
            "주거총점":21.5,
            "지역구공급총점":100.0,
            "역세권":"NA",
            "30분내 이동가능 거점":"NA",
            "1시간내 이동가능 거점":"NA",
            "교통총점":"NA",
            "백화점":0,
            "아울렛몰":0,
            "대형마트":80,
            "은행":0,
            "병원":30,
            "종합병원":100,
            "공원":80,
            "혐오시설":0,
            "인프라총점":37.4,
            "초등학군":90.01,
            "중학군":45.1,
            "학군총점":54.082,
            "인구수":21.18,
            "인구증감":-16.08,
            "인구총점":10.002,
            "일자리":12.43,
            "소득수준":61.51,
            "일자리총점":27.154,
            "가치 총점":36.0055,
            "매매실거래년":20211208.0,
            "매매실거래가":21500.0,
            "전세실거래년":20200814.0,
            "전세실거래가":13400.0,
            "전세가율":91.78,
            "장기전세가율평균":76.65,
            "전세가율거품지수":-15.13,
            "검색코드":7018,
            "세대수":432.0,
            "준공년월":"1990-10-24",
            "준공년차":33.0,
            "가까운역이름":"NA",
            "가까운역거리":"NA",
            "역세권여부":"NA",
            "30분이내주요거점역":"NA",
            "30분거점역이름":"NA",
            "1시간이내주요거점역":"NA",
            "1시간거점역이름":"NA",
            "3km이내백화점수":0,
            "5km이내아울렛몰수":0,
            "1km이내대형먀트수":1,
            "500m이내은행수":1,
            "500m이내병원수":5,
            "5km이내대형병원수":4,
            "500m이내공원수":1,
            "3km이내혐오시설수":0,
            "초등학교학업성취도":90.01,
            "중학교학업성취도":74.7,
            "용적률":0,
            "건폐율":0,
            "Y":36.663749,
            "X":127.49009,
            "rank":61.0,
            "area_info":"28평(95.46), 33평(112.37), 49평(162.09)",
            "last_sales":"2021-12-08,21500.0,49평(162.09)",
            "rank_history":[
                [
                    "202203",
                    61
                ],
                [
                    "202202",
                    56
                ],
                [
                    "202201",
                    51
                ]
            ],
            "rank_gap":-5
        },
        {
            "index":312,
            "아파트명":"진화하이츠",
            "투자타입":"일반",
            "전용면적(m2)":"76.57",
            "전용면적(평)":"23평",
            "법정동주소":"충청북도 청주시 청원구 율량동 867",
            "도로명주소":"충청북도 청주시 청원구 충청대로139번길 9",
            "세대수":0,
            "입주년차":0,
            "용적률점수":"--",
            "건폐율점수":"--",
            "세대당주차수":0,
            "난방방식":30,
            "공급면적":"--",
            "전용률":"--",
            "욕실수":50,
            "현관타입":100,
            "주거총점":18.0,
            "지역구공급총점":100.0,
            "역세권":"NA",
            "30분내 이동가능 거점":"NA",
            "1시간내 이동가능 거점":"NA",
            "교통총점":"NA",
            "백화점":0,
            "아울렛몰":0,
            "대형마트":80,
            "은행":0,
            "병원":80,
            "종합병원":100,
            "공원":0,
            "혐오시설":0,
            "인프라총점":40.0,
            "초등학군":90.01,
            "중학군":45.1,
            "학군총점":54.082,
            "인구수":21.18,
            "인구증감":-16.08,
            "인구총점":10.002,
            "일자리":12.43,
            "소득수준":61.51,
            "일자리총점":27.154,
            "가치 총점":35.8205,
            "매매실거래년":20211203.0,
            "매매실거래가":10800.0,
            "전세실거래년":20210716.0,
            "전세실거래가":11000.0,
            "전세가율":101.85,
            "장기전세가율평균":76.65,
            "전세가율거품지수":-25.2,
            "검색코드":15413,
            "세대수":136.0,
            "준공년월":"1994-10-31",
            "준공년차":29.0,
            "가까운역이름":"NA",
            "가까운역거리":"NA",
            "역세권여부":"NA",
            "30분이내주요거점역":"NA",
            "30분거점역이름":"NA",
            "1시간이내주요거점역":"NA",
            "1시간거점역이름":"NA",
            "3km이내백화점수":0,
            "5km이내아울렛몰수":0,
            "1km이내대형먀트수":1,
            "500m이내은행수":1,
            "500m이내병원수":48,
            "5km이내대형병원수":3,
            "500m이내공원수":0,
            "3km이내혐오시설수":0,
            "초등학교학업성취도":90.01,
            "중학교학업성취도":74.7,
            "용적률":0,
            "건폐율":0,
            "Y":36.668576,
            "X":127.493537,
            "rank":62.0,
            "area_info":"23평(76.57), 31평(104.61), 35평(117.15), 47평(155.39)",
            "last_sales":"2021-12-03,10800.0,23평(76.57)",
            "rank_history":[
                [
                    "202203",
                    62
                ],
                [
                    "202202",
                    58
                ],
                [
                    "202201",
                    46
                ]
            ],
            "rank_gap":-4
        },
        {
            "index":297,
            "아파트명":"율량한울2차",
            "투자타입":"일반",
            "전용면적(m2)":"68.29",
            "전용면적(평)":"20평",
            "법정동주소":"충청북도 청주시 청원구 율량동 724-1",
            "도로명주소":"충청북도 청주시 청원구 율봉로167번길 66-9",
            "세대수":0,
            "입주년차":0,
            "용적률점수":"--",
            "건폐율점수":"--",
            "세대당주차수":0,
            "난방방식":30,
            "공급면적":"--",
            "전용률":"--",
            "욕실수":50,
            "현관타입":100,
            "주거총점":18.0,
            "지역구공급총점":100.0,
            "역세권":"NA",
            "30분내 이동가능 거점":"NA",
            "1시간내 이동가능 거점":"NA",
            "교통총점":"NA",
            "백화점":0,
            "아울렛몰":0,
            "대형마트":80,
            "은행":20,
            "병원":60,
            "종합병원":100,
            "공원":0,
            "혐오시설":0,
            "인프라총점":40.0,
            "초등학군":89.99,
            "중학군":44.98,
            "학군총점":53.982,
            "인구수":21.18,
            "인구증감":-16.08,
            "인구총점":10.002,
            "일자리":12.43,
            "소득수준":61.51,
            "일자리총점":27.154,
            "가치 총점":35.7955,
            "매매실거래년":20210714.0,
            "매매실거래가":16500.0,
            "전세실거래년":20160309.0,
            "전세실거래가":10000.0,
            "전세가율":100.0,
            "장기전세가율평균":76.65,
            "전세가율거품지수":-23.35,
            "검색코드":15418,
            "세대수":96.0,
            "준공년월":"1996-04-20",
            "준공년차":27.0,
            "가까운역이름":"NA",
            "가까운역거리":"NA",
            "역세권여부":"NA",
            "30분이내주요거점역":"NA",
            "30분거점역이름":"NA",
            "1시간이내주요거점역":"NA",
            "1시간거점역이름":"NA",
            "3km이내백화점수":0,
            "5km이내아울렛몰수":0,
            "1km이내대형먀트수":1,
            "500m이내은행수":2,
            "500m이내병원수":22,
            "5km이내대형병원수":2,
            "500m이내공원수":0,
            "3km이내혐오시설수":0,
            "초등학교학업성취도":89.99,
            "중학교학업성취도":73.7,
            "용적률":296,
            "건폐율":27,
            "Y":36.671674,
            "X":127.488896,
            "rank":63.0,
            "area_info":"20평(68.29), 21평(71.03), 27평(89.54), 29평(98.77)",
            "last_sales":"2021-07-14,16500.0,29평(98.77)",
            "rank_history":[
                [
                    "202203",
                    63
                ],
                [
                    "202202",
                    9999
                ]
            ],
            "rank_gap":9999
        },
        {
            "index":256,
            "아파트명":"서우",
            "투자타입":"재건축",
            "전용면적(m2)":"68.03",
            "전용면적(평)":"20평",
            "법정동주소":"충청북도 청주시 청원구 율량동 1236",
            "도로명주소":"충청북도 청주시 청원구 공항로 133",
            "세대수":0,
            "입주년차":"--",
            "용적률점수":0,
            "건폐율점수":0,
            "세대당주차수":"--",
            "난방방식":"--",
            "공급면적":50,
            "전용률":80,
            "욕실수":"--",
            "현관타입":"--",
            "주거총점":6.5,
            "지역구공급총점":100.0,
            "역세권":"NA",
            "30분내 이동가능 거점":"NA",
            "1시간내 이동가능 거점":"NA",
            "교통총점":"NA",
            "백화점":0,
            "아울렛몰":0,
            "대형마트":100,
            "은행":70,
            "병원":80,
            "종합병원":100,
            "공원":0,
            "혐오시설":0,
            "인프라총점":50.0,
            "초등학군":90.0,
            "중학군":44.98,
            "학군총점":53.984,
            "인구수":21.18,
            "인구증감":-16.08,
            "인구총점":10.002,
            "일자리":12.43,
            "소득수준":61.51,
            "일자리총점":27.154,
            "가치 총점":35.771,
            "매매실거래년":20211226.0,
            "매매실거래가":10300.0,
            "전세실거래년":20211213.0,
            "전세실거래가":9500.0,
            "전세가율":95.1,
            "장기전세가율평균":76.65,
            "전세가율거품지수":-18.45,
            "검색코드":128196,
            "세대수":80.0,
            "준공년월":"1988-07-16",
            "준공년차":35.0,
            "가까운역이름":"NA",
            "가까운역거리":"NA",
            "역세권여부":"NA",
            "30분이내주요거점역":"NA",
            "30분거점역이름":"NA",
            "1시간이내주요거점역":"NA",
            "1시간거점역이름":"NA",
            "3km이내백화점수":0,
            "5km이내아울렛몰수":0,
            "1km이내대형먀트수":2,
            "500m이내은행수":3,
            "500m이내병원수":47,
            "5km이내대형병원수":2,
            "500m이내공원수":0,
            "3km이내혐오시설수":0,
            "초등학교학업성취도":90.0,
            "중학교학업성취도":73.7,
            "용적률":0,
            "건폐율":0,
            "Y":36.66899,
            "X":127.483787,
            "rank":64.0,
            "area_info":"20평(68.03), 23평(78.68), 23평(79.13)",
            "last_sales":"2021-12-26,10300.0,23평(79.13)",
            "rank_history":[
                [
                    "202203",
                    64
                ],
                [
                    "202202",
                    9999
                ]
            ],
            "rank_gap":9999
        },
        {
            "index":211,
            "아파트명":"일진캠퍼스타워",
            "투자타입":"일반",
            "전용면적(m2)":"26.37",
            "전용면적(평)":"7평",
            "법정동주소":"충청북도 청주시 청원구 우암동 237-13",
            "도로명주소":"충청북도 청주시 청원구 상당로 249",
            "세대수":0,
            "입주년차":80,
            "용적률점수":"--",
            "건폐율점수":"--",
            "세대당주차수":0,
            "난방방식":30,
            "공급면적":"--",
            "전용률":"--",
            "욕실수":50,
            "현관타입":10,
            "주거총점":25.0,
            "지역구공급총점":100.0,
            "역세권":"NA",
            "30분내 이동가능 거점":"NA",
            "1시간내 이동가능 거점":"NA",
            "교통총점":"NA",
            "백화점":0,
            "아울렛몰":0,
            "대형마트":0,
            "은행":20,
            "병원":60,
            "종합병원":100,
            "공원":100,
            "혐오시설":0,
            "인프라총점":31.0,
            "초등학군":89.98,
            "중학군":50.32,
            "학군총점":58.252,
            "인구수":21.18,
            "인구증감":-16.08,
            "인구총점":10.002,
            "일자리":12.43,
            "소득수준":61.51,
            "일자리총점":27.154,
            "가치 총점":35.713,
            "매매실거래년":20220222.0,
            "매매실거래가":10000.0,
            "전세실거래년":null,
            "전세실거래가":null,
            "전세가율":null,
            "장기전세가율평균":76.65,
            "전세가율거품지수":null,
            "검색코드":107892,
            "세대수":299.0,
            "준공년월":"2015-09-16",
            "준공년차":8.0,
            "가까운역이름":"NA",
            "가까운역거리":"NA",
            "역세권여부":"NA",
            "30분이내주요거점역":"NA",
            "30분거점역이름":"NA",
            "1시간이내주요거점역":"NA",
            "1시간거점역이름":"NA",
            "3km이내백화점수":0,
            "5km이내아울렛몰수":0,
            "1km이내대형먀트수":0,
            "500m이내은행수":2,
            "500m이내병원수":16,
            "5km이내대형병원수":5,
            "500m이내공원수":2,
            "3km이내혐오시설수":0,
            "초등학교학업성취도":89.98,
            "중학교학업성취도":82.2,
            "용적률":869,
            "건폐율":63,
            "Y":36.650883,
            "X":127.488709,
            "rank":65.0,
            "area_info":"7평(26.37), 8평(27.69), 8평(29.75), 9평(30.37), 10평(35.19), 11평(36.57), 11평(38.74), 12평(40.23), 13평(43.29), 13평(46.13), 14평(48.59)",
            "last_sales":"2022-02-22,10000.0,14평(48.59)",
            "rank_history":[
                [
                    "202203",
                    65
                ],
                [
                    "202202",
                    59
                ],
                [
                    "202201",
                    54
                ]
            ],
            "rank_gap":-6
        },
        {
            "index":240,
            "아파트명":"두진",
            "투자타입":"재건축",
            "전용면적(m2)":"70.59",
            "전용면적(평)":"21평",
            "법정동주소":"충청북도 청주시 청원구 율량동 747",
            "도로명주소":"충청북도 청주시 청원구 공항로150번길 31-8",
            "세대수":0,
            "입주년차":"--",
            "용적률점수":0,
            "건폐율점수":0,
            "세대당주차수":"--",
            "난방방식":"--",
            "공급면적":50,
            "전용률":60,
            "욕실수":"--",
            "현관타입":"--",
            "주거총점":5.5,
            "지역구공급총점":100.0,
            "역세권":"NA",
            "30분내 이동가능 거점":"NA",
            "1시간내 이동가능 거점":"NA",
            "교통총점":"NA",
            "백화점":0,
            "아울렛몰":0,
            "대형마트":100,
            "은행":70,
            "병원":80,
            "종합병원":100,
            "공원":0,
            "혐오시설":0,
            "인프라총점":50.0,
            "초등학군":89.99,
            "중학군":44.98,
            "학군총점":53.982,
            "인구수":21.18,
            "인구증감":-16.08,
            "인구총점":10.002,
            "일자리":12.43,
            "소득수준":61.51,
            "일자리총점":27.154,
            "가치 총점":35.4205,
            "매매실거래년":20220110.0,
            "매매실거래가":11200.0,
            "전세실거래년":20170319.0,
            "전세실거래가":7000.0,
            "전세가율":89.74,
            "장기전세가율평균":76.65,
            "전세가율거품지수":-13.09,
            "검색코드":7171,
            "세대수":120.0,
            "준공년월":"1990-12-28",
            "준공년차":33.0,
            "가까운역이름":"NA",
            "가까운역거리":"NA",
            "역세권여부":"NA",
            "30분이내주요거점역":"NA",
            "30분거점역이름":"NA",
            "1시간이내주요거점역":"NA",
            "1시간거점역이름":"NA",
            "3km이내백화점수":0,
            "5km이내아울렛몰수":0,
            "1km이내대형먀트수":2,
            "500m이내은행수":4,
            "500m이내병원수":32,
            "5km이내대형병원수":2,
            "500m이내공원수":0,
            "3km이내혐오시설수":0,
            "초등학교학업성취도":89.99,
            "중학교학업성취도":73.7,
            "용적률":0,
            "건폐율":0,
            "Y":36.671438,
            "X":127.486291,
            "rank":66.0,
            "area_info":"21평(70.59), 24평(82.4), 29평(99.17)",
            "last_sales":"2022-01-10,11200.0,29평(99.17)",
            "rank_history":[
                [
                    "202203",
                    66
                ],
                [
                    "202202",
                    60
                ],
                [
                    "202201",
                    60
                ]
            ],
            "rank_gap":-6
        },
        {
            "index":316,
            "아파트명":"한울",
            "투자타입":"재건축",
            "전용면적(m2)":"88.7",
            "전용면적(평)":"26평",
            "법정동주소":"충청북도 청주시 청원구 율량동 745",
            "도로명주소":"충청북도 청주시 청원구 공항로150번길 51-12",
            "세대수":0,
            "입주년차":"--",
            "용적률점수":0,
            "건폐율점수":0,
            "세대당주차수":"--",
            "난방방식":"--",
            "공급면적":70,
            "전용률":40,
            "욕실수":"--",
            "현관타입":"--",
            "주거총점":5.5,
            "지역구공급총점":100.0,
            "역세권":"NA",
            "30분내 이동가능 거점":"NA",
            "1시간내 이동가능 거점":"NA",
            "교통총점":"NA",
            "백화점":0,
            "아울렛몰":0,
            "대형마트":100,
            "은행":70,
            "병원":80,
            "종합병원":100,
            "공원":0,
            "혐오시설":0,
            "인프라총점":50.0,
            "초등학군":89.99,
            "중학군":44.98,
            "학군총점":53.982,
            "인구수":21.18,
            "인구증감":-16.08,
            "인구총점":10.002,
            "일자리":12.43,
            "소득수준":61.51,
            "일자리총점":27.154,
            "가치 총점":35.4205,
            "매매실거래년":20211128.0,
            "매매실거래가":11800.0,
            "전세실거래년":20210307.0,
            "전세실거래가":8000.0,
            "전세가율":101.27,
            "장기전세가율평균":76.65,
            "전세가율거품지수":-24.62,
            "검색코드":15417,
            "세대수":85.0,
            "준공년월":"1991-11-25",
            "준공년차":32.0,
            "가까운역이름":"NA",
            "가까운역거리":"NA",
            "역세권여부":"NA",
            "30분이내주요거점역":"NA",
            "30분거점역이름":"NA",
            "1시간이내주요거점역":"NA",
            "1시간거점역이름":"NA",
            "3km이내백화점수":0,
            "5km이내아울렛몰수":0,
            "1km이내대형먀트수":2,
            "500m이내은행수":3,
            "500m이내병원수":33,
            "5km이내대형병원수":2,
            "500m이내공원수":0,
            "3km이내혐오시설수":0,
            "초등학교학업성취도":89.99,
            "중학교학업성취도":73.7,
            "용적률":0,
            "건폐율":0,
            "Y":36.671271,
            "X":127.487243,
            "rank":66.0,
            "area_info":"26평(88.7), 30평(100.14)",
            "last_sales":"2021-11-28,11800.0,30평(100.14)",
            "rank_history":[
                [
                    "202203",
                    66
                ],
                [
                    "202202",
                    9999
                ]
            ],
            "rank_gap":9999
        },
        {
            "index":265,
            "아파트명":"신라개발",
            "투자타입":"재건축",
            "전용면적(m2)":"89.17",
            "전용면적(평)":"26평",
            "법정동주소":"충청북도 청주시 청원구 율량동 1483",
            "도로명주소":"충청북도 청주시 청원구 율봉로94번길 20",
            "세대수":0,
            "입주년차":"--",
            "용적률점수":0,
            "건폐율점수":0,
            "세대당주차수":"--",
            "난방방식":"--",
            "공급면적":70,
            "전용률":100,
            "욕실수":"--",
            "현관타입":"--",
            "주거총점":8.5,
            "지역구공급총점":100.0,
            "역세권":"NA",
            "30분내 이동가능 거점":"NA",
            "1시간내 이동가능 거점":"NA",
            "교통총점":"NA",
            "백화점":0,
            "아울렛몰":0,
            "대형마트":80,
            "은행":20,
            "병원":80,
            "종합병원":100,
            "공원":80,
            "혐오시설":0,
            "인프라총점":44.4,
            "초등학군":90.0,
            "중학군":49.94,
            "학군총점":57.952,
            "인구수":21.18,
            "인구증감":-16.08,
            "인구총점":10.002,
            "일자리":12.43,
            "소득수준":61.51,
            "일자리총점":27.154,
            "가치 총점":35.223,
            "매매실거래년":20220202.0,
            "매매실거래가":10500.0,
            "전세실거래년":20210109.0,
            "전세실거래가":9300.0,
            "전세가율":88.57,
            "장기전세가율평균":76.65,
            "전세가율거품지수":-11.92,
            "검색코드":140898,
            "세대수":96.0,
            "준공년월":"1986-11-25",
            "준공년차":37.0,
            "가까운역이름":"NA",
            "가까운역거리":"NA",
            "역세권여부":"NA",
            "30분이내주요거점역":"NA",
            "30분거점역이름":"NA",
            "1시간이내주요거점역":"NA",
            "1시간거점역이름":"NA",
            "3km이내백화점수":0,
            "5km이내아울렛몰수":0,
            "1km이내대형먀트수":1,
            "500m이내은행수":2,
            "500m이내병원수":30,
            "5km이내대형병원수":4,
            "500m이내공원수":1,
            "3km이내혐오시설수":0,
            "초등학교학업성취도":90.0,
            "중학교학업성취도":80.3,
            "용적률":0,
            "건폐율":0,
            "Y":36.665828,
            "X":127.480093,
            "rank":67.0,
            "area_info":"26평(89.17)",
            "last_sales":"2022-02-02,10500.0,26평(89.17)",
            "rank_history":[
                [
                    "202203",
                    67
                ],
                [
                    "202202",
                    9999
                ]
            ],
            "rank_gap":9999
        },
        {
            "index":12,
            "아파트명":"시영",
            "투자타입":"재건축",
            "전용면적(m2)":"51.84",
            "전용면적(평)":"15평",
            "법정동주소":"충청북도 청주시 청원구 내덕동 722",
            "도로명주소":"충청북도 청주시 청원구 1순환로330번길 17",
            "세대수":30,
            "입주년차":"--",
            "용적률점수":0,
            "건폐율점수":0,
            "세대당주차수":"--",
            "난방방식":"--",
            "공급면적":50,
            "전용률":80,
            "욕실수":"--",
            "현관타입":"--",
            "주거총점":15.5,
            "지역구공급총점":100.0,
            "역세권":"NA",
            "30분내 이동가능 거점":"NA",
            "1시간내 이동가능 거점":"NA",
            "교통총점":"NA",
            "백화점":0,
            "아울렛몰":0,
            "대형마트":80,
            "은행":0,
            "병원":30,
            "종합병원":100,
            "공원":100,
            "혐오시설":0,
            "인프라총점":38.0,
            "초등학군":90.01,
            "중학군":49.94,
            "학군총점":57.954,
            "인구수":21.18,
            "인구증감":-16.08,
            "인구총점":10.002,
            "일자리":12.43,
            "소득수준":61.51,
            "일자리총점":27.154,
            "가치 총점":35.1135,
            "매매실거래년":20220204.0,
            "매매실거래가":6000.0,
            "전세실거래년":20210715.0,
            "전세실거래가":4000.0,
            "전세가율":59.7,
            "장기전세가율평균":76.65,
            "전세가율거품지수":16.95,
            "검색코드":15392,
            "세대수":300.0,
            "준공년월":"1982-06-25",
            "준공년차":41.0,
            "가까운역이름":"NA",
            "가까운역거리":"NA",
            "역세권여부":"NA",
            "30분이내주요거점역":"NA",
            "30분거점역이름":"NA",
            "1시간이내주요거점역":"NA",
            "1시간거점역이름":"NA",
            "3km이내백화점수":0,
            "5km이내아울렛몰수":0,
            "1km이내대형먀트수":1,
            "500m이내은행수":0,
            "500m이내병원수":8,
            "5km이내대형병원수":5,
            "500m이내공원수":2,
            "3km이내혐오시설수":0,
            "초등학교학업성취도":90.01,
            "중학교학업성취도":80.3,
            "용적률":0,
            "건폐율":0,
            "Y":36.659759,
            "X":127.476134,
            "rank":68.0,
            "area_info":"15평(51.84), 16평(52.95), 17평(59.44), 18평(61.68)",
            "last_sales":"2022-02-04,6000.0,18평(61.68)",
            "rank_history":[
                [
                    "202203",
                    68
                ],
                [
                    "202202",
                    61
                ],
                [
                    "202201",
                    68
                ]
            ],
            "rank_gap":-7
        },
        {
            "index":194,
            "아파트명":"라임미소가(도시형)",
            "투자타입":"일반",
            "전용면적(m2)":"66.3",
            "전용면적(평)":"20평",
            "법정동주소":"충청북도 청주시 청원구 우암동 372-6",
            "도로명주소":"충청북도 청주시 청원구 향군로 110",
            "세대수":0,
            "입주년차":80,
            "용적률점수":"--",
            "건폐율점수":"--",
            "세대당주차수":0,
            "난방방식":30,
            "공급면적":"--",
            "전용률":"--",
            "욕실수":50,
            "현관타입":100,
            "주거총점":34.0,
            "지역구공급총점":100.0,
            "역세권":"NA",
            "30분내 이동가능 거점":"NA",
            "1시간내 이동가능 거점":"NA",
            "교통총점":"NA",
            "백화점":0,
            "아울렛몰":0,
            "대형마트":0,
            "은행":0,
            "병원":30,
            "종합병원":100,
            "공원":100,
            "혐오시설":0,
            "인프라총점":26.0,
            "초등학군":90.01,
            "중학군":41.08,
            "학군총점":50.866,
            "인구수":21.18,
            "인구증감":-16.08,
            "인구총점":10.002,
            "일자리":12.43,
            "소득수준":61.51,
            "일자리총점":27.154,
            "가치 총점":35.0165,
            "매매실거래년":20210827.0,
            "매매실거래가":13320.0,
            "전세실거래년":null,
            "전세실거래가":null,
            "전세가율":null,
            "장기전세가율평균":76.65,
            "전세가율거품지수":null,
            "검색코드":118122,
            "세대수":284.0,
            "준공년월":"2017-11-24",
            "준공년차":6.0,
            "가까운역이름":"NA",
            "가까운역거리":"NA",
            "역세권여부":"NA",
            "30분이내주요거점역":"NA",
            "30분거점역이름":"NA",
            "1시간이내주요거점역":"NA",
            "1시간거점역이름":"NA",
            "3km이내백화점수":0,
            "5km이내아울렛몰수":0,
            "1km이내대형먀트수":0,
            "500m이내은행수":0,
            "500m이내병원수":5,
            "5km이내대형병원수":5,
            "500m이내공원수":4,
            "3km이내혐오시설수":0,
            "초등학교학업성취도":90.01,
            "중학교학업성취도":67.0,
            "용적률":982,
            "건폐율":70,
            "Y":36.654767,
            "X":127.481914,
            "rank":69.0,
            "area_info":"20평(66.3), 20평(66.73), 20평(67.14), 20평(67.53)",
            "last_sales":"2021-08-27,13320.0,20평(67.53)",
            "rank_history":[
                [
                    "202203",
                    69
                ],
                [
                    "202202",
                    62
                ],
                [
                    "202201",
                    59
                ]
            ],
            "rank_gap":-7
        },
        {
            "index":8,
            "아파트명":"보성2차",
            "투자타입":"재건축",
            "전용면적(m2)":"59.6",
            "전용면적(평)":"18평",
            "법정동주소":"충청북도 청주시 청원구 내덕동 748-2",
            "도로명주소":"충청북도 청주시 청원구 무심동로660번길 23",
            "세대수":0,
            "입주년차":"--",
            "용적률점수":0,
            "건폐율점수":0,
            "세대당주차수":"--",
            "난방방식":"--",
            "공급면적":50,
            "전용률":80,
            "욕실수":"--",
            "현관타입":"--",
            "주거총점":6.5,
            "지역구공급총점":100.0,
            "역세권":"NA",
            "30분내 이동가능 거점":"NA",
            "1시간내 이동가능 거점":"NA",
            "교통총점":"NA",
            "백화점":0,
            "아울렛몰":80,
            "대형마트":80,
            "은행":0,
            "병원":30,
            "종합병원":100,
            "공원":80,
            "혐오시설":0,
            "인프라총점":45.4,
            "초등학군":89.99,
            "중학군":49.94,
            "학군총점":57.95,
            "인구수":21.18,
            "인구증감":-16.08,
            "인구총점":10.002,
            "일자리":12.43,
            "소득수준":61.51,
            "일자리총점":27.154,
            "가치 총점":34.9225,
            "매매실거래년":20211007.0,
            "매매실거래가":9700.0,
            "전세실거래년":20211105.0,
            "전세실거래가":6000.0,
            "전세가율":75.0,
            "장기전세가율평균":76.65,
            "전세가율거품지수":1.65,
            "검색코드":15390,
            "세대수":140.0,
            "준공년월":"1986-11-27",
            "준공년차":37.0,
            "가까운역이름":"NA",
            "가까운역거리":"NA",
            "역세권여부":"NA",
            "30분이내주요거점역":"NA",
            "30분거점역이름":"NA",
            "1시간이내주요거점역":"NA",
            "1시간거점역이름":"NA",
            "3km이내백화점수":0,
            "5km이내아울렛몰수":1,
            "1km이내대형먀트수":1,
            "500m이내은행수":0,
            "500m이내병원수":6,
            "5km이내대형병원수":5,
            "500m이내공원수":1,
            "3km이내혐오시설수":0,
            "초등학교학업성취도":89.99,
            "중학교학업성취도":80.3,
            "용적률":0,
            "건폐율":0,
            "Y":36.659007,
            "X":127.474517,
            "rank":70.0,
            "area_info":"18평(59.6), 24평(81.1)",
            "last_sales":"2021-10-07,9700.0,24평(81.1)",
            "rank_history":[
                [
                    "202203",
                    70
                ],
                [
                    "202202",
                    63
                ],
                [
                    "202201",
                    70
                ]
            ],
            "rank_gap":-7
        },
        {
            "index":24,
            "아파트명":"영우예인촌",
            "투자타입":"일반",
            "전용면적(m2)":"40.98",
            "전용면적(평)":"12평",
            "법정동주소":"충청북도 청주시 청원구 내덕동 141",
            "도로명주소":"충청북도 청주시 청원구 안덕벌로69번길 50",
            "세대수":0,
            "입주년차":0,
            "용적률점수":"--",
            "건폐율점수":"--",
            "세대당주차수":0,
            "난방방식":30,
            "공급면적":"--",
            "전용률":"--",
            "욕실수":50,
            "현관타입":100,
            "주거총점":18.0,
            "지역구공급총점":100.0,
            "역세권":"NA",
            "30분내 이동가능 거점":"NA",
            "1시간내 이동가능 거점":"NA",
            "교통총점":"NA",
            "백화점":0,
            "아울렛몰":0,
            "대형마트":80,
            "은행":0,
            "병원":30,
            "종합병원":100,
            "공원":80,
            "혐오시설":0,
            "인프라총점":37.4,
            "초등학군":90.0,
            "중학군":45.1,
            "학군총점":54.08,
            "인구수":21.18,
            "인구증감":-16.08,
            "인구총점":10.002,
            "일자리":12.43,
            "소득수준":61.51,
            "일자리총점":27.154,
            "가치 총점":34.78,
            "매매실거래년":20220214.0,
            "매매실거래가":3700.0,
            "전세실거래년":20211001.0,
            "전세실거래가":2000.0,
            "전세가율":54.05,
            "장기전세가율평균":76.65,
            "전세가율거품지수":22.6,
            "검색코드":100544,
            "세대수":280.0,
            "준공년월":"1997-04-09",
            "준공년차":26.0,
            "가까운역이름":"NA",
            "가까운역거리":"NA",
            "역세권여부":"NA",
            "30분이내주요거점역":"NA",
            "30분거점역이름":"NA",
            "1시간이내주요거점역":"NA",
            "1시간거점역이름":"NA",
            "3km이내백화점수":0,
            "5km이내아울렛몰수":0,
            "1km이내대형먀트수":1,
            "500m이내은행수":0,
            "500m이내병원수":6,
            "5km이내대형병원수":4,
            "500m이내공원수":1,
            "3km이내혐오시설수":0,
            "초등학교학업성취도":90.0,
            "중학교학업성취도":74.7,
            "용적률":262,
            "건폐율":37,
            "Y":36.660533,
            "X":127.494652,
            "rank":71.0,
            "area_info":"12평(40.98), 17평(57.14)",
            "last_sales":"2022-02-14,3700.0,12평(40.98)",
            "rank_history":[
                [
                    "202203",
                    71
                ],
                [
                    "202202",
                    64
                ],
                [
                    "202201",
                    50
                ]
            ],
            "rank_gap":-7
        },
        {
            "index":225,
            "아파트명":"평화(375)",
            "투자타입":"일반",
            "전용면적(m2)":"71.88",
            "전용면적(평)":"21평",
            "법정동주소":"충청북도 청주시 청원구 우암동 375",
            "도로명주소":"충청북도 청주시 청원구 향군로108번길 20",
            "세대수":0,
            "입주년차":0,
            "용적률점수":"--",
            "건폐율점수":"--",
            "세대당주차수":0,
            "난방방식":30,
            "공급면적":"--",
            "전용률":"--",
            "욕실수":50,
            "현관타입":100,
            "주거총점":18.0,
            "지역구공급총점":100.0,
            "역세권":"NA",
            "30분내 이동가능 거점":"NA",
            "1시간내 이동가능 거점":"NA",
            "교통총점":"NA",
            "백화점":0,
            "아울렛몰":0,
            "대형마트":0,
            "은행":70,
            "병원":60,
            "종합병원":100,
            "공원":100,
            "혐오시설":0,
            "인프라총점":36.0,
            "초등학군":90.01,
            "중학군":41.08,
            "학군총점":50.866,
            "인구수":21.18,
            "인구증감":-16.08,
            "인구총점":10.002,
            "일자리":12.43,
            "소득수준":61.51,
            "일자리총점":27.154,
            "가치 총점":33.4165,
            "매매실거래년":20220222.0,
            "매매실거래가":12200.0,
            "전세실거래년":20200622.0,
            "전세실거래가":2000.0,
            "전세가율":27.97,
            "장기전세가율평균":76.65,
            "전세가율거품지수":48.68,
            "검색코드":17233,
            "세대수":78.0,
            "준공년월":"1995-05-27",
            "준공년차":28.0,
            "가까운역이름":"NA",
            "가까운역거리":"NA",
            "역세권여부":"NA",
            "30분이내주요거점역":"NA",
            "30분거점역이름":"NA",
            "1시간이내주요거점역":"NA",
            "1시간거점역이름":"NA",
            "3km이내백화점수":0,
            "5km이내아울렛몰수":0,
            "1km이내대형먀트수":0,
            "500m이내은행수":3,
            "500m이내병원수":23,
            "5km이내대형병원수":5,
            "500m이내공원수":4,
            "3km이내혐오시설수":0,
            "초등학교학업성취도":90.01,
            "중학교학업성취도":67.0,
            "용적률":259,
            "건폐율":59,
            "Y":36.65461,
            "X":127.48315,
            "rank":72.0,
            "area_info":"21평(71.88), 25평(85.95), 28평(94.23)",
            "last_sales":"2022-02-22,12200.0,28평(94.23)",
            "rank_history":[
                [
                    "202203",
                    72
                ],
                [
                    "202202",
                    9999
                ]
            ],
            "rank_gap":9999
        },
        {
            "index":89,
            "아파트명":"보성1차",
            "투자타입":"재건축",
            "전용면적(m2)":"69.55",
            "전용면적(평)":"21평",
            "법정동주소":"충청북도 청주시 청원구 사천동 231-4",
            "도로명주소":"충청북도 청주시 청원구 율봉로56번길 5",
            "세대수":0,
            "입주년차":"--",
            "용적률점수":0,
            "건폐율점수":0,
            "세대당주차수":"--",
            "난방방식":"--",
            "공급면적":50,
            "전용률":80,
            "욕실수":"--",
            "현관타입":"--",
            "주거총점":6.5,
            "지역구공급총점":100.0,
            "역세권":"NA",
            "30분내 이동가능 거점":"NA",
            "1시간내 이동가능 거점":"NA",
            "교통총점":"NA",
            "백화점":0,
            "아울렛몰":0,
            "대형마트":80,
            "은행":0,
            "병원":60,
            "종합병원":100,
            "공원":100,
            "혐오시설":0,
            "인프라총점":41.0,
            "초등학군":90.0,
            "중학군":49.94,
            "학군총점":57.952,
            "인구수":21.18,
            "인구증감":-16.08,
            "인구총점":10.002,
            "일자리":12.43,
            "소득수준":61.51,
            "일자리총점":27.154,
            "가치 총점":33.163,
            "매매실거래년":20220129.0,
            "매매실거래가":10000.0,
            "전세실거래년":20211016.0,
            "전세실거래가":7000.0,
            "전세가율":70.0,
            "장기전세가율평균":76.65,
            "전세가율거품지수":6.65,
            "검색코드":15394,
            "세대수":180.0,
            "준공년월":"1988-10-31",
            "준공년차":35.0,
            "가까운역이름":"NA",
            "가까운역거리":"NA",
            "역세권여부":"NA",
            "30분이내주요거점역":"NA",
            "30분거점역이름":"NA",
            "1시간이내주요거점역":"NA",
            "1시간거점역이름":"NA",
            "3km이내백화점수":0,
            "5km이내아울렛몰수":0,
            "1km이내대형먀트수":1,
            "500m이내은행수":0,
            "500m이내병원수":22,
            "5km이내대형병원수":4,
            "500m이내공원수":2,
            "3km이내혐오시설수":0,
            "초등학교학업성취도":90.0,
            "중학교학업성취도":80.3,
            "용적률":0,
            "건폐율":0,
            "Y":36.66474,
            "X":127.477599,
            "rank":73.0,
            "area_info":"21평(69.55)",
            "last_sales":"2022-01-29,10000.0,21평(69.55)",
            "rank_history":[
                [
                    "202203",
                    73
                ],
                [
                    "202202",
                    65
                ],
                [
                    "202201",
                    63
                ]
            ],
            "rank_gap":-8
        },
        {
            "index":90,
            "아파트명":"보성2차",
            "투자타입":"재건축",
            "전용면적(m2)":"71.11",
            "전용면적(평)":"21평",
            "법정동주소":"충청북도 청주시 청원구 사천동 231-4",
            "도로명주소":"충청북도 청주시 청원구 율봉로56번길 5",
            "세대수":0,
            "입주년차":"--",
            "용적률점수":0,
            "건폐율점수":0,
            "세대당주차수":"--",
            "난방방식":"--",
            "공급면적":50,
            "전용률":80,
            "욕실수":"--",
            "현관타입":"--",
            "주거총점":6.5,
            "지역구공급총점":100.0,
            "역세권":"NA",
            "30분내 이동가능 거점":"NA",
            "1시간내 이동가능 거점":"NA",
            "교통총점":"NA",
            "백화점":0,
            "아울렛몰":0,
            "대형마트":80,
            "은행":0,
            "병원":60,
            "종합병원":100,
            "공원":100,
            "혐오시설":0,
            "인프라총점":41.0,
            "초등학군":89.99,
            "중학군":49.94,
            "학군총점":57.95,
            "인구수":21.18,
            "인구증감":-16.08,
            "인구총점":10.002,
            "일자리":12.43,
            "소득수준":61.51,
            "일자리총점":27.154,
            "가치 총점":33.1625,
            "매매실거래년":20220118.0,
            "매매실거래가":8300.0,
            "전세실거래년":20211025.0,
            "전세실거래가":6000.0,
            "전세가율":72.29,
            "장기전세가율평균":76.65,
            "전세가율거품지수":4.36,
            "검색코드":105963,
            "세대수":80.0,
            "준공년월":"1989-08-12",
            "준공년차":34.0,
            "가까운역이름":"NA",
            "가까운역거리":"NA",
            "역세권여부":"NA",
            "30분이내주요거점역":"NA",
            "30분거점역이름":"NA",
            "1시간이내주요거점역":"NA",
            "1시간거점역이름":"NA",
            "3km이내백화점수":0,
            "5km이내아울렛몰수":0,
            "1km이내대형먀트수":1,
            "500m이내은행수":0,
            "500m이내병원수":22,
            "5km이내대형병원수":4,
            "500m이내공원수":2,
            "3km이내혐오시설수":0,
            "초등학교학업성취도":89.99,
            "중학교학업성취도":80.3,
            "용적률":0,
            "건폐율":0,
            "Y":36.664638,
            "X":127.477007,
            "rank":74.0,
            "area_info":"21평(71.11)",
            "last_sales":"2022-01-18,8300.0,21평(71.11)",
            "rank_history":[
                [
                    "202203",
                    74
                ],
                [
                    "202202",
                    9999
                ]
            ],
            "rank_gap":9999
        },
        {
            "index":207,
            "아파트명":"우암세원",
            "투자타입":"일반",
            "전용면적(m2)":"40.17",
            "전용면적(평)":"12평",
            "법정동주소":"충청북도 청주시 청원구 우암동 328-12",
            "도로명주소":"충청북도 청주시 청원구 사북로149번길 7",
            "세대수":0,
            "입주년차":20,
            "용적률점수":"--",
            "건폐율점수":"--",
            "세대당주차수":0,
            "난방방식":30,
            "공급면적":"--",
            "전용률":"--",
            "욕실수":50,
            "현관타입":10,
            "주거총점":13.0,
            "지역구공급총점":100.0,
            "역세권":"NA",
            "30분내 이동가능 거점":"NA",
            "1시간내 이동가능 거점":"NA",
            "교통총점":"NA",
            "백화점":0,
            "아울렛몰":0,
            "대형마트":80,
            "은행":20,
            "병원":30,
            "종합병원":100,
            "공원":80,
            "혐오시설":0,
            "인프라총점":39.4,
            "초등학군":89.96,
            "중학군":41.08,
            "학군총점":50.856,
            "인구수":21.18,
            "인구증감":-16.08,
            "인구총점":10.002,
            "일자리":12.43,
            "소득수준":61.51,
            "일자리총점":27.154,
            "가치 총점":33.024,
            "매매실거래년":20220107.0,
            "매매실거래가":6400.0,
            "전세실거래년":20200511.0,
            "전세실거래가":4500.0,
            "전세가율":112.5,
            "장기전세가율평균":76.65,
            "전세가율거품지수":-35.85,
            "검색코드":103997,
            "세대수":236.0,
            "준공년월":"1999-11-05",
            "준공년차":24.0,
            "가까운역이름":"NA",
            "가까운역거리":"NA",
            "역세권여부":"NA",
            "30분이내주요거점역":"NA",
            "30분거점역이름":"NA",
            "1시간이내주요거점역":"NA",
            "1시간거점역이름":"NA",
            "3km이내백화점수":0,
            "5km이내아울렛몰수":0,
            "1km이내대형먀트수":1,
            "500m이내은행수":2,
            "500m이내병원수":7,
            "5km이내대형병원수":5,
            "500m이내공원수":1,
            "3km이내혐오시설수":0,
            "초등학교학업성취도":89.96,
            "중학교학업성취도":68.0,
            "용적률":407,
            "건폐율":59,
            "Y":36.645666,
            "X":127.486943,
            "rank":75.0,
            "area_info":"12평(40.17), 13평(45.34), 16평(54.45)",
            "last_sales":"2022-01-07,6400.0,16평(54.45)",
            "rank_history":[
                [
                    "202203",
                    75
                ],
                [
                    "202202",
                    66
                ],
                [
                    "202201",
                    72
                ]
            ],
            "rank_gap":-9
        },
        {
            "index":153,
            "아파트명":"오창재원",
            "투자타입":"재건축",
            "전용면적(m2)":"78.24",
            "전용면적(평)":"23평",
            "법정동주소":"충청북도 청주시 청원구 오창읍 장대리 330",
            "도로명주소":"충청북도 청주시 청원구 복현3길 16",
            "세대수":0,
            "입주년차":"--",
            "용적률점수":80,
            "건폐율점수":60,
            "세대당주차수":"--",
            "난방방식":"--",
            "공급면적":50,
            "전용률":60,
            "욕실수":"--",
            "현관타입":"--",
            "주거총점":49.5,
            "지역구공급총점":100.0,
            "역세권":"NA",
            "30분내 이동가능 거점":"NA",
            "1시간내 이동가능 거점":"NA",
            "교통총점":"NA",
            "백화점":0,
            "아울렛몰":0,
            "대형마트":0,
            "은행":0,
            "병원":30,
            "종합병원":0,
            "공원":100,
            "혐오시설":0,
            "인프라총점":6.0,
            "초등학군":90.0,
            "중학군":43.62,
            "학군총점":52.896,
            "인구수":21.18,
            "인구증감":-16.08,
            "인구총점":10.002,
            "일자리":12.43,
            "소득수준":61.51,
            "일자리총점":27.154,
            "가치 총점":32.949,
            "매매실거래년":20220126.0,
            "매매실거래가":5000.0,
            "전세실거래년":20210926.0,
            "전세실거래가":6000.0,
            "전세가율":120.0,
            "장기전세가율평균":76.65,
            "전세가율거품지수":-43.35,
            "검색코드":15382,
            "세대수":118.0,
            "준공년월":"1992-11-17",
            "준공년차":31.0,
            "가까운역이름":"NA",
            "가까운역거리":"NA",
            "역세권여부":"NA",
            "30분이내주요거점역":"NA",
            "30분거점역이름":"NA",
            "1시간이내주요거점역":"NA",
            "1시간거점역이름":"NA",
            "3km이내백화점수":0,
            "5km이내아울렛몰수":0,
            "1km이내대형먀트수":0,
            "500m이내은행수":0,
            "500m이내병원수":5,
            "5km이내대형병원수":0,
            "500m이내공원수":2,
            "3km이내혐오시설수":0,
            "초등학교학업성취도":90.0,
            "중학교학업성취도":72.7,
            "용적률":178,
            "건폐율":31,
            "Y":36.743122,
            "X":127.452713,
            "rank":76.0,
            "area_info":"23평(78.24), 25평(85.43)",
            "last_sales":"2022-01-26,5000.0,23평(78.24)",
            "rank_history":[
                [
                    "202203",
                    76
                ],
                [
                    "202202",
                    67
                ],
                [
                    "202201",
                    67
                ]
            ],
            "rank_gap":-9
        },
        {
            "index":290,
            "아파트명":"율량럭키3차",
            "투자타입":"재건축",
            "전용면적(m2)":"166.4",
            "전용면적(평)":"50평",
            "법정동주소":"충청북도 청주시 청원구 율량동 869",
            "도로명주소":"충청북도 청주시 청원구 충청대로139번길 17-10",
            "세대수":0,
            "입주년차":"--",
            "용적률점수":0,
            "건폐율점수":0,
            "세대당주차수":"--",
            "난방방식":"--",
            "공급면적":100,
            "전용률":60,
            "욕실수":"--",
            "현관타입":"--",
            "주거총점":8.0,
            "지역구공급총점":100.0,
            "역세권":"NA",
            "30분내 이동가능 거점":"NA",
            "1시간내 이동가능 거점":"NA",
            "교통총점":"NA",
            "백화점":0,
            "아울렛몰":0,
            "대형마트":80,
            "은행":0,
            "병원":80,
            "종합병원":100,
            "공원":0,
            "혐오시설":0,
            "인프라총점":40.0,
            "초등학군":90.01,
            "중학군":45.1,
            "학군총점":54.082,
            "인구수":21.18,
            "인구증감":-16.08,
            "인구총점":10.002,
            "일자리":12.43,
            "소득수준":61.51,
            "일자리총점":27.154,
            "가치 총점":32.3205,
            "매매실거래년":20220127.0,
            "매매실거래가":27000.0,
            "전세실거래년":20201016.0,
            "전세실거래가":18000.0,
            "전세가율":76.6,
            "장기전세가율평균":76.65,
            "전세가율거품지수":0.05,
            "검색코드":11673,
            "세대수":84.0,
            "준공년월":"1992-05-09",
            "준공년차":31.0,
            "가까운역이름":"NA",
            "가까운역거리":"NA",
            "역세권여부":"NA",
            "30분이내주요거점역":"NA",
            "30분거점역이름":"NA",
            "1시간이내주요거점역":"NA",
            "1시간거점역이름":"NA",
            "3km이내백화점수":0,
            "5km이내아울렛몰수":0,
            "1km이내대형먀트수":1,
            "500m이내은행수":1,
            "500m이내병원수":47,
            "5km이내대형병원수":3,
            "500m이내공원수":0,
            "3km이내혐오시설수":0,
            "초등학교학업성취도":90.01,
            "중학교학업성취도":74.7,
            "용적률":0,
            "건폐율":0,
            "Y":36.668888,
            "X":127.492729,
            "rank":77.0,
            "area_info":"50평(166.4), 61평(203.43)",
            "last_sales":"2022-01-27,27000.0,61평(203.43)",
            "rank_history":[
                [
                    "202203",
                    77
                ],
                [
                    "202202",
                    9999
                ]
            ],
            "rank_gap":9999
        },
        {
            "index":7,
            "아파트명":"보성1차",
            "투자타입":"재건축",
            "전용면적(m2)":"69.93",
            "전용면적(평)":"21평",
            "법정동주소":"충청북도 청주시 청원구 내덕동 771",
            "도로명주소":"충청북도 청주시 청원구 무심동로660번길 23",
            "세대수":0,
            "입주년차":"--",
            "용적률점수":0,
            "건폐율점수":0,
            "세대당주차수":"--",
            "난방방식":"--",
            "공급면적":50,
            "전용률":100,
            "욕실수":"--",
            "현관타입":"--",
            "주거총점":7.5,
            "지역구공급총점":100.0,
            "역세권":"NA",
            "30분내 이동가능 거점":"NA",
            "1시간내 이동가능 거점":"NA",
            "교통총점":"NA",
            "백화점":0,
            "아울렛몰":0,
            "대형마트":80,
            "은행":0,
            "병원":30,
            "종합병원":100,
            "공원":100,
            "혐오시설":0,
            "인프라총점":38.0,
            "초등학군":90.01,
            "중학군":49.94,
            "학군총점":57.954,
            "인구수":21.18,
            "인구증감":-16.08,
            "인구총점":10.002,
            "일자리":12.43,
            "소득수준":61.51,
            "일자리총점":27.154,
            "가치 총점":32.3135,
            "매매실거래년":20220117.0,
            "매매실거래가":10000.0,
            "전세실거래년":20220129.0,
            "전세실거래가":8700.0,
            "전세가율":87.0,
            "장기전세가율평균":76.65,
            "전세가율거품지수":-10.35,
            "검색코드":15389,
            "세대수":120.0,
            "준공년월":"1985-10-21",
            "준공년차":38.0,
            "가까운역이름":"NA",
            "가까운역거리":"NA",
            "역세권여부":"NA",
            "30분이내주요거점역":"NA",
            "30분거점역이름":"NA",
            "1시간이내주요거점역":"NA",
            "1시간거점역이름":"NA",
            "3km이내백화점수":0,
            "5km이내아울렛몰수":0,
            "1km이내대형먀트수":1,
            "500m이내은행수":0,
            "500m이내병원수":6,
            "5km이내대형병원수":5,
            "500m이내공원수":2,
            "3km이내혐오시설수":0,
            "초등학교학업성취도":90.01,
            "중학교학업성취도":80.3,
            "용적률":0,
            "건폐율":0,
            "Y":36.659065,
            "X":127.475647,
            "rank":78.0,
            "area_info":"21평(69.93)",
            "last_sales":"2022-01-17,10000.0,21평(69.93)",
            "rank_history":[
                [
                    "202203",
                    78
                ],
                [
                    "202202",
                    68
                ],
                [
                    "202201",
                    73
                ]
            ],
            "rank_gap":-10
        },
        {
            "index":252,
            "아파트명":"삼정1차",
            "투자타입":"재건축",
            "전용면적(m2)":"84.51",
            "전용면적(평)":"25평",
            "법정동주소":"충청북도 청주시 청원구 율량동 862",
            "도로명주소":"충청북도 청주시 청원구 율봉로201번길 50",
            "세대수":0,
            "입주년차":"--",
            "용적률점수":0,
            "건폐율점수":0,
            "세대당주차수":"--",
            "난방방식":"--",
            "공급면적":70,
            "전용률":80,
            "욕실수":"--",
            "현관타입":"--",
            "주거총점":7.5,
            "지역구공급총점":100.0,
            "역세권":"NA",
            "30분내 이동가능 거점":"NA",
            "1시간내 이동가능 거점":"NA",
            "교통총점":"NA",
            "백화점":0,
            "아울렛몰":0,
            "대형마트":80,
            "은행":0,
            "병원":80,
            "종합병원":100,
            "공원":0,
            "혐오시설":0,
            "인프라총점":40.0,
            "초등학군":89.99,
            "중학군":45.1,
            "학군총점":54.078,
            "인구수":21.18,
            "인구증감":-16.08,
            "인구총점":10.002,
            "일자리":12.43,
            "소득수준":61.51,
            "일자리총점":27.154,
            "가치 총점":32.1445,
            "매매실거래년":20211224.0,
            "매매실거래가":16400.0,
            "전세실거래년":20211111.0,
            "전세실거래가":13000.0,
            "전세가율":98.48,
            "장기전세가율평균":76.65,
            "전세가율거품지수":-21.83,
            "검색코드":7188,
            "세대수":218.0,
            "준공년월":"1991-07-29",
            "준공년차":32.0,
            "가까운역이름":"NA",
            "가까운역거리":"NA",
            "역세권여부":"NA",
            "30분이내주요거점역":"NA",
            "30분거점역이름":"NA",
            "1시간이내주요거점역":"NA",
            "1시간거점역이름":"NA",
            "3km이내백화점수":0,
            "5km이내아울렛몰수":0,
            "1km이내대형먀트수":1,
            "500m이내은행수":0,
            "500m이내병원수":46,
            "5km이내대형병원수":2,
            "500m이내공원수":0,
            "3km이내혐오시설수":0,
            "초등학교학업성취도":89.99,
            "중학교학업성취도":74.7,
            "용적률":0,
            "건폐율":0,
            "Y":36.67088,
            "X":127.49236,
            "rank":79.0,
            "area_info":"25평(84.51), 25평(85.79)",
            "last_sales":"2021-12-24,16400.0,25평(85.79)",
            "rank_history":[
                [
                    "202203",
                    79
                ],
                [
                    "202202",
                    69
                ],
                [
                    "202201",
                    64
                ]
            ],
            "rank_gap":-10
        },
        {
            "index":323,
            "아파트명":"효성",
            "투자타입":"일반",
            "전용면적(m2)":"83.77",
            "전용면적(평)":"25평",
            "법정동주소":"충청북도 청주시 청원구 율량동 1052",
            "도로명주소":"충청북도 청주시 청원구 율봉로212번길 17",
            "세대수":0,
            "입주년차":0,
            "용적률점수":"--",
            "건폐율점수":"--",
            "세대당주차수":0,
            "난방방식":30,
            "공급면적":"--",
            "전용률":"--",
            "욕실수":50,
            "현관타입":10,
            "주거총점":9.0,
            "지역구공급총점":100.0,
            "역세권":"NA",
            "30분내 이동가능 거점":"NA",
            "1시간내 이동가능 거점":"NA",
            "교통총점":"NA",
            "백화점":0,
            "아울렛몰":0,
            "대형마트":80,
            "은행":0,
            "병원":60,
            "종합병원":100,
            "공원":0,
            "혐오시설":0,
            "인프라총점":38.0,
            "초등학군":90.01,
            "중학군":45.1,
            "학군총점":54.082,
            "인구수":21.18,
            "인구증감":-16.08,
            "인구총점":10.002,
            "일자리":12.43,
            "소득수준":61.51,
            "일자리총점":27.154,
            "가치 총점":31.8705,
            "매매실거래년":20211127.0,
            "매매실거래가":10000.0,
            "전세실거래년":20220126.0,
            "전세실거래가":10000.0,
            "전세가율":100.0,
            "장기전세가율평균":76.65,
            "전세가율거품지수":-23.35,
            "검색코드":13005,
            "세대수":117.0,
            "준공년월":"1993-01-08",
            "준공년차":30.0,
            "가까운역이름":"NA",
            "가까운역거리":"NA",
            "역세권여부":"NA",
            "30분이내주요거점역":"NA",
            "30분거점역이름":"NA",
            "1시간이내주요거점역":"NA",
            "1시간거점역이름":"NA",
            "3km이내백화점수":0,
            "5km이내아울렛몰수":0,
            "1km이내대형먀트수":1,
            "500m이내은행수":1,
            "500m이내병원수":17,
            "5km이내대형병원수":3,
            "500m이내공원수":0,
            "3km이내혐오시설수":0,
            "초등학교학업성취도":90.01,
            "중학교학업성취도":74.7,
            "용적률":388,
            "건폐율":33,
            "Y":36.667364,
            "X":127.492482,
            "rank":80.0,
            "area_info":"25평(83.77)",
            "last_sales":"2021-11-27,10000.0,25평(83.77)",
            "rank_history":[
                [
                    "202203",
                    80
                ],
                [
                    "202202",
                    70
                ],
                [
                    "202201",
                    65
                ]
            ],
            "rank_gap":-10
        },
        {
            "index":16,
            "아파트명":"신라",
            "투자타입":"재건축",
            "전용면적(m2)":"92.6",
            "전용면적(평)":"28평",
            "법정동주소":"충청북도 청주시 청원구 내덕동 422",
            "도로명주소":"충청북도 청주시 청원구 1순환로197번길 31",
            "세대수":0,
            "입주년차":"--",
            "용적률점수":0,
            "건폐율점수":0,
            "세대당주차수":"--",
            "난방방식":"--",
            "공급면적":70,
            "전용률":100,
            "욕실수":"--",
            "현관타입":"--",
            "주거총점":8.5,
            "지역구공급총점":100.0,
            "역세권":"NA",
            "30분내 이동가능 거점":"NA",
            "1시간내 이동가능 거점":"NA",
            "교통총점":"NA",
            "백화점":0,
            "아울렛몰":0,
            "대형마트":80,
            "은행":0,
            "병원":30,
            "종합병원":100,
            "공원":80,
            "혐오시설":0,
            "인프라총점":37.4,
            "초등학군":90.01,
            "중학군":45.1,
            "학군총점":54.082,
            "인구수":21.18,
            "인구증감":-16.08,
            "인구총점":10.002,
            "일자리":12.43,
            "소득수준":61.51,
            "일자리총점":27.154,
            "가치 총점":31.4555,
            "매매실거래년":20211218.0,
            "매매실거래가":13800.0,
            "전세실거래년":20210205.0,
            "전세실거래가":8500.0,
            "전세가율":61.59,
            "장기전세가율평균":76.65,
            "전세가율거품지수":15.06,
            "검색코드":15393,
            "세대수":120.0,
            "준공년월":"1988-12-26",
            "준공년차":35.0,
            "가까운역이름":"NA",
            "가까운역거리":"NA",
            "역세권여부":"NA",
            "30분이내주요거점역":"NA",
            "30분거점역이름":"NA",
            "1시간이내주요거점역":"NA",
            "1시간거점역이름":"NA",
            "3km이내백화점수":0,
            "5km이내아울렛몰수":0,
            "1km이내대형먀트수":1,
            "500m이내은행수":1,
            "500m이내병원수":6,
            "5km이내대형병원수":4,
            "500m이내공원수":1,
            "3km이내혐오시설수":0,
            "초등학교학업성취도":90.01,
            "중학교학업성취도":74.7,
            "용적률":0,
            "건폐율":0,
            "Y":36.662944,
            "X":127.491594,
            "rank":81.0,
            "area_info":"28평(92.6), 30평(99.26), 53평(176.13), 54평(181.07), 57평(189.64)",
            "last_sales":"2021-12-18,13800.0,28평(92.6)",
            "rank_history":[
                [
                    "202203",
                    81
                ],
                [
                    "202202",
                    71
                ],
                [
                    "202201",
                    66
                ]
            ],
            "rank_gap":-10
        },
        {
            "index":0,
            "아파트명":"금성계전",
            "투자타입":"재건축",
            "전용면적(m2)":"60.34",
            "전용면적(평)":"18평",
            "법정동주소":"충청북도 청주시 청원구 내덕동 412-1",
            "도로명주소":"충청북도 청주시 청원구 충청대로 60",
            "세대수":0,
            "입주년차":"--",
            "용적률점수":0,
            "건폐율점수":0,
            "세대당주차수":"--",
            "난방방식":"--",
            "공급면적":50,
            "전용률":60,
            "욕실수":"--",
            "현관타입":"--",
            "주거총점":5.5,
            "지역구공급총점":100.0,
            "역세권":"NA",
            "30분내 이동가능 거점":"NA",
            "1시간내 이동가능 거점":"NA",
            "교통총점":"NA",
            "백화점":0,
            "아울렛몰":0,
            "대형마트":80,
            "은행":0,
            "병원":30,
            "종합병원":100,
            "공원":80,
            "혐오시설":0,
            "인프라총점":37.4,
            "초등학군":90.01,
            "중학군":45.1,
            "학군총점":54.082,
            "인구수":21.18,
            "인구증감":-16.08,
            "인구총점":10.002,
            "일자리":12.43,
            "소득수준":61.51,
            "일자리총점":27.154,
            "가치 총점":30.4055,
            "매매실거래년":20210217.0,
            "매매실거래가":6600.0,
            "전세실거래년":20130815.0,
            "전세실거래가":3000.0,
            "전세가율":46.15,
            "장기전세가율평균":76.65,
            "전세가율거품지수":30.5,
            "검색코드":123412,
            "세대수":50.0,
            "준공년월":"1979-12-15",
            "준공년차":44.0,
            "가까운역이름":"NA",
            "가까운역거리":"NA",
            "역세권여부":"NA",
            "30분이내주요거점역":"NA",
            "30분거점역이름":"NA",
            "1시간이내주요거점역":"NA",
            "1시간거점역이름":"NA",
            "3km이내백화점수":0,
            "5km이내아울렛몰수":0,
            "1km이내대형먀트수":1,
            "500m이내은행수":0,
            "500m이내병원수":6,
            "5km이내대형병원수":4,
            "500m이내공원수":1,
            "3km이내혐오시설수":0,
            "초등학교학업성취도":90.01,
            "중학교학업성취도":74.7,
            "용적률":0,
            "건폐율":0,
            "Y":36.662081,
            "X":127.491933,
            "rank":82.0,
            "area_info":"18평(60.34), 18평(60.34), 19평(65.58), 21평(72.54), 22평(75.59)",
            "last_sales":"2021-02-17,6600.0,22평(75.59)",
            "rank_history":[
                [
                    "202203",
                    82
                ],
                [
                    "202202",
                    9999
                ]
            ],
            "rank_gap":9999
        },
        {
            "index":44,
            "아파트명":"형제",
            "투자타입":"재건축",
            "전용면적(m2)":"72.63",
            "전용면적(평)":"21평",
            "법정동주소":"충청북도 청주시 청원구 내덕동 495",
            "도로명주소":"충청북도 청주시 청원구 충청대로71번길 10",
            "세대수":0,
            "입주년차":"--",
            "용적률점수":0,
            "건폐율점수":0,
            "세대당주차수":"--",
            "난방방식":"--",
            "공급면적":50,
            "전용률":40,
            "욕실수":"--",
            "현관타입":"--",
            "주거총점":4.5,
            "지역구공급총점":100.0,
            "역세권":"NA",
            "30분내 이동가능 거점":"NA",
            "1시간내 이동가능 거점":"NA",
            "교통총점":"NA",
            "백화점":0,
            "아울렛몰":0,
            "대형마트":80,
            "은행":0,
            "병원":30,
            "종합병원":100,
            "공원":80,
            "혐오시설":0,
            "인프라총점":37.4,
            "초등학군":90.01,
            "중학군":45.1,
            "학군총점":54.082,
            "인구수":21.18,
            "인구증감":-16.08,
            "인구총점":10.002,
            "일자리":12.43,
            "소득수준":61.51,
            "일자리총점":27.154,
            "가치 총점":30.0555,
            "매매실거래년":20220223.0,
            "매매실거래가":4900.0,
            "전세실거래년":null,
            "전세실거래가":null,
            "전세가율":null,
            "장기전세가율평균":76.65,
            "전세가율거품지수":null,
            "검색코드":113545,
            "세대수":54.0,
            "준공년월":"1991-12-02",
            "준공년차":32.0,
            "가까운역이름":"NA",
            "가까운역거리":"NA",
            "역세권여부":"NA",
            "30분이내주요거점역":"NA",
            "30분거점역이름":"NA",
            "1시간이내주요거점역":"NA",
            "1시간거점역이름":"NA",
            "3km이내백화점수":0,
            "5km이내아울렛몰수":0,
            "1km이내대형먀트수":1,
            "500m이내은행수":1,
            "500m이내병원수":8,
            "5km이내대형병원수":4,
            "500m이내공원수":1,
            "3km이내혐오시설수":0,
            "초등학교학업성취도":90.01,
            "중학교학업성취도":74.7,
            "용적률":0,
            "건폐율":0,
            "Y":36.663713,
            "X":127.492305,
            "rank":83.0,
            "area_info":"21평(72.63), 22평(74.66), 25평(84.49), 27평(90.99)",
            "last_sales":"2022-02-23,4900.0,25평(84.49)",
            "rank_history":[
                [
                    "202203",
                    83
                ],
                [
                    "202202",
                    9999
                ]
            ],
            "rank_gap":9999
        },
        {
            "index":63,
            "아파트명":"은곡무지개",
            "투자타입":"일반",
            "전용면적(m2)":"43.05",
            "전용면적(평)":"13평",
            "법정동주소":"충청북도 청주시 청원구 내수읍 은곡리 246-3",
            "도로명주소":"충청북도 청주시 청원구 은곡4길 6",
            "세대수":80,
            "입주년차":20,
            "용적률점수":"--",
            "건폐율점수":"--",
            "세대당주차수":0,
            "난방방식":30,
            "공급면적":"--",
            "전용률":"--",
            "욕실수":50,
            "현관타입":100,
            "주거총점":50.0,
            "지역구공급총점":100.0,
            "역세권":"NA",
            "30분내 이동가능 거점":"NA",
            "1시간내 이동가능 거점":"NA",
            "교통총점":"NA",
            "백화점":0,
            "아울렛몰":0,
            "대형마트":0,
            "은행":0,
            "병원":0,
            "종합병원":0,
            "공원":0,
            "혐오시설":0,
            "인프라총점":0.0,
            "초등학군":89.99,
            "중학군":39.66,
            "학군총점":49.726,
            "인구수":21.18,
            "인구증감":-16.08,
            "인구총점":10.002,
            "일자리":12.43,
            "소득수준":61.51,
            "일자리총점":27.154,
            "가치 총점":29.9315,
            "매매실거래년":20220225.0,
            "매매실거래가":4000.0,
            "전세실거래년":20210724.0,
            "전세실거래가":2000.0,
            "전세가율":80.0,
            "장기전세가율평균":76.65,
            "전세가율거품지수":-3.35,
            "검색코드":101279,
            "세대수":700.0,
            "준공년월":"2000-05-29",
            "준공년차":23.0,
            "가까운역이름":"NA",
            "가까운역거리":"NA",
            "역세권여부":"NA",
            "30분이내주요거점역":"NA",
            "30분거점역이름":"NA",
            "1시간이내주요거점역":"NA",
            "1시간거점역이름":"NA",
            "3km이내백화점수":0,
            "5km이내아울렛몰수":0,
            "1km이내대형먀트수":0,
            "500m이내은행수":0,
            "500m이내병원수":1,
            "5km이내대형병원수":0,
            "500m이내공원수":0,
            "3km이내혐오시설수":0,
            "초등학교학업성취도":89.99,
            "중학교학업성취도":64.9,
            "용적률":141,
            "건폐율":20,
            "Y":36.718036,
            "X":127.529224,
            "rank":84.0,
            "area_info":"13평(43.05), 15평(52.17)",
            "last_sales":"2022-02-25,4000.0,15평(52.17)",
            "rank_history":[
                [
                    "202203",
                    84
                ],
                [
                    "202202",
                    72
                ],
                [
                    "202201",
                    69
                ]
            ],
            "rank_gap":-12
        },
        {
            "index":224,
            "아파트명":"평화(111-13)",
            "투자타입":"재건축",
            "전용면적(m2)":"110.59",
            "전용면적(평)":"33평",
            "법정동주소":"충청북도 청주시 청원구 우암동 111-13",
            "도로명주소":"충청북도 청주시 청원구 상당로244번길 6",
            "세대수":0,
            "입주년차":"--",
            "용적률점수":0,
            "건폐율점수":0,
            "세대당주차수":"--",
            "난방방식":"--",
            "공급면적":90,
            "전용률":60,
            "욕실수":"--",
            "현관타입":"--",
            "주거총점":7.5,
            "지역구공급총점":100.0,
            "역세권":"NA",
            "30분내 이동가능 거점":"NA",
            "1시간내 이동가능 거점":"NA",
            "교통총점":"NA",
            "백화점":0,
            "아울렛몰":0,
            "대형마트":0,
            "은행":20,
            "병원":30,
            "종합병원":100,
            "공원":100,
            "혐오시설":0,
            "인프라총점":28.0,
            "초등학군":89.96,
            "중학군":50.32,
            "학군총점":58.248,
            "인구수":21.18,
            "인구증감":-16.08,
            "인구총점":10.002,
            "일자리":12.43,
            "소득수준":61.51,
            "일자리총점":27.154,
            "가치 총점":28.387,
            "매매실거래년":20211027.0,
            "매매실거래가":10700.0,
            "전세실거래년":20211226.0,
            "전세실거래가":10000.0,
            "전세가율":93.46,
            "장기전세가율평균":76.65,
            "전세가율거품지수":-16.81,
            "검색코드":15405,
            "세대수":110.0,
            "준공년월":"1984-12-08",
            "준공년차":39.0,
            "가까운역이름":"NA",
            "가까운역거리":"NA",
            "역세권여부":"NA",
            "30분이내주요거점역":"NA",
            "30분거점역이름":"NA",
            "1시간이내주요거점역":"NA",
            "1시간거점역이름":"NA",
            "3km이내백화점수":0,
            "5km이내아울렛몰수":0,
            "1km이내대형먀트수":0,
            "500m이내은행수":2,
            "500m이내병원수":9,
            "5km이내대형병원수":5,
            "500m이내공원수":3,
            "3km이내혐오시설수":0,
            "초등학교학업성취도":89.96,
            "중학교학업성취도":82.2,
            "용적률":0,
            "건폐율":0,
            "Y":36.64994,
            "X":127.489621,
            "rank":85.0,
            "area_info":"33평(110.59)",
            "last_sales":"2021-10-27,10700.0,33평(110.59)",
            "rank_history":[
                [
                    "202203",
                    85
                ],
                [
                    "202202",
                    73
                ],
                [
                    "202201",
                    71
                ]
            ],
            "rank_gap":-12
        },
        {
            "index":10,
            "아파트명":"보성3차",
            "투자타입":"재건축",
            "전용면적(m2)":"98.14",
            "전용면적(평)":"29평",
            "법정동주소":"충청북도 청주시 청원구 내덕동 748-8",
            "도로명주소":"충청북도 청주시 청원구 무심동로660번길 23",
            "세대수":0,
            "입주년차":"--",
            "용적률점수":0,
            "건폐율점수":0,
            "세대당주차수":"--",
            "난방방식":"--",
            "공급면적":70,
            "전용률":60,
            "욕실수":"--",
            "현관타입":"--",
            "주거총점":6.5,
            "지역구공급총점":100.0,
            "역세권":"NA",
            "30분내 이동가능 거점":"NA",
            "1시간내 이동가능 거점":"NA",
            "교통총점":"NA",
            "백화점":0,
            "아울렛몰":80,
            "대형마트":0,
            "은행":0,
            "병원":30,
            "종합병원":100,
            "공원":80,
            "혐오시설":0,
            "인프라총점":33.4,
            "초등학군":89.99,
            "중학군":41.08,
            "학군총점":50.862,
            "인구수":21.18,
            "인구증감":-16.08,
            "인구총점":10.002,
            "일자리":12.43,
            "소득수준":61.51,
            "일자리총점":27.154,
            "가치 총점":28.3505,
            "매매실거래년":20220212.0,
            "매매실거래가":11000.0,
            "전세실거래년":20211202.0,
            "전세실거래가":8000.0,
            "전세가율":72.73,
            "장기전세가율평균":76.65,
            "전세가율거품지수":3.92,
            "검색코드":14100,
            "세대수":120.0,
            "준공년월":"1987-11-26",
            "준공년차":36.0,
            "가까운역이름":"NA",
            "가까운역거리":"NA",
            "역세권여부":"NA",
            "30분이내주요거점역":"NA",
            "30분거점역이름":"NA",
            "1시간이내주요거점역":"NA",
            "1시간거점역이름":"NA",
            "3km이내백화점수":0,
            "5km이내아울렛몰수":1,
            "1km이내대형먀트수":0,
            "500m이내은행수":0,
            "500m이내병원수":5,
            "5km이내대형병원수":5,
            "500m이내공원수":1,
            "3km이내혐오시설수":0,
            "초등학교학업성취도":89.99,
            "중학교학업성취도":67.0,
            "용적률":0,
            "건폐율":0,
            "Y":36.658474,
            "X":127.47499,
            "rank":86.0,
            "area_info":"29평(98.14)",
            "last_sales":"2022-02-12,11000.0,29평(98.14)",
            "rank_history":[
                [
                    "202203",
                    86
                ],
                [
                    "202202",
                    74
                ],
                [
                    "202201",
                    70
                ]
            ],
            "rank_gap":-12
        },
        {
            "index":210,
            "아파트명":"우정",
            "투자타입":"일반",
            "전용면적(m2)":"77.22",
            "전용면적(평)":"23평",
            "법정동주소":"충청북도 청주시 청원구 우암동 402-1",
            "도로명주소":"충청북도 청주시 청원구 우암로23번길 11",
            "세대수":0,
            "입주년차":0,
            "용적률점수":"--",
            "건폐율점수":"--",
            "세대당주차수":0,
            "난방방식":30,
            "공급면적":"--",
            "전용률":"--",
            "욕실수":50,
            "현관타입":10,
            "주거총점":9.0,
            "지역구공급총점":100.0,
            "역세권":"NA",
            "30분내 이동가능 거점":"NA",
            "1시간내 이동가능 거점":"NA",
            "교통총점":"NA",
            "백화점":0,
            "아울렛몰":0,
            "대형마트":0,
            "은행":20,
            "병원":30,
            "종합병원":100,
            "공원":100,
            "혐오시설":0,
            "인프라총점":28.0,
            "초등학군":90.01,
            "중학군":41.08,
            "학군총점":50.866,
            "인구수":21.18,
            "인구증감":-16.08,
            "인구총점":10.002,
            "일자리":12.43,
            "소득수준":61.51,
            "일자리총점":27.154,
            "가치 총점":27.0665,
            "매매실거래년":20211211.0,
            "매매실거래가":7500.0,
            "전세실거래년":20210512.0,
            "전세실거래가":6000.0,
            "전세가율":80.0,
            "장기전세가율평균":76.65,
            "전세가율거품지수":-3.35,
            "검색코드":15404,
            "세대수":78.0,
            "준공년월":"1993-05-19",
            "준공년차":30.0,
            "가까운역이름":"NA",
            "가까운역거리":"NA",
            "역세권여부":"NA",
            "30분이내주요거점역":"NA",
            "30분거점역이름":"NA",
            "1시간이내주요거점역":"NA",
            "1시간거점역이름":"NA",
            "3km이내백화점수":0,
            "5km이내아울렛몰수":0,
            "1km이내대형먀트수":0,
            "500m이내은행수":2,
            "500m이내병원수":6,
            "5km이내대형병원수":5,
            "500m이내공원수":4,
            "3km이내혐오시설수":0,
            "초등학교학업성취도":90.01,
            "중학교학업성취도":67.0,
            "용적률":269,
            "건폐율":21,
            "Y":36.6521,
            "X":127.48174,
            "rank":87.0,
            "area_info":"23평(77.22)",
            "last_sales":"2021-12-11,7500.0,23평(77.22)",
            "rank_history":[
                [
                    "202203",
                    87
                ],
                [
                    "202202",
                    9999
                ]
            ],
            "rank_gap":9999
        },
        {
            "index":124,
            "아파트명":"오창금정",
            "투자타입":"일반",
            "전용면적(m2)":"70.91",
            "전용면적(평)":"21평",
            "법정동주소":"충청북도 청주시 청원구 오창읍 창리 115",
            "도로명주소":"충청북도 청주시 청원구 창리1길 13",
            "세대수":0,
            "입주년차":0,
            "용적률점수":"--",
            "건폐율점수":"--",
            "세대당주차수":0,
            "난방방식":30,
            "공급면적":"--",
            "전용률":"--",
            "욕실수":50,
            "현관타입":100,
            "주거총점":18.0,
            "지역구공급총점":100.0,
            "역세권":"NA",
            "30분내 이동가능 거점":"NA",
            "1시간내 이동가능 거점":"NA",
            "교통총점":"NA",
            "백화점":0,
            "아울렛몰":0,
            "대형마트":80,
            "은행":0,
            "병원":30,
            "종합병원":0,
            "공원":100,
            "혐오시설":0,
            "인프라총점":18.0,
            "초등학군":89.99,
            "중학군":43.62,
            "학군총점":52.894,
            "인구수":21.18,
            "인구증감":-16.08,
            "인구총점":10.002,
            "일자리":12.43,
            "소득수준":61.51,
            "일자리총점":27.154,
            "가치 총점":26.7235,
            "매매실거래년":20220127.0,
            "매매실거래가":12900.0,
            "전세실거래년":20201006.0,
            "전세실거래가":6000.0,
            "전세가율":46.51,
            "장기전세가율평균":76.65,
            "전세가율거품지수":30.14,
            "검색코드":108607,
            "세대수":95.0,
            "준공년월":"1995-08-31",
            "준공년차":28.0,
            "가까운역이름":"NA",
            "가까운역거리":"NA",
            "역세권여부":"NA",
            "30분이내주요거점역":"NA",
            "30분거점역이름":"NA",
            "1시간이내주요거점역":"NA",
            "1시간거점역이름":"NA",
            "3km이내백화점수":0,
            "5km이내아울렛몰수":0,
            "1km이내대형먀트수":1,
            "500m이내은행수":0,
            "500m이내병원수":5,
            "5km이내대형병원수":0,
            "500m이내공원수":2,
            "3km이내혐오시설수":0,
            "초등학교학업성취도":89.99,
            "중학교학업성취도":72.7,
            "용적률":206,
            "건폐율":29,
            "Y":36.738322,
            "X":127.453385,
            "rank":88.0,
            "area_info":"21평(70.91), 21평(70.7)",
            "last_sales":"2022-01-27,12900.0,21평(70.91)",
            "rank_history":[
                [
                    "202203",
                    88
                ],
                [
                    "202202",
                    9999
                ]
            ],
            "rank_gap":9999
        },
        {
            "index":50,
            "아파트명":"덕일한마음",
            "투자타입":"일반",
            "전용면적(m2)":"50.22",
            "전용면적(평)":"15평",
            "법정동주소":"충청북도 청주시 청원구 내수읍 은곡리 301",
            "도로명주소":"충청북도 청주시 청원구 은곡묵방길 28",
            "세대수":90,
            "입주년차":0,
            "용적률점수":"--",
            "건폐율점수":"--",
            "세대당주차수":0,
            "난방방식":30,
            "공급면적":"--",
            "전용률":"--",
            "욕실수":50,
            "현관타입":10,
            "주거총점":40.5,
            "지역구공급총점":100.0,
            "역세권":"NA",
            "30분내 이동가능 거점":"NA",
            "1시간내 이동가능 거점":"NA",
            "교통총점":"NA",
            "백화점":0,
            "아울렛몰":0,
            "대형마트":0,
            "은행":0,
            "병원":0,
            "종합병원":0,
            "공원":0,
            "혐오시설":0,
            "인프라총점":0.0,
            "초등학군":89.99,
            "중학군":39.66,
            "학군총점":49.726,
            "인구수":21.18,
            "인구증감":-16.08,
            "인구총점":10.002,
            "일자리":12.43,
            "소득수준":61.51,
            "일자리총점":27.154,
            "가치 총점":26.6065,
            "매매실거래년":20220223.0,
            "매매실거래가":2700.0,
            "전세실거래년":20220204.0,
            "전세실거래가":1000.0,
            "전세가율":37.04,
            "장기전세가율평균":76.65,
            "전세가율거품지수":39.61,
            "검색코드":103374,
            "세대수":910.0,
            "준공년월":"1997-10-30",
            "준공년차":26.0,
            "가까운역이름":"NA",
            "가까운역거리":"NA",
            "역세권여부":"NA",
            "30분이내주요거점역":"NA",
            "30분거점역이름":"NA",
            "1시간이내주요거점역":"NA",
            "1시간거점역이름":"NA",
            "3km이내백화점수":0,
            "5km이내아울렛몰수":0,
            "1km이내대형먀트수":0,
            "500m이내은행수":0,
            "500m이내병원수":1,
            "5km이내대형병원수":0,
            "500m이내공원수":0,
            "3km이내혐오시설수":0,
            "초등학교학업성취도":89.99,
            "중학교학업성취도":64.9,
            "용적률":137,
            "건폐율":17,
            "Y":36.709242,
            "X":127.525248,
            "rank":89.0,
            "area_info":"15평(50.22), 15평(52.23), 18평(61.02)",
            "last_sales":"2022-02-23,2700.0,15평(50.22)",
            "rank_history":[
                [
                    "202203",
                    89
                ],
                [
                    "202202",
                    75
                ],
                [
                    "202201",
                    74
                ]
            ],
            "rank_gap":-14
        },
        {
            "index":53,
            "아파트명":"삼일",
            "투자타입":"일반",
            "전용면적(m2)":"36.05",
            "전용면적(평)":"10평",
            "법정동주소":"충청북도 청주시 청원구 내수읍 내수리 200-3",
            "도로명주소":"충청북도 청주시 청원구 내수로 639",
            "세대수":80,
            "입주년차":0,
            "용적률점수":"--",
            "건폐율점수":"--",
            "세대당주차수":0,
            "난방방식":30,
            "공급면적":"--",
            "전용률":"--",
            "욕실수":50,
            "현관타입":10,
            "주거총점":37.0,
            "지역구공급총점":100.0,
            "역세권":"NA",
            "30분내 이동가능 거점":"NA",
            "1시간내 이동가능 거점":"NA",
            "교통총점":"NA",
            "백화점":0,
            "아울렛몰":0,
            "대형마트":0,
            "은행":0,
            "병원":0,
            "종합병원":0,
            "공원":80,
            "혐오시설":0,
            "인프라총점":2.4,
            "초등학군":89.99,
            "중학군":39.66,
            "학군총점":49.726,
            "인구수":21.18,
            "인구증감":-16.08,
            "인구총점":10.002,
            "일자리":12.43,
            "소득수준":61.51,
            "일자리총점":27.154,
            "가치 총점":26.3415,
            "매매실거래년":20220224.0,
            "매매실거래가":6800.0,
            "전세실거래년":20220128.0,
            "전세실거래가":2200.0,
            "전세가율":63.4,
            "장기전세가율평균":76.65,
            "전세가율거품지수":13.25,
            "검색코드":15375,
            "세대수":883.0,
            "준공년월":"1996-10-14",
            "준공년차":27.0,
            "가까운역이름":"NA",
            "가까운역거리":"NA",
            "역세권여부":"NA",
            "30분이내주요거점역":"NA",
            "30분거점역이름":"NA",
            "1시간이내주요거점역":"NA",
            "1시간거점역이름":"NA",
            "3km이내백화점수":0,
            "5km이내아울렛몰수":0,
            "1km이내대형먀트수":0,
            "500m이내은행수":0,
            "500m이내병원수":1,
            "5km이내대형병원수":0,
            "500m이내공원수":1,
            "3km이내혐오시설수":0,
            "초등학교학업성취도":89.99,
            "중학교학업성취도":64.9,
            "용적률":184,
            "건폐율":19,
            "Y":36.720857,
            "X":127.529263,
            "rank":90.0,
            "area_info":"10평(36.05), 23평(77.99), 23평(78.09)",
            "last_sales":"2022-02-24,6800.0,23평(78.09)",
            "rank_history":[
                [
                    "202203",
                    90
                ],
                [
                    "202202",
                    76
                ],
                [
                    "202201",
                    75
                ]
            ],
            "rank_gap":-14
        },
        {
            "index":71,
            "아파트명":"천일은곡",
            "투자타입":"일반",
            "전용면적(m2)":"71.55",
            "전용면적(평)":"21평",
            "법정동주소":"충청북도 청주시 청원구 내수읍 은곡리 302",
            "도로명주소":"충청북도 청주시 청원구 은곡묵방길 52-10",
            "세대수":50,
            "입주년차":20,
            "용적률점수":"--",
            "건폐율점수":"--",
            "세대당주차수":0,
            "난방방식":30,
            "공급면적":"--",
            "전용률":"--",
            "욕실수":50,
            "현관타입":100,
            "주거총점":39.5,
            "지역구공급총점":100.0,
            "역세권":"NA",
            "30분내 이동가능 거점":"NA",
            "1시간내 이동가능 거점":"NA",
            "교통총점":"NA",
            "백화점":0,
            "아울렛몰":0,
            "대형마트":0,
            "은행":0,
            "병원":0,
            "종합병원":0,
            "공원":0,
            "혐오시설":0,
            "인프라총점":0.0,
            "초등학군":89.99,
            "중학군":39.66,
            "학군총점":49.726,
            "인구수":21.18,
            "인구증감":-16.08,
            "인구총점":10.002,
            "일자리":12.43,
            "소득수준":61.51,
            "일자리총점":27.154,
            "가치 총점":26.2565,
            "매매실거래년":20220209.0,
            "매매실거래가":8100.0,
            "전세실거래년":20220209.0,
            "전세실거래가":7300.0,
            "전세가율":90.12,
            "장기전세가율평균":76.65,
            "전세가율거품지수":-13.47,
            "검색코드":101346,
            "세대수":494.0,
            "준공년월":"2000-06-24",
            "준공년차":23.0,
            "가까운역이름":"NA",
            "가까운역거리":"NA",
            "역세권여부":"NA",
            "30분이내주요거점역":"NA",
            "30분거점역이름":"NA",
            "1시간이내주요거점역":"NA",
            "1시간거점역이름":"NA",
            "3km이내백화점수":0,
            "5km이내아울렛몰수":0,
            "1km이내대형먀트수":0,
            "500m이내은행수":0,
            "500m이내병원수":1,
            "5km이내대형병원수":0,
            "500m이내공원수":0,
            "3km이내혐오시설수":0,
            "초등학교학업성취도":89.99,
            "중학교학업성취도":64.9,
            "용적률":136,
            "건폐율":15,
            "Y":36.710631,
            "X":127.52534,
            "rank":91.0,
            "area_info":"21평(71.55)",
            "last_sales":"2022-02-09,8100.0,21평(71.55)",
            "rank_history":[
                [
                    "202203",
                    91
                ],
                [
                    "202202",
                    77
                ],
                [
                    "202201",
                    76
                ]
            ],
            "rank_gap":-14
        },
        {
            "index":201,
            "아파트명":"삼일",
            "투자타입":"재건축",
            "전용면적(m2)":"55.92",
            "전용면적(평)":"16평",
            "법정동주소":"충청북도 청주시 청원구 우암동 50-4",
            "도로명주소":"충청북도 청주시 청원구 수암로78번길 12",
            "세대수":0,
            "입주년차":"--",
            "용적률점수":0,
            "건폐율점수":0,
            "세대당주차수":"--",
            "난방방식":"--",
            "공급면적":50,
            "전용률":80,
            "욕실수":"--",
            "현관타입":"--",
            "주거총점":6.5,
            "지역구공급총점":100.0,
            "역세권":"NA",
            "30분내 이동가능 거점":"NA",
            "1시간내 이동가능 거점":"NA",
            "교통총점":"NA",
            "백화점":0,
            "아울렛몰":0,
            "대형마트":0,
            "은행":0,
            "병원":0,
            "종합병원":100,
            "공원":100,
            "혐오시설":0,
            "인프라총점":23.0,
            "초등학군":89.96,
            "중학군":50.32,
            "학군총점":58.248,
            "인구수":21.18,
            "인구증감":-16.08,
            "인구총점":10.002,
            "일자리":12.43,
            "소득수준":61.51,
            "일자리총점":27.154,
            "가치 총점":26.037,
            "매매실거래년":20220208.0,
            "매매실거래가":5800.0,
            "전세실거래년":20191001.0,
            "전세실거래가":4500.0,
            "전세가율":77.59,
            "장기전세가율평균":76.65,
            "전세가율거품지수":-0.94,
            "검색코드":7166,
            "세대수":77.0,
            "준공년월":"1982-09-27",
            "준공년차":41.0,
            "가까운역이름":"NA",
            "가까운역거리":"NA",
            "역세권여부":"NA",
            "30분이내주요거점역":"NA",
            "30분거점역이름":"NA",
            "1시간이내주요거점역":"NA",
            "1시간거점역이름":"NA",
            "3km이내백화점수":0,
            "5km이내아울렛몰수":0,
            "1km이내대형먀트수":0,
            "500m이내은행수":0,
            "500m이내병원수":1,
            "5km이내대형병원수":5,
            "500m이내공원수":2,
            "3km이내혐오시설수":0,
            "초등학교학업성취도":89.96,
            "중학교학업성취도":82.2,
            "용적률":0,
            "건폐율":0,
            "Y":36.64907,
            "X":127.494716,
            "rank":92.0,
            "area_info":"16평(55.92), 19평(63.22), 19평(65.78), 22평(73.47), 22평(75.11), 26평(86.59)",
            "last_sales":"2022-02-08,5800.0,16평(55.92)",
            "rank_history":[
                [
                    "202203",
                    92
                ],
                [
                    "202202",
                    9999
                ]
            ],
            "rank_gap":9999
        },
        {
            "index":26,
            "아파트명":"우성",
            "투자타입":"재건축",
            "전용면적(m2)":"69.12",
            "전용면적(평)":"20평",
            "법정동주소":"충청북도 청주시 청원구 내덕동 683-10",
            "도로명주소":"충청북도 청주시 청원구 향군로141번길 21",
            "세대수":0,
            "입주년차":"--",
            "용적률점수":0,
            "건폐율점수":0,
            "세대당주차수":"--",
            "난방방식":"--",
            "공급면적":50,
            "전용률":100,
            "욕실수":"--",
            "현관타입":"--",
            "주거총점":7.5,
            "지역구공급총점":100.0,
            "역세권":"NA",
            "30분내 이동가능 거점":"NA",
            "1시간내 이동가능 거점":"NA",
            "교통총점":"NA",
            "백화점":0,
            "아울렛몰":0,
            "대형마트":0,
            "은행":0,
            "병원":30,
            "종합병원":100,
            "공원":100,
            "혐오시설":0,
            "인프라총점":26.0,
            "초등학군":90.01,
            "중학군":41.08,
            "학군총점":50.866,
            "인구수":21.18,
            "인구증감":-16.08,
            "인구총점":10.002,
            "일자리":12.43,
            "소득수준":61.51,
            "일자리총점":27.154,
            "가치 총점":25.7415,
            "매매실거래년":20220209.0,
            "매매실거래가":7200.0,
            "전세실거래년":20180622.0,
            "전세실거래가":5000.0,
            "전세가율":69.44,
            "장기전세가율평균":76.65,
            "전세가율거품지수":7.21,
            "검색코드":105755,
            "세대수":134.0,
            "준공년월":"1984-12-05",
            "준공년차":39.0,
            "가까운역이름":"NA",
            "가까운역거리":"NA",
            "역세권여부":"NA",
            "30분이내주요거점역":"NA",
            "30분거점역이름":"NA",
            "1시간이내주요거점역":"NA",
            "1시간거점역이름":"NA",
            "3km이내백화점수":0,
            "5km이내아울렛몰수":0,
            "1km이내대형먀트수":0,
            "500m이내은행수":0,
            "500m이내병원수":6,
            "5km이내대형병원수":5,
            "500m이내공원수":4,
            "3km이내혐오시설수":0,
            "초등학교학업성취도":90.01,
            "중학교학업성취도":67.0,
            "용적률":0,
            "건폐율":0,
            "Y":36.655986,
            "X":127.478866,
            "rank":93.0,
            "area_info":"20평(69.12), 24평(80.42), 28평(92.99)",
            "last_sales":"2022-02-09,7200.0,20평(69.12)",
            "rank_history":[
                [
                    "202203",
                    93
                ],
                [
                    "202202",
                    78
                ],
                [
                    "202201",
                    77
                ]
            ],
            "rank_gap":-15
        },
        {
            "index":11,
            "아파트명":"삼일",
            "투자타입":"재건축",
            "전용면적(m2)":"109.08",
            "전용면적(평)":"32평",
            "법정동주소":"충청북도 청주시 청원구 내덕동 697-1",
            "도로명주소":"충청북도 청주시 청원구 1순환로341번길 50",
            "세대수":0,
            "입주년차":"--",
            "용적률점수":0,
            "건폐율점수":0,
            "세대당주차수":"--",
            "난방방식":"--",
            "공급면적":90,
            "전용률":60,
            "욕실수":"--",
            "현관타입":"--",
            "주거총점":7.5,
            "지역구공급총점":100.0,
            "역세권":"NA",
            "30분내 이동가능 거점":"NA",
            "1시간내 이동가능 거점":"NA",
            "교통총점":"NA",
            "백화점":0,
            "아울렛몰":0,
            "대형마트":0,
            "은행":0,
            "병원":30,
            "종합병원":100,
            "공원":100,
            "혐오시설":0,
            "인프라총점":26.0,
            "초등학군":90.01,
            "중학군":41.08,
            "학군총점":50.866,
            "인구수":21.18,
            "인구증감":-16.08,
            "인구총점":10.002,
            "일자리":12.43,
            "소득수준":61.51,
            "일자리총점":27.154,
            "가치 총점":25.7415,
            "매매실거래년":20220129.0,
            "매매실거래가":12500.0,
            "전세실거래년":20211217.0,
            "전세실거래가":9000.0,
            "전세가율":72.0,
            "장기전세가율평균":76.65,
            "전세가율거품지수":4.65,
            "검색코드":7015,
            "세대수":200.0,
            "준공년월":"1989-11-10",
            "준공년차":34.0,
            "가까운역이름":"NA",
            "가까운역거리":"NA",
            "역세권여부":"NA",
            "30분이내주요거점역":"NA",
            "30분거점역이름":"NA",
            "1시간이내주요거점역":"NA",
            "1시간거점역이름":"NA",
            "3km이내백화점수":0,
            "5km이내아울렛몰수":0,
            "1km이내대형먀트수":0,
            "500m이내은행수":0,
            "500m이내병원수":6,
            "5km이내대형병원수":5,
            "500m이내공원수":3,
            "3km이내혐오시설수":0,
            "초등학교학업성취도":90.01,
            "중학교학업성취도":67.0,
            "용적률":0,
            "건폐율":0,
            "Y":36.656008,
            "X":127.477826,
            "rank":93.0,
            "area_info":"32평(109.08)",
            "last_sales":"2022-01-29,12500.0,32평(109.08)",
            "rank_history":[
                [
                    "202203",
                    93
                ],
                [
                    "202202",
                    78
                ],
                [
                    "202201",
                    77
                ]
            ],
            "rank_gap":-15
        },
        {
            "index":198,
            "아파트명":"목화",
            "투자타입":"재건축",
            "전용면적(m2)":"66.34",
            "전용면적(평)":"20평",
            "법정동주소":"충청북도 청주시 청원구 우암동 411-3",
            "도로명주소":"충청북도 청주시 청원구 교서로 214",
            "세대수":0,
            "입주년차":"--",
            "용적률점수":0,
            "건폐율점수":0,
            "세대당주차수":"--",
            "난방방식":"--",
            "공급면적":50,
            "전용률":80,
            "욕실수":"--",
            "현관타입":"--",
            "주거총점":6.5,
            "지역구공급총점":100.0,
            "역세권":"NA",
            "30분내 이동가능 거점":"NA",
            "1시간내 이동가능 거점":"NA",
            "교통총점":"NA",
            "백화점":0,
            "아울렛몰":0,
            "대형마트":0,
            "은행":0,
            "병원":30,
            "종합병원":100,
            "공원":80,
            "혐오시설":0,
            "인프라총점":25.4,
            "초등학군":90.01,
            "중학군":41.08,
            "학군총점":50.866,
            "인구수":21.18,
            "인구증감":-16.08,
            "인구총점":10.002,
            "일자리":12.43,
            "소득수준":61.51,
            "일자리총점":27.154,
            "가치 총점":25.1515,
            "매매실거래년":20220124.0,
            "매매실거래가":7700.0,
            "전세실거래년":20200917.0,
            "전세실거래가":2000.0,
            "전세가율":25.97,
            "장기전세가율평균":76.65,
            "전세가율거품지수":50.68,
            "검색코드":126838,
            "세대수":60.0,
            "준공년월":"1983-10-12",
            "준공년차":40.0,
            "가까운역이름":"NA",
            "가까운역거리":"NA",
            "역세권여부":"NA",
            "30분이내주요거점역":"NA",
            "30분거점역이름":"NA",
            "1시간이내주요거점역":"NA",
            "1시간거점역이름":"NA",
            "3km이내백화점수":0,
            "5km이내아울렛몰수":0,
            "1km이내대형먀트수":0,
            "500m이내은행수":1,
            "500m이내병원수":8,
            "5km이내대형병원수":5,
            "500m이내공원수":1,
            "3km이내혐오시설수":0,
            "초등학교학업성취도":90.01,
            "중학교학업성취도":67.0,
            "용적률":0,
            "건폐율":0,
            "Y":36.65422,
            "X":127.477628,
            "rank":94.0,
            "area_info":"20평(66.34)",
            "last_sales":"2022-01-24,7700.0,20평(66.34)",
            "rank_history":[
                [
                    "202203",
                    94
                ],
                [
                    "202202",
                    9999
                ]
            ],
            "rank_gap":9999
        },
        {
            "index":5,
            "아파트명":"롯데삼성",
            "투자타입":"재건축",
            "전용면적(m2)":"55.08",
            "전용면적(평)":"16평",
            "법정동주소":"충청북도 청주시 청원구 내덕동 106-10",
            "도로명주소":"충청북도 청주시 청원구 덕벌로15번길 14",
            "세대수":0,
            "입주년차":"--",
            "용적률점수":0,
            "건폐율점수":0,
            "세대당주차수":"--",
            "난방방식":"--",
            "공급면적":50,
            "전용률":80,
            "욕실수":"--",
            "현관타입":"--",
            "주거총점":6.5,
            "지역구공급총점":100.0,
            "역세권":"NA",
            "30분내 이동가능 거점":"NA",
            "1시간내 이동가능 거점":"NA",
            "교통총점":"NA",
            "백화점":0,
            "아울렛몰":0,
            "대형마트":0,
            "은행":0,
            "병원":0,
            "종합병원":100,
            "공원":80,
            "혐오시설":0,
            "인프라총점":22.4,
            "초등학군":90.0,
            "중학군":41.08,
            "학군총점":50.864,
            "인구수":21.18,
            "인구증감":-16.08,
            "인구총점":10.002,
            "일자리":12.43,
            "소득수준":61.51,
            "일자리총점":27.154,
            "가치 총점":23.951,
            "매매실거래년":20211208.0,
            "매매실거래가":7250.0,
            "전세실거래년":20220106.0,
            "전세실거래가":3500.0,
            "전세가율":48.28,
            "장기전세가율평균":76.65,
            "전세가율거품지수":28.37,
            "검색코드":13087,
            "세대수":252.0,
            "준공년월":"1986-11-18",
            "준공년차":37.0,
            "가까운역이름":"NA",
            "가까운역거리":"NA",
            "역세권여부":"NA",
            "30분이내주요거점역":"NA",
            "30분거점역이름":"NA",
            "1시간이내주요거점역":"NA",
            "1시간거점역이름":"NA",
            "3km이내백화점수":0,
            "5km이내아울렛몰수":0,
            "1km이내대형먀트수":0,
            "500m이내은행수":0,
            "500m이내병원수":1,
            "5km이내대형병원수":5,
            "500m이내공원수":1,
            "3km이내혐오시설수":0,
            "초등학교학업성취도":90.0,
            "중학교학업성취도":67.0,
            "용적률":0,
            "건폐율":0,
            "Y":36.656178,
            "X":127.494133,
            "rank":95.0,
            "area_info":"16평(55.08), 20평(68.35)",
            "last_sales":"2021-12-08,7250.0,16평(55.08)",
            "rank_history":[
                [
                    "202203",
                    95
                ],
                [
                    "202202",
                    79
                ],
                [
                    "202201",
                    78
                ]
            ],
            "rank_gap":-16
        },
        {
            "index":56,
            "아파트명":"수정로얄",
            "투자타입":"일반",
            "전용면적(m2)":"70.03",
            "전용면적(평)":"21평",
            "법정동주소":"충청북도 청주시 청원구 내수읍 내수리 37",
            "도로명주소":"충청북도 청주시 청원구 내수본길 16",
            "세대수":0,
            "입주년차":0,
            "용적률점수":"--",
            "건폐율점수":"--",
            "세대당주차수":0,
            "난방방식":30,
            "공급면적":"--",
            "전용률":"--",
            "욕실수":50,
            "현관타입":10,
            "주거총점":9.0,
            "지역구공급총점":100.0,
            "역세권":"NA",
            "30분내 이동가능 거점":"NA",
            "1시간내 이동가능 거점":"NA",
            "교통총점":"NA",
            "백화점":0,
            "아울렛몰":0,
            "대형마트":80,
            "은행":0,
            "병원":30,
            "종합병원":0,
            "공원":100,
            "혐오시설":0,
            "인프라총점":18.0,
            "초등학군":89.99,
            "중학군":39.66,
            "학군총점":49.726,
            "인구수":21.18,
            "인구증감":-16.08,
            "인구총점":10.002,
            "일자리":12.43,
            "소득수준":61.51,
            "일자리총점":27.154,
            "가치 총점":22.7815,
            "매매실거래년":20211220.0,
            "매매실거래가":6500.0,
            "전세실거래년":null,
            "전세실거래가":null,
            "전세가율":null,
            "장기전세가율평균":76.65,
            "전세가율거품지수":null,
            "검색코드":106602,
            "세대수":154.0,
            "준공년월":"1995-10-26",
            "준공년차":28.0,
            "가까운역이름":"NA",
            "가까운역거리":"NA",
            "역세권여부":"NA",
            "30분이내주요거점역":"NA",
            "30분거점역이름":"NA",
            "1시간이내주요거점역":"NA",
            "1시간거점역이름":"NA",
            "3km이내백화점수":0,
            "5km이내아울렛몰수":0,
            "1km이내대형먀트수":1,
            "500m이내은행수":0,
            "500m이내병원수":7,
            "5km이내대형병원수":0,
            "500m이내공원수":2,
            "3km이내혐오시설수":0,
            "초등학교학업성취도":89.99,
            "중학교학업성취도":64.9,
            "용적률":224,
            "건폐율":25,
            "Y":36.727205,
            "X":127.534889,
            "rank":96.0,
            "area_info":"21평(70.03), 23평(77.9)",
            "last_sales":"2021-12-20,6500.0,23평(77.9)",
            "rank_history":[
                [
                    "202203",
                    96
                ],
                [
                    "202202",
                    80
                ],
                [
                    "202201",
                    79
                ]
            ],
            "rank_gap":-16
        },
        {
            "index":111,
            "아파트명":"경희",
            "투자타입":"재건축",
            "전용면적(m2)":"70.94",
            "전용면적(평)":"21평",
            "법정동주소":"충청북도 청주시 청원구 오창읍 창리 9-3",
            "도로명주소":"충청북도 청주시 청원구 공항로 988",
            "세대수":0,
            "입주년차":"--",
            "용적률점수":0,
            "건폐율점수":0,
            "세대당주차수":"--",
            "난방방식":"--",
            "공급면적":50,
            "전용률":60,
            "욕실수":"--",
            "현관타입":"--",
            "주거총점":5.5,
            "지역구공급총점":100.0,
            "역세권":"NA",
            "30분내 이동가능 거점":"NA",
            "1시간내 이동가능 거점":"NA",
            "교통총점":"NA",
            "백화점":0,
            "아울렛몰":0,
            "대형마트":80,
            "은행":0,
            "병원":30,
            "종합병원":0,
            "공원":100,
            "혐오시설":0,
            "인프라총점":18.0,
            "초등학군":90.0,
            "중학군":43.62,
            "학군총점":52.896,
            "인구수":21.18,
            "인구증감":-16.08,
            "인구총점":10.002,
            "일자리":12.43,
            "소득수준":61.51,
            "일자리총점":27.154,
            "가치 총점":22.349,
            "매매실거래년":20210503.0,
            "매매실거래가":7300.0,
            "전세실거래년":20170708.0,
            "전세실거래가":3500.0,
            "전세가율":58.33,
            "장기전세가율평균":76.65,
            "전세가율거품지수":18.32,
            "검색코드":100219,
            "세대수":86.0,
            "준공년월":"1992-05-30",
            "준공년차":31.0,
            "가까운역이름":"NA",
            "가까운역거리":"NA",
            "역세권여부":"NA",
            "30분이내주요거점역":"NA",
            "30분거점역이름":"NA",
            "1시간이내주요거점역":"NA",
            "1시간거점역이름":"NA",
            "3km이내백화점수":0,
            "5km이내아울렛몰수":0,
            "1km이내대형먀트수":1,
            "500m이내은행수":0,
            "500m이내병원수":5,
            "5km이내대형병원수":0,
            "500m이내공원수":2,
            "3km이내혐오시설수":0,
            "초등학교학업성취도":90.0,
            "중학교학업성취도":72.7,
            "용적률":0,
            "건폐율":0,
            "Y":36.738697,
            "X":127.456619,
            "rank":97.0,
            "area_info":"21평(70.94), 23평(76.42), 27평(90.47), 30평(102.07)",
            "last_sales":"2021-05-03,7300.0,30평(102.07)",
            "rank_history":[
                [
                    "202203",
                    97
                ],
                [
                    "202202",
                    9999
                ]
            ],
            "rank_gap":9999
        },
        {
            "index":123,
            "아파트명":"덕성그린",
            "투자타입":"일반",
            "전용면적(m2)":"74.59",
            "전용면적(평)":"22평",
            "법정동주소":"충청북도 청주시 청원구 오창읍 괴정리 507-1",
            "도로명주소":"충청북도 청주시 청원구 괴정길 18-9",
            "세대수":0,
            "입주년차":0,
            "용적률점수":"--",
            "건폐율점수":"--",
            "세대당주차수":0,
            "난방방식":30,
            "공급면적":"--",
            "전용률":"--",
            "욕실수":50,
            "현관타입":100,
            "주거총점":18.0,
            "지역구공급총점":100.0,
            "역세권":"NA",
            "30분내 이동가능 거점":"NA",
            "1시간내 이동가능 거점":"NA",
            "교통총점":"NA",
            "백화점":0,
            "아울렛몰":0,
            "대형마트":0,
            "은행":0,
            "병원":0,
            "종합병원":0,
            "공원":0,
            "혐오시설":0,
            "인프라총점":0.0,
            "초등학군":90.0,
            "중학군":43.62,
            "학군총점":52.896,
            "인구수":21.18,
            "인구증감":-16.08,
            "인구총점":10.002,
            "일자리":12.43,
            "소득수준":61.51,
            "일자리총점":27.154,
            "가치 총점":19.524,
            "매매실거래년":20220214.0,
            "매매실거래가":8300.0,
            "전세실거래년":20211019.0,
            "전세실거래가":7500.0,
            "전세가율":90.36,
            "장기전세가율평균":76.65,
            "전세가율거품지수":-13.71,
            "검색코드":24271,
            "세대수":210.0,
            "준공년월":"1998-08-10",
            "준공년차":25.0,
            "가까운역이름":"NA",
            "가까운역거리":"NA",
            "역세권여부":"NA",
            "30분이내주요거점역":"NA",
            "30분거점역이름":"NA",
            "1시간이내주요거점역":"NA",
            "1시간거점역이름":"NA",
            "3km이내백화점수":0,
            "5km이내아울렛몰수":0,
            "1km이내대형먀트수":0,
            "500m이내은행수":0,
            "500m이내병원수":0,
            "5km이내대형병원수":0,
            "500m이내공원수":0,
            "3km이내혐오시설수":0,
            "초등학교학업성취도":90.0,
            "중학교학업성취도":72.7,
            "용적률":146,
            "건폐율":13,
            "Y":36.730595,
            "X":127.464423,
            "rank":98.0,
            "area_info":"22평(74.59)",
            "last_sales":"2022-02-14,8300.0,22평(74.59)",
            "rank_history":[
                [
                    "202203",
                    98
                ],
                [
                    "202202",
                    81
                ],
                [
                    "202201",
                    80
                ]
            ],
            "rank_gap":-17
        },
        {
            "index":115,
            "아파트명":"대성진달래",
            "투자타입":"일반",
            "전용면적(m2)":"73.3",
            "전용면적(평)":"22평",
            "법정동주소":"충청북도 청주시 청원구 오창읍 복현리 91-4",
            "도로명주소":"충청북도 청주시 청원구 복현2길 6",
            "세대수":0,
            "입주년차":0,
            "용적률점수":"--",
            "건폐율점수":"--",
            "세대당주차수":0,
            "난방방식":30,
            "공급면적":"--",
            "전용률":"--",
            "욕실수":50,
            "현관타입":10,
            "주거총점":9.0,
            "지역구공급총점":100.0,
            "역세권":"NA",
            "30분내 이동가능 거점":"NA",
            "1시간내 이동가능 거점":"NA",
            "교통총점":"NA",
            "백화점":0,
            "아울렛몰":0,
            "대형마트":0,
            "은행":0,
            "병원":30,
            "종합병원":0,
            "공원":100,
            "혐오시설":0,
            "인프라총점":6.0,
            "초등학군":90.0,
            "중학군":43.62,
            "학군총점":52.896,
            "인구수":21.18,
            "인구증감":-16.08,
            "인구총점":10.002,
            "일자리":12.43,
            "소득수준":61.51,
            "일자리총점":27.154,
            "가치 총점":18.774,
            "매매실거래년":20220115.0,
            "매매실거래가":4500.0,
            "전세실거래년":20200522.0,
            "전세실거래가":4000.0,
            "전세가율":88.89,
            "장기전세가율평균":76.65,
            "전세가율거품지수":-12.24,
            "검색코드":117409,
            "세대수":62.0,
            "준공년월":"1995-06-30",
            "준공년차":28.0,
            "가까운역이름":"NA",
            "가까운역거리":"NA",
            "역세권여부":"NA",
            "30분이내주요거점역":"NA",
            "30분거점역이름":"NA",
            "1시간이내주요거점역":"NA",
            "1시간거점역이름":"NA",
            "3km이내백화점수":0,
            "5km이내아울렛몰수":0,
            "1km이내대형먀트수":0,
            "500m이내은행수":0,
            "500m이내병원수":5,
            "5km이내대형병원수":0,
            "500m이내공원수":2,
            "3km이내혐오시설수":0,
            "초등학교학업성취도":90.0,
            "중학교학업성취도":72.7,
            "용적률":168,
            "건폐율":25,
            "Y":36.744807,
            "X":127.453961,
            "rank":99.0,
            "area_info":"22평(73.3), 26평(87.16), 26평(87.12)",
            "last_sales":"2022-01-15,4500.0,22평(73.3)",
            "rank_history":[
                [
                    "202203",
                    99
                ],
                [
                    "202202",
                    9999
                ]
            ],
            "rank_gap":9999
        },
        {
            "index":171,
            "아파트명":"진양",
            "투자타입":"재건축",
            "전용면적(m2)":"61.72",
            "전용면적(평)":"18평",
            "법정동주소":"충청북도 청주시 청원구 오창읍 창리 4-11",
            "도로명주소":"충청북도 청주시 청원구 팔결로 691",
            "세대수":0,
            "입주년차":"--",
            "용적률점수":0,
            "건폐율점수":0,
            "세대당주차수":"--",
            "난방방식":"--",
            "공급면적":50,
            "전용률":100,
            "욕실수":"--",
            "현관타입":"--",
            "주거총점":7.5,
            "지역구공급총점":100.0,
            "역세권":"NA",
            "30분내 이동가능 거점":"NA",
            "1시간내 이동가능 거점":"NA",
            "교통총점":"NA",
            "백화점":0,
            "아울렛몰":0,
            "대형마트":0,
            "은행":0,
            "병원":30,
            "종합병원":0,
            "공원":100,
            "혐오시설":0,
            "인프라총점":6.0,
            "초등학군":90.0,
            "중학군":43.62,
            "학군총점":52.896,
            "인구수":21.18,
            "인구증감":-16.08,
            "인구총점":10.002,
            "일자리":12.43,
            "소득수준":61.51,
            "일자리총점":27.154,
            "가치 총점":18.249,
            "매매실거래년":20211126.0,
            "매매실거래가":6500.0,
            "전세실거래년":20131026.0,
            "전세실거래가":5000.0,
            "전세가율":76.92,
            "장기전세가율평균":76.65,
            "전세가율거품지수":-0.27,
            "검색코드":102273,
            "세대수":105.0,
            "준공년월":"1990-01-12",
            "준공년차":33.0,
            "가까운역이름":"NA",
            "가까운역거리":"NA",
            "역세권여부":"NA",
            "30분이내주요거점역":"NA",
            "30분거점역이름":"NA",
            "1시간이내주요거점역":"NA",
            "1시간거점역이름":"NA",
            "3km이내백화점수":0,
            "5km이내아울렛몰수":0,
            "1km이내대형먀트수":0,
            "500m이내은행수":0,
            "500m이내병원수":5,
            "5km이내대형병원수":0,
            "500m이내공원수":3,
            "3km이내혐오시설수":0,
            "초등학교학업성취도":90.0,
            "중학교학업성취도":72.7,
            "용적률":0,
            "건폐율":0,
            "Y":36.739996,
            "X":127.456733,
            "rank":100.0,
            "area_info":"18평(61.72), 18평(62.35), 19평(63.7)",
            "last_sales":"2021-11-26,6500.0,18평(61.72)",
            "rank_history":[
                [
                    "202203",
                    100
                ],
                [
                    "202202",
                    82
                ],
                [
                    "202201",
                    81
                ]
            ],
            "rank_gap":-18
        },
        {
            "index":143,
            "아파트명":"오창수정",
            "투자타입":"재건축",
            "전용면적(m2)":"36.31",
            "전용면적(평)":"10평",
            "법정동주소":"충청북도 청주시 청원구 오창읍 복현리 98-2",
            "도로명주소":"충청북도 청주시 청원구 복현3길 27",
            "세대수":0,
            "입주년차":"--",
            "용적률점수":0,
            "건폐율점수":0,
            "세대당주차수":"--",
            "난방방식":"--",
            "공급면적":50,
            "전용률":60,
            "욕실수":"--",
            "현관타입":"--",
            "주거총점":5.5,
            "지역구공급총점":100.0,
            "역세권":"NA",
            "30분내 이동가능 거점":"NA",
            "1시간내 이동가능 거점":"NA",
            "교통총점":"NA",
            "백화점":0,
            "아울렛몰":0,
            "대형마트":0,
            "은행":0,
            "병원":30,
            "종합병원":0,
            "공원":100,
            "혐오시설":0,
            "인프라총점":6.0,
            "초등학군":90.0,
            "중학군":43.62,
            "학군총점":52.896,
            "인구수":21.18,
            "인구증감":-16.08,
            "인구총점":10.002,
            "일자리":12.43,
            "소득수준":61.51,
            "일자리총점":27.154,
            "가치 총점":17.549,
            "매매실거래년":20220209.0,
            "매매실거래가":5650.0,
            "전세실거래년":null,
            "전세실거래가":null,
            "전세가율":null,
            "장기전세가율평균":76.65,
            "전세가율거품지수":null,
            "검색코드":108604,
            "세대수":178.0,
            "준공년월":"1991-02-27",
            "준공년차":32.0,
            "가까운역이름":"NA",
            "가까운역거리":"NA",
            "역세권여부":"NA",
            "30분이내주요거점역":"NA",
            "30분거점역이름":"NA",
            "1시간이내주요거점역":"NA",
            "1시간거점역이름":"NA",
            "3km이내백화점수":0,
            "5km이내아울렛몰수":0,
            "1km이내대형먀트수":0,
            "500m이내은행수":0,
            "500m이내병원수":5,
            "5km이내대형병원수":0,
            "500m이내공원수":2,
            "3km이내혐오시설수":0,
            "초등학교학업성취도":90.0,
            "중학교학업성취도":72.7,
            "용적률":0,
            "건폐율":0,
            "Y":36.7442,
            "X":127.45387,
            "rank":101.0,
            "area_info":"10평(36.31), 17평(58.02), 20평(68.4)",
            "last_sales":"2022-02-09,5650.0,20평(68.4)",
            "rank_history":[
                [
                    "202203",
                    101
                ],
                [
                    "202202",
                    83
                ],
                [
                    "202201",
                    83
                ]
            ],
            "rank_gap":-18
        },
        {
            "index":48,
            "아파트명":"강우스파빌",
            "투자타입":"일반",
            "전용면적(m2)":"76.92",
            "전용면적(평)":"23평",
            "법정동주소":"충청북도 청주시 청원구 내수읍 우산리 504-8",
            "도로명주소":"충청북도 청주시 청원구 우산길 37",
            "세대수":0,
            "입주년차":20,
            "용적률점수":"--",
            "건폐율점수":"--",
            "세대당주차수":0,
            "난방방식":30,
            "공급면적":"--",
            "전용률":"--",
            "욕실수":50,
            "현관타입":10,
            "주거총점":13.0,
            "지역구공급총점":100.0,
            "역세권":"NA",
            "30분내 이동가능 거점":"NA",
            "1시간내 이동가능 거점":"NA",
            "교통총점":"NA",
            "백화점":0,
            "아울렛몰":0,
            "대형마트":0,
            "은행":0,
            "병원":0,
            "종합병원":0,
            "공원":0,
            "혐오시설":0,
            "인프라총점":0.0,
            "초등학군":90.0,
            "중학군":39.66,
            "학군총점":49.728,
            "인구수":21.18,
            "인구증감":-16.08,
            "인구총점":10.002,
            "일자리":12.43,
            "소득수준":61.51,
            "일자리총점":27.154,
            "가치 총점":16.982,
            "매매실거래년":20220207.0,
            "매매실거래가":5000.0,
            "전세실거래년":20210409.0,
            "전세실거래가":3000.0,
            "전세가율":60.0,
            "장기전세가율평균":76.65,
            "전세가율거품지수":16.65,
            "검색코드":17224,
            "세대수":160.0,
            "준공년월":"2002-03-22",
            "준공년차":21.0,
            "가까운역이름":"NA",
            "가까운역거리":"NA",
            "역세권여부":"NA",
            "30분이내주요거점역":"NA",
            "30분거점역이름":"NA",
            "1시간이내주요거점역":"NA",
            "1시간거점역이름":"NA",
            "3km이내백화점수":0,
            "5km이내아울렛몰수":0,
            "1km이내대형먀트수":0,
            "500m이내은행수":0,
            "500m이내병원수":0,
            "5km이내대형병원수":0,
            "500m이내공원수":0,
            "3km이내혐오시설수":0,
            "초등학교학업성취도":90.0,
            "중학교학업성취도":64.9,
            "용적률":134,
            "건폐율":26,
            "Y":36.722544,
            "X":127.588048,
            "rank":102.0,
            "area_info":"23평(76.92), 23평(76.98)",
            "last_sales":"2022-02-07,5000.0,23평(76.92)",
            "rank_history":[
                [
                    "202203",
                    102
                ],
                [
                    "202202",
                    84
                ],
                [
                    "202201",
                    82
                ]
            ],
            "rank_gap":-18
        },
        {
            "index":61,
            "아파트명":"우창진주3차",
            "투자타입":"일반",
            "전용면적(m2)":"84.65",
            "전용면적(평)":"25평",
            "법정동주소":"충청북도 청주시 청원구 내수읍 도원리 23",
            "도로명주소":"충청북도 청주시 청원구 도원세교로 85",
            "세대수":0,
            "입주년차":0,
            "용적률점수":"--",
            "건폐율점수":"--",
            "세대당주차수":0,
            "난방방식":30,
            "공급면적":"--",
            "전용률":"--",
            "욕실수":50,
            "현관타입":10,
            "주거총점":9.0,
            "지역구공급총점":100.0,
            "역세권":"NA",
            "30분내 이동가능 거점":"NA",
            "1시간내 이동가능 거점":"NA",
            "교통총점":"NA",
            "백화점":0,
            "아울렛몰":0,
            "대형마트":0,
            "은행":0,
            "병원":0,
            "종합병원":0,
            "공원":0,
            "혐오시설":0,
            "인프라총점":0.0,
            "초등학군":89.99,
            "중학군":39.66,
            "학군총점":49.726,
            "인구수":21.18,
            "인구증감":-16.08,
            "인구총점":10.002,
            "일자리":12.43,
            "소득수준":61.51,
            "일자리총점":27.154,
            "가치 총점":15.5815,
            "매매실거래년":20220221.0,
            "매매실거래가":6350.0,
            "전세실거래년":20211004.0,
            "전세실거래가":6000.0,
            "전세가율":94.49,
            "장기전세가율평균":76.65,
            "전세가율거품지수":-17.84,
            "검색코드":15379,
            "세대수":295.0,
            "준공년월":"1998-01-07",
            "준공년차":25.0,
            "가까운역이름":"NA",
            "가까운역거리":"NA",
            "역세권여부":"NA",
            "30분이내주요거점역":"NA",
            "30분거점역이름":"NA",
            "1시간이내주요거점역":"NA",
            "1시간거점역이름":"NA",
            "3km이내백화점수":0,
            "5km이내아울렛몰수":0,
            "1km이내대형먀트수":0,
            "500m이내은행수":0,
            "500m이내병원수":0,
            "5km이내대형병원수":0,
            "500m이내공원수":0,
            "3km이내혐오시설수":0,
            "초등학교학업성취도":89.99,
            "중학교학업성취도":64.9,
            "용적률":168,
            "건폐율":17,
            "Y":36.707886,
            "X":127.540154,
            "rank":103.0,
            "area_info":"25평(84.65), 25평(84.65)",
            "last_sales":"2022-02-21,6350.0,25평(84.65)",
            "rank_history":[
                [
                    "202203",
                    103
                ],
                [
                    "202202",
                    85
                ],
                [
                    "202201",
                    84
                ]
            ],
            "rank_gap":-18
        },
        {
            "index":60,
            "아파트명":"우창진주2차(51-3)",
            "투자타입":"일반",
            "전용면적(m2)":"78.6",
            "전용면적(평)":"23평",
            "법정동주소":"충청북도 청주시 청원구 내수읍 도원리 51-3",
            "도로명주소":"충청북도 청주시 청원구 도원세교로 63",
            "세대수":0,
            "입주년차":0,
            "용적률점수":"--",
            "건폐율점수":"--",
            "세대당주차수":0,
            "난방방식":30,
            "공급면적":"--",
            "전용률":"--",
            "욕실수":50,
            "현관타입":10,
            "주거총점":9.0,
            "지역구공급총점":100.0,
            "역세권":"NA",
            "30분내 이동가능 거점":"NA",
            "1시간내 이동가능 거점":"NA",
            "교통총점":"NA",
            "백화점":0,
            "아울렛몰":0,
            "대형마트":0,
            "은행":0,
            "병원":0,
            "종합병원":0,
            "공원":0,
            "혐오시설":0,
            "인프라총점":0.0,
            "초등학군":89.99,
            "중학군":39.66,
            "학군총점":49.726,
            "인구수":21.18,
            "인구증감":-16.08,
            "인구총점":10.002,
            "일자리":12.43,
            "소득수준":61.51,
            "일자리총점":27.154,
            "가치 총점":15.5815,
            "매매실거래년":20220204.0,
            "매매실거래가":6100.0,
            "전세실거래년":20201127.0,
            "전세실거래가":4500.0,
            "전세가율":73.77,
            "장기전세가율평균":76.65,
            "전세가율거품지수":2.88,
            "검색코드":17225,
            "세대수":298.0,
            "준공년월":"1997-03-18",
            "준공년차":26.0,
            "가까운역이름":"NA",
            "가까운역거리":"NA",
            "역세권여부":"NA",
            "30분이내주요거점역":"NA",
            "30분거점역이름":"NA",
            "1시간이내주요거점역":"NA",
            "1시간거점역이름":"NA",
            "3km이내백화점수":0,
            "5km이내아울렛몰수":0,
            "1km이내대형먀트수":0,
            "500m이내은행수":0,
            "500m이내병원수":0,
            "5km이내대형병원수":0,
            "500m이내공원수":0,
            "3km이내혐오시설수":0,
            "초등학교학업성취도":89.99,
            "중학교학업성취도":64.9,
            "용적률":187,
            "건폐율":16,
            "Y":36.710032,
            "X":127.540443,
            "rank":103.0,
            "area_info":"23평(78.6)",
            "last_sales":"2022-02-04,6100.0,23평(78.6)",
            "rank_history":[
                [
                    "202203",
                    103
                ],
                [
                    "202202",
                    85
                ],
                [
                    "202201",
                    84
                ]
            ],
            "rank_gap":-18
        },
        {
            "index":58,
            "아파트명":"우창진주1차(56)",
            "투자타입":"일반",
            "전용면적(m2)":"63.1",
            "전용면적(평)":"19평",
            "법정동주소":"충청북도 청주시 청원구 내수읍 도원리 56",
            "도로명주소":"충청북도 청주시 청원구 도원세교로 67",
            "세대수":0,
            "입주년차":0,
            "용적률점수":"--",
            "건폐율점수":"--",
            "세대당주차수":0,
            "난방방식":30,
            "공급면적":"--",
            "전용률":"--",
            "욕실수":50,
            "현관타입":10,
            "주거총점":9.0,
            "지역구공급총점":100.0,
            "역세권":"NA",
            "30분내 이동가능 거점":"NA",
            "1시간내 이동가능 거점":"NA",
            "교통총점":"NA",
            "백화점":0,
            "아울렛몰":0,
            "대형마트":0,
            "은행":0,
            "병원":0,
            "종합병원":0,
            "공원":0,
            "혐오시설":0,
            "인프라총점":0.0,
            "초등학군":89.99,
            "중학군":39.66,
            "학군총점":49.726,
            "인구수":21.18,
            "인구증감":-16.08,
            "인구총점":10.002,
            "일자리":12.43,
            "소득수준":61.51,
            "일자리총점":27.154,
            "가치 총점":15.5815,
            "매매실거래년":20220217.0,
            "매매실거래가":6500.0,
            "전세실거래년":20210109.0,
            "전세실거래가":3800.0,
            "전세가율":88.37,
            "장기전세가율평균":76.65,
            "전세가율거품지수":-11.72,
            "검색코드":15376,
            "세대수":264.0,
            "준공년월":"1995-12-09",
            "준공년차":28.0,
            "가까운역이름":"NA",
            "가까운역거리":"NA",
            "역세권여부":"NA",
            "30분이내주요거점역":"NA",
            "30분거점역이름":"NA",
            "1시간이내주요거점역":"NA",
            "1시간거점역이름":"NA",
            "3km이내백화점수":0,
            "5km이내아울렛몰수":0,
            "1km이내대형먀트수":0,
            "500m이내은행수":0,
            "500m이내병원수":0,
            "5km이내대형병원수":0,
            "500m이내공원수":0,
            "3km이내혐오시설수":0,
            "초등학교학업성취도":89.99,
            "중학교학업성취도":64.9,
            "용적률":217,
            "건폐율":24,
            "Y":36.709578,
            "X":127.53964,
            "rank":103.0,
            "area_info":"19평(63.1), 22평(75.17)",
            "last_sales":"2022-02-17,6500.0,22평(75.17)",
            "rank_history":[
                [
                    "202203",
                    103
                ],
                [
                    "202202",
                    85
                ],
                [
                    "202201",
                    84
                ]
            ],
            "rank_gap":-18
        }
    ]
}