{
    "schema":{
        "fields":[
            {
                "name":"index",
                "type":"integer"
            },
            {
                "name":"아파트명",
                "type":"string"
            },
            {
                "name":"투자타입",
                "type":"string"
            },
            {
                "name":"전용면적(m2)",
                "type":"string"
            },
            {
                "name":"전용면적(평)",
                "type":"string"
            },
            {
                "name":"법정동주소",
                "type":"string"
            },
            {
                "name":"도로명주소",
                "type":"string"
            },
            {
                "name":"세대수",
                "type":"integer"
            },
            {
                "name":"입주년차",
                "type":"string"
            },
            {
                "name":"용적률점수",
                "type":"string"
            },
            {
                "name":"건폐율점수",
                "type":"string"
            },
            {
                "name":"세대당주차수",
                "type":"string"
            },
            {
                "name":"난방방식",
                "type":"string"
            },
            {
                "name":"공급면적",
                "type":"string"
            },
            {
                "name":"전용률",
                "type":"string"
            },
            {
                "name":"욕실수",
                "type":"string"
            },
            {
                "name":"현관타입",
                "type":"string"
            },
            {
                "name":"주거총점",
                "type":"number"
            },
            {
                "name":"지역구공급총점",
                "type":"number"
            },
            {
                "name":"역세권",
                "type":"string"
            },
            {
                "name":"30분내 이동가능 거점",
                "type":"string"
            },
            {
                "name":"1시간내 이동가능 거점",
                "type":"string"
            },
            {
                "name":"교통총점",
                "type":"string"
            },
            {
                "name":"백화점",
                "type":"integer"
            },
            {
                "name":"아울렛몰",
                "type":"integer"
            },
            {
                "name":"대형마트",
                "type":"integer"
            },
            {
                "name":"은행",
                "type":"integer"
            },
            {
                "name":"병원",
                "type":"integer"
            },
            {
                "name":"종합병원",
                "type":"integer"
            },
            {
                "name":"공원",
                "type":"integer"
            },
            {
                "name":"혐오시설",
                "type":"integer"
            },
            {
                "name":"인프라총점",
                "type":"number"
            },
            {
                "name":"초등학군",
                "type":"number"
            },
            {
                "name":"중학군",
                "type":"number"
            },
            {
                "name":"학군총점",
                "type":"number"
            },
            {
                "name":"인구수",
                "type":"number"
            },
            {
                "name":"인구증감",
                "type":"number"
            },
            {
                "name":"인구총점",
                "type":"number"
            },
            {
                "name":"일자리",
                "type":"number"
            },
            {
                "name":"소득수준",
                "type":"number"
            },
            {
                "name":"일자리총점",
                "type":"number"
            },
            {
                "name":"가치 총점",
                "type":"number"
            },
            {
                "name":"매매실거래년",
                "type":"string"
            },
            {
                "name":"매매실거래가",
                "type":"number"
            },
            {
                "name":"전세실거래년",
                "type":"number"
            },
            {
                "name":"전세실거래가",
                "type":"number"
            },
            {
                "name":"전세가율",
                "type":"number"
            },
            {
                "name":"장기전세가율평균",
                "type":"number"
            },
            {
                "name":"전세가율거품지수",
                "type":"number"
            },
            {
                "name":"검색코드",
                "type":"integer"
            },
            {
                "name":"세대수",
                "type":"number"
            },
            {
                "name":"준공년월",
                "type":"string"
            },
            {
                "name":"준공년차",
                "type":"number"
            },
            {
                "name":"가까운역이름",
                "type":"string"
            },
            {
                "name":"가까운역거리",
                "type":"string"
            },
            {
                "name":"역세권여부",
                "type":"string"
            },
            {
                "name":"30분이내주요거점역",
                "type":"string"
            },
            {
                "name":"30분거점역이름",
                "type":"string"
            },
            {
                "name":"1시간이내주요거점역",
                "type":"string"
            },
            {
                "name":"1시간거점역이름",
                "type":"string"
            },
            {
                "name":"3km이내백화점수",
                "type":"integer"
            },
            {
                "name":"5km이내아울렛몰수",
                "type":"integer"
            },
            {
                "name":"1km이내대형먀트수",
                "type":"integer"
            },
            {
                "name":"500m이내은행수",
                "type":"integer"
            },
            {
                "name":"500m이내병원수",
                "type":"integer"
            },
            {
                "name":"5km이내대형병원수",
                "type":"integer"
            },
            {
                "name":"500m이내공원수",
                "type":"integer"
            },
            {
                "name":"3km이내혐오시설수",
                "type":"integer"
            },
            {
                "name":"초등학교학업성취도",
                "type":"number"
            },
            {
                "name":"중학교학업성취도",
                "type":"number"
            },
            {
                "name":"용적률",
                "type":"integer"
            },
            {
                "name":"건폐율",
                "type":"integer"
            },
            {
                "name":"Y",
                "type":"number"
            },
            {
                "name":"X",
                "type":"number"
            },
            {
                "name":"rank",
                "type":"number"
            },
            {
                "name":"area_info",
                "type":"string"
            },
            {
                "name":"last_sales",
                "type":"string"
            },
            {
                "name":"rank_history",
                "type":"string"
            },
            {
                "name":"rank_gap",
                "type":"integer"
            }
        ],
        "primaryKey":[
            "index"
        ],
        "pandas_version":"1.4.0"
    },
    "data":[
        {
            "index":256,
            "아파트명":"대원칸타빌더테라스2단지",
            "투자타입":"일반",
            "전용면적(m2)":"100.44",
            "전용면적(평)":"30평",
            "법정동주소":"충청북도 청주시 상당구 용암동 동남택지개발지구 B3블럭",
            "도로명주소":"충청북도 청주시 상당구 중고개로 104",
            "세대수":80,
            "입주년차":100,
            "용적률점수":"--",
            "건폐율점수":"--",
            "세대당주차수":60,
            "난방방식":100,
            "공급면적":"--",
            "전용률":"--",
            "욕실수":100,
            "현관타입":100,
            "주거총점":87.0,
            "지역구공급총점":0.0,
            "역세권":"NA",
            "30분내 이동가능 거점":"NA",
            "1시간내 이동가능 거점":"NA",
            "교통총점":"NA",
            "백화점":0,
            "아울렛몰":0,
            "대형마트":80,
            "은행":0,
            "병원":60,
            "종합병원":100,
            "공원":100,
            "혐오시설":0,
            "인프라총점":41.0,
            "초등학군":90.0,
            "중학군":45.82,
            "학군총점":54.656,
            "인구수":20.81,
            "인구증감":-0.33,
            "인구총점":14.468,
            "일자리":12.26,
            "소득수준":61.51,
            "일자리총점":27.035,
            "가치 총점":60.514,
            "매매실거래년":20211121.0,
            "매매실거래가":48000.0,
            "전세실거래년":20220219.0,
            "전세실거래가":19000.0,
            "전세가율":39.58,
            "장기전세가율평균":78.41,
            "전세가율거품지수":38.83,
            "검색코드":117349,
            "세대수":706.0,
            "준공년월":"2019-12-01",
            "준공년차":4.0,
            "가까운역이름":"NA",
            "가까운역거리":"NA",
            "역세권여부":"NA",
            "30분이내주요거점역":"NA",
            "30분거점역이름":"NA",
            "1시간이내주요거점역":"NA",
            "1시간거점역이름":"NA",
            "3km이내백화점수":0,
            "5km이내아울렛몰수":0,
            "1km이내대형먀트수":1,
            "500m이내은행수":0,
            "500m이내병원수":12,
            "5km이내대형병원수":2,
            "500m이내공원수":2,
            "3km이내혐오시설수":0,
            "초등학교학업성취도":90.0,
            "중학교학업성취도":75.9,
            "용적률":0,
            "건폐율":0,
            "Y":36.615025,
            "X":127.522027,
            "rank":1.0,
            "area_info":"30평(100.44), 32평(108.02), 33평(110.3)",
            "last_sales":"2021-11-21,48000.0,30평(100.44)",
            "rank_history":[
                [
                    "202203",
                    1
                ],
                [
                    "202202",
                    1
                ],
                [
                    "202201",
                    2
                ]
            ],
            "rank_gap":0
        },
        {
            "index":103,
            "아파트명":"동남지구우미린풀하우스",
            "투자타입":"일반",
            "전용면적(m2)":"91.93",
            "전용면적(평)":"27평",
            "법정동주소":"충청북도 청주시 상당구 방서동 청주동남지구 B-7블록",
            "도로명주소":"충청북도 청주시 상당구 동남로 15",
            "세대수":90,
            "입주년차":100,
            "용적률점수":"--",
            "건폐율점수":"--",
            "세대당주차수":60,
            "난방방식":100,
            "공급면적":"--",
            "전용률":"--",
            "욕실수":100,
            "현관타입":100,
            "주거총점":90.5,
            "지역구공급총점":0.0,
            "역세권":"NA",
            "30분내 이동가능 거점":"NA",
            "1시간내 이동가능 거점":"NA",
            "교통총점":"NA",
            "백화점":0,
            "아울렛몰":0,
            "대형마트":80,
            "은행":0,
            "병원":10,
            "종합병원":100,
            "공원":100,
            "혐오시설":0,
            "인프라총점":36.0,
            "초등학군":90.02,
            "중학군":47.98,
            "학군총점":56.388,
            "인구수":20.81,
            "인구증감":-0.33,
            "인구총점":14.468,
            "일자리":12.26,
            "소득수준":61.51,
            "일자리총점":27.035,
            "가치 총점":60.172,
            "매매실거래년":20201124.0,
            "매매실거래가":33760.0,
            "전세실거래년":null,
            "전세실거래가":null,
            "전세가율":null,
            "장기전세가율평균":78.41,
            "전세가율거품지수":null,
            "검색코드":121996,
            "세대수":1016.0,
            "준공년월":"2020-09-01",
            "준공년차":3.0,
            "가까운역이름":"NA",
            "가까운역거리":"NA",
            "역세권여부":"NA",
            "30분이내주요거점역":"NA",
            "30분거점역이름":"NA",
            "1시간이내주요거점역":"NA",
            "1시간거점역이름":"NA",
            "3km이내백화점수":0,
            "5km이내아울렛몰수":0,
            "1km이내대형먀트수":1,
            "500m이내은행수":1,
            "500m이내병원수":3,
            "5km이내대형병원수":3,
            "500m이내공원수":2,
            "3km이내혐오시설수":0,
            "초등학교학업성취도":90.02,
            "중학교학업성취도":78.9,
            "용적률":0,
            "건폐율":0,
            "Y":36.602965,
            "X":127.508929,
            "rank":2.0,
            "area_info":"27평(91.93), 28평(93.06), 31평(102.5), 31평(104.1), 33평(111.42)",
            "last_sales":"2020-11-24,33760.0,33평(111.42)",
            "rank_history":[
                [
                    "202203",
                    2
                ],
                [
                    "202202",
                    2
                ],
                [
                    "202201",
                    1
                ]
            ],
            "rank_gap":0
        },
        {
            "index":300,
            "아파트명":"청주동남시티프라디움B1블록",
            "투자타입":"일반",
            "전용면적(m2)":"106.15",
            "전용면적(평)":"32평",
            "법정동주소":"충청북도 청주시 상당구 용암동 동남택지개발지구B1블록",
            "도로명주소":"충청북도 청주시 상당구 중고개로142번길 31",
            "세대수":80,
            "입주년차":100,
            "용적률점수":"--",
            "건폐율점수":"--",
            "세대당주차수":30,
            "난방방식":100,
            "공급면적":"--",
            "전용률":"--",
            "욕실수":100,
            "현관타입":100,
            "주거총점":82.5,
            "지역구공급총점":0.0,
            "역세권":"NA",
            "30분내 이동가능 거점":"NA",
            "1시간내 이동가능 거점":"NA",
            "교통총점":"NA",
            "백화점":0,
            "아울렛몰":0,
            "대형마트":80,
            "은행":0,
            "병원":60,
            "종합병원":100,
            "공원":80,
            "혐오시설":0,
            "인프라총점":40.4,
            "초등학군":90.0,
            "중학군":52.96,
            "학군총점":60.368,
            "인구수":20.81,
            "인구증감":-0.33,
            "인구총점":14.468,
            "일자리":12.26,
            "소득수준":61.51,
            "일자리총점":27.035,
            "가치 총점":60.127,
            "매매실거래년":20211123.0,
            "매매실거래가":55000.0,
            "전세실거래년":20210812.0,
            "전세실거래가":39000.0,
            "전세가율":73.72,
            "장기전세가율평균":78.41,
            "전세가율거품지수":4.69,
            "검색코드":119336,
            "세대수":797.0,
            "준공년월":"2020-03-01",
            "준공년차":3.0,
            "가까운역이름":"NA",
            "가까운역거리":"NA",
            "역세권여부":"NA",
            "30분이내주요거점역":"NA",
            "30분거점역이름":"NA",
            "1시간이내주요거점역":"NA",
            "1시간거점역이름":"NA",
            "3km이내백화점수":0,
            "5km이내아울렛몰수":0,
            "1km이내대형먀트수":1,
            "500m이내은행수":0,
            "500m이내병원수":15,
            "5km이내대형병원수":3,
            "500m이내공원수":1,
            "3km이내혐오시설수":0,
            "초등학교학업성취도":90.0,
            "중학교학업성취도":85.6,
            "용적률":198,
            "건폐율":15,
            "Y":36.619949,
            "X":127.520374,
            "rank":3.0,
            "area_info":"32평(106.15), 32평(106.22), 32평(106.71), 32평(107.01)",
            "last_sales":"2021-11-23,55000.0,32평(106.71)",
            "rank_history":[
                [
                    "202203",
                    3
                ],
                [
                    "202202",
                    3
                ],
                [
                    "202201",
                    3
                ]
            ],
            "rank_gap":0
        },
        {
            "index":91,
            "아파트명":"문화센트럴칸타빌",
            "투자타입":"일반",
            "전용면적(m2)":"113.33",
            "전용면적(평)":"34평",
            "법정동주소":"충청북도 청주시 상당구 문화동 118",
            "도로명주소":"충청북도 청주시 상당구 용담로 7",
            "세대수":50,
            "입주년차":80,
            "용적률점수":"--",
            "건폐율점수":"--",
            "세대당주차수":60,
            "난방방식":30,
            "공급면적":"--",
            "전용률":"--",
            "욕실수":100,
            "현관타입":100,
            "주거총점":65.5,
            "지역구공급총점":0.0,
            "역세권":"NA",
            "30분내 이동가능 거점":"NA",
            "1시간내 이동가능 거점":"NA",
            "교통총점":"NA",
            "백화점":0,
            "아울렛몰":0,
            "대형마트":80,
            "은행":100,
            "병원":80,
            "종합병원":100,
            "공원":100,
            "혐오시설":0,
            "인프라총점":53.0,
            "초등학군":90.04,
            "중학군":49.82,
            "학군총점":57.864,
            "인구수":20.81,
            "인구증감":-0.33,
            "인구총점":14.468,
            "일자리":12.26,
            "소득수준":61.51,
            "일자리총점":27.035,
            "가치 총점":58.591,
            "매매실거래년":20220215.0,
            "매매실거래가":30930.0,
            "전세실거래년":20220222.0,
            "전세실거래가":21000.0,
            "전세가율":50.0,
            "장기전세가율평균":78.41,
            "전세가율거품지수":28.41,
            "검색코드":111702,
            "세대수":630.0,
            "준공년월":"2018-12-27",
            "준공년차":5.0,
            "가까운역이름":"NA",
            "가까운역거리":"NA",
            "역세권여부":"NA",
            "30분이내주요거점역":"NA",
            "30분거점역이름":"NA",
            "1시간이내주요거점역":"NA",
            "1시간거점역이름":"NA",
            "3km이내백화점수":0,
            "5km이내아울렛몰수":0,
            "1km이내대형먀트수":1,
            "500m이내은행수":5,
            "500m이내병원수":52,
            "5km이내대형병원수":5,
            "500m이내공원수":2,
            "3km이내혐오시설수":0,
            "초등학교학업성취도":90.04,
            "중학교학업성취도":81.7,
            "용적률":594,
            "건폐율":51,
            "Y":36.632918,
            "X":127.491872,
            "rank":4.0,
            "area_info":"34평(113.33), 34평(114.56), 34평(114.55), 39평(130.26), 52평(174.25), 53평(176.6), 54평(181.48), 60평(199.68)",
            "last_sales":"2022-02-15,30930.0,34평(114.55)",
            "rank_history":[
                [
                    "202203",
                    4
                ],
                [
                    "202202",
                    4
                ],
                [
                    "202201",
                    5
                ]
            ],
            "rank_gap":0
        },
        {
            "index":114,
            "아파트명":"청주센트럴자이",
            "투자타입":"일반",
            "전용면적(m2)":"80.57",
            "전용면적(평)":"24평",
            "법정동주소":"충청북도 청주시 상당구 방서동 654",
            "도로명주소":"충청북도 청주시 상당구 단재로 316",
            "세대수":100,
            "입주년차":80,
            "용적률점수":"--",
            "건폐율점수":"--",
            "세대당주차수":60,
            "난방방식":30,
            "공급면적":"--",
            "전용률":"--",
            "욕실수":100,
            "현관타입":100,
            "주거총점":83.0,
            "지역구공급총점":0.0,
            "역세권":"NA",
            "30분내 이동가능 거점":"NA",
            "1시간내 이동가능 거점":"NA",
            "교통총점":"NA",
            "백화점":0,
            "아울렛몰":0,
            "대형마트":80,
            "은행":0,
            "병원":10,
            "종합병원":100,
            "공원":100,
            "혐오시설":0,
            "인프라총점":36.0,
            "초등학군":89.99,
            "중학군":51.88,
            "학군총점":59.502,
            "인구수":20.81,
            "인구증감":-0.33,
            "인구총점":14.468,
            "일자리":12.26,
            "소득수준":61.51,
            "일자리총점":27.035,
            "가치 총점":58.3255,
            "매매실거래년":20220122.0,
            "매매실거래가":40800.0,
            "전세실거래년":20211009.0,
            "전세실거래가":34000.0,
            "전세가율":83.33,
            "장기전세가율평균":78.41,
            "전세가율거품지수":-4.92,
            "검색코드":111666,
            "세대수":1500.0,
            "준공년월":"2018-09-21",
            "준공년차":5.0,
            "가까운역이름":"NA",
            "가까운역거리":"NA",
            "역세권여부":"NA",
            "30분이내주요거점역":"NA",
            "30분거점역이름":"NA",
            "1시간이내주요거점역":"NA",
            "1시간거점역이름":"NA",
            "3km이내백화점수":0,
            "5km이내아울렛몰수":0,
            "1km이내대형먀트수":1,
            "500m이내은행수":0,
            "500m이내병원수":3,
            "5km이내대형병원수":3,
            "500m이내공원수":6,
            "3km이내혐오시설수":0,
            "초등학교학업성취도":89.99,
            "중학교학업성취도":84.6,
            "용적률":229,
            "건폐율":15,
            "Y":36.600256,
            "X":127.501152,
            "rank":5.0,
            "area_info":"24평(80.57), 24평(81.13), 29평(98.13), 29평(99.07), 34평(112.4), 34평(112.82), 40평(134.92), 44평(145.96)",
            "last_sales":"2022-01-22,40800.0,24평(80.57)",
            "rank_history":[
                [
                    "202203",
                    5
                ],
                [
                    "202202",
                    6
                ],
                [
                    "202201",
                    6
                ]
            ],
            "rank_gap":1
        },
        {
            "index":108,
            "아파트명":"중흥S-클래스더퍼스트",
            "투자타입":"일반",
            "전용면적(m2)":"111.63",
            "전용면적(평)":"33평",
            "법정동주소":"충청북도 청주시 상당구 방서동 653",
            "도로명주소":"충청북도 청주시 상당구 단재로 312",
            "세대수":100,
            "입주년차":80,
            "용적률점수":"--",
            "건폐율점수":"--",
            "세대당주차수":60,
            "난방방식":30,
            "공급면적":"--",
            "전용률":"--",
            "욕실수":100,
            "현관타입":100,
            "주거총점":83.0,
            "지역구공급총점":0.0,
            "역세권":"NA",
            "30분내 이동가능 거점":"NA",
            "1시간내 이동가능 거점":"NA",
            "교통총점":"NA",
            "백화점":0,
            "아울렛몰":0,
            "대형마트":80,
            "은행":0,
            "병원":10,
            "종합병원":100,
            "공원":100,
            "혐오시설":0,
            "인프라총점":36.0,
            "초등학군":89.99,
            "중학군":51.88,
            "학군총점":59.502,
            "인구수":20.81,
            "인구증감":-0.33,
            "인구총점":14.468,
            "일자리":12.26,
            "소득수준":61.51,
            "일자리총점":27.035,
            "가치 총점":58.3255,
            "매매실거래년":20220220.0,
            "매매실거래가":44700.0,
            "전세실거래년":20220221.0,
            "전세실거래가":27825.0,
            "전세가율":62.25,
            "장기전세가율평균":78.41,
            "전세가율거품지수":16.16,
            "검색코드":111567,
            "세대수":1595.0,
            "준공년월":"2018-09-21",
            "준공년차":5.0,
            "가까운역이름":"NA",
            "가까운역거리":"NA",
            "역세권여부":"NA",
            "30분이내주요거점역":"NA",
            "30분거점역이름":"NA",
            "1시간이내주요거점역":"NA",
            "1시간거점역이름":"NA",
            "3km이내백화점수":0,
            "5km이내아울렛몰수":0,
            "1km이내대형먀트수":1,
            "500m이내은행수":0,
            "500m이내병원수":2,
            "5km이내대형병원수":4,
            "500m이내공원수":6,
            "3km이내혐오시설수":0,
            "초등학교학업성취도":89.99,
            "중학교학업성취도":84.6,
            "용적률":224,
            "건폐율":15,
            "Y":36.603366,
            "X":127.500891,
            "rank":5.0,
            "area_info":"33평(111.63), 33평(111.57), 41평(137.99), 43평(144.69)",
            "last_sales":"2022-02-20,44700.0,33평(111.63)",
            "rank_history":[
                [
                    "202203",
                    5
                ],
                [
                    "202202",
                    6
                ],
                [
                    "202201",
                    4
                ]
            ],
            "rank_gap":1
        },
        {
            "index":310,
            "아파트명":"청주동남지구우미린에듀포레",
            "투자타입":"일반",
            "전용면적(m2)":"108.3",
            "전용면적(평)":"32평",
            "법정동주소":"충청북도 청주시 상당구 용암동 3150",
            "도로명주소":"충청북도 청주시 상당구 중고개로142번길 20",
            "세대수":50,
            "입주년차":100,
            "용적률점수":"--",
            "건폐율점수":"--",
            "세대당주차수":60,
            "난방방식":100,
            "공급면적":"--",
            "전용률":"--",
            "욕실수":100,
            "현관타입":100,
            "주거총점":76.5,
            "지역구공급총점":0.0,
            "역세권":"NA",
            "30분내 이동가능 거점":"NA",
            "1시간내 이동가능 거점":"NA",
            "교통총점":"NA",
            "백화점":0,
            "아울렛몰":0,
            "대형마트":80,
            "은행":0,
            "병원":60,
            "종합병원":100,
            "공원":100,
            "혐오시설":0,
            "인프라총점":41.0,
            "초등학군":90.0,
            "중학군":52.96,
            "학군총점":60.368,
            "인구수":20.81,
            "인구증감":-0.33,
            "인구총점":14.468,
            "일자리":12.26,
            "소득수준":61.51,
            "일자리총점":27.035,
            "가치 총점":58.267,
            "매매실거래년":"18000101",
            "매매실거래가":null,
            "전세실거래년":null,
            "전세실거래가":null,
            "전세가율":null,
            "장기전세가율평균":78.41,
            "전세가율거품지수":null,
            "검색코드":126163,
            "세대수":489.0,
            "준공년월":"2022-01-01",
            "준공년차":1.0,
            "가까운역이름":"NA",
            "가까운역거리":"NA",
            "역세권여부":"NA",
            "30분이내주요거점역":"NA",
            "30분거점역이름":"NA",
            "1시간이내주요거점역":"NA",
            "1시간거점역이름":"NA",
            "3km이내백화점수":0,
            "5km이내아울렛몰수":0,
            "1km이내대형먀트수":1,
            "500m이내은행수":0,
            "500m이내병원수":13,
            "5km이내대형병원수":3,
            "500m이내공원수":2,
            "3km이내혐오시설수":0,
            "초등학교학업성취도":90.0,
            "중학교학업성취도":85.6,
            "용적률":0,
            "건폐율":0,
            "Y":36.617709,
            "X":127.520953,
            "rank":6.0,
            "area_info":"32평(108.3), 32평(109.09), 36평(121.11), 36평(121.89), 38평(127.47), 44평(146.57)",
            "last_sales":"1800-01-01,nan,32평(108.3)",
            "rank_history":[
                [
                    "202203",
                    6
                ],
                [
                    "202202",
                    0
                ],
                [
                    "202201",
                    9999
                ]
            ],
            "rank_gap":-6
        },
        {
            "index":339,
            "아파트명":"청주용정한라비발디2단지",
            "투자타입":"일반",
            "전용면적(m2)":"111.43",
            "전용면적(평)":"33평",
            "법정동주소":"충청북도 청주시 상당구 용정동 1116",
            "도로명주소":"충청북도 청주시 상당구 용정로 35",
            "세대수":80,
            "입주년차":60,
            "용적률점수":"--",
            "건폐율점수":"--",
            "세대당주차수":60,
            "난방방식":100,
            "공급면적":"--",
            "전용률":"--",
            "욕실수":100,
            "현관타입":100,
            "주거총점":79.0,
            "지역구공급총점":0.0,
            "역세권":"NA",
            "30분내 이동가능 거점":"NA",
            "1시간내 이동가능 거점":"NA",
            "교통총점":"NA",
            "백화점":0,
            "아울렛몰":0,
            "대형마트":80,
            "은행":0,
            "병원":10,
            "종합병원":100,
            "공원":100,
            "혐오시설":0,
            "인프라총점":36.0,
            "초등학군":90.0,
            "중학군":52.96,
            "학군총점":60.368,
            "인구수":20.81,
            "인구증감":-0.33,
            "인구총점":14.468,
            "일자리":12.26,
            "소득수준":61.51,
            "일자리총점":27.035,
            "가치 총점":57.142,
            "매매실거래년":20130907.0,
            "매매실거래가":30098.0,
            "전세실거래년":null,
            "전세실거래가":null,
            "전세가율":null,
            "장기전세가율평균":78.41,
            "전세가율거품지수":null,
            "검색코드":102705,
            "세대수":788.0,
            "준공년월":"2013-06-20",
            "준공년차":10.0,
            "가까운역이름":"NA",
            "가까운역거리":"NA",
            "역세권여부":"NA",
            "30분이내주요거점역":"NA",
            "30분거점역이름":"NA",
            "1시간이내주요거점역":"NA",
            "1시간거점역이름":"NA",
            "3km이내백화점수":0,
            "5km이내아울렛몰수":0,
            "1km이내대형먀트수":1,
            "500m이내은행수":0,
            "500m이내병원수":2,
            "5km이내대형병원수":3,
            "500m이내공원수":2,
            "3km이내혐오시설수":0,
            "초등학교학업성취도":90.0,
            "중학교학업성취도":85.6,
            "용적률":0,
            "건폐율":0,
            "Y":36.630978,
            "X":127.5176,
            "rank":7.0,
            "area_info":"33평(111.43), 33평(112.1), 33평(112.2), 39평(130.66), 39평(130.19), 39평(130.78)",
            "last_sales":"2013-09-07,30098.0,39평(130.19)",
            "rank_history":[
                [
                    "202203",
                    7
                ],
                [
                    "202202",
                    7
                ],
                [
                    "202201",
                    12
                ]
            ],
            "rank_gap":0
        },
        {
            "index":250,
            "아파트명":"대원칸타빌더테라스1단지",
            "투자타입":"일반",
            "전용면적(m2)":"100.49",
            "전용면적(평)":"30평",
            "법정동주소":"충청북도 청주시 상당구 용암동 동남택지개발지구 C1블럭",
            "도로명주소":"충청북도 청주시 상당구 중고개로 140",
            "세대수":50,
            "입주년차":100,
            "용적률점수":"--",
            "건폐율점수":"--",
            "세대당주차수":60,
            "난방방식":100,
            "공급면적":"--",
            "전용률":"--",
            "욕실수":100,
            "현관타입":100,
            "주거총점":76.5,
            "지역구공급총점":0.0,
            "역세권":"NA",
            "30분내 이동가능 거점":"NA",
            "1시간내 이동가능 거점":"NA",
            "교통총점":"NA",
            "백화점":0,
            "아울렛몰":0,
            "대형마트":80,
            "은행":0,
            "병원":60,
            "종합병원":100,
            "공원":80,
            "혐오시설":0,
            "인프라총점":40.4,
            "초등학군":90.0,
            "중학군":45.82,
            "학군총점":54.656,
            "인구수":20.81,
            "인구증감":-0.33,
            "인구총점":14.468,
            "일자리":12.26,
            "소득수준":61.51,
            "일자리총점":27.035,
            "가치 총점":56.599,
            "매매실거래년":20200225.0,
            "매매실거래가":42905.0,
            "전세실거래년":null,
            "전세실거래가":null,
            "전세가율":null,
            "장기전세가율평균":78.41,
            "전세가율거품지수":null,
            "검색코드":117347,
            "세대수":676.0,
            "준공년월":"2019-12-01",
            "준공년차":4.0,
            "가까운역이름":"NA",
            "가까운역거리":"NA",
            "역세권여부":"NA",
            "30분이내주요거점역":"NA",
            "30분거점역이름":"NA",
            "1시간이내주요거점역":"NA",
            "1시간거점역이름":"NA",
            "3km이내백화점수":0,
            "5km이내아울렛몰수":0,
            "1km이내대형먀트수":1,
            "500m이내은행수":0,
            "500m이내병원수":13,
            "5km이내대형병원수":3,
            "500m이내공원수":1,
            "3km이내혐오시설수":0,
            "초등학교학업성취도":90.0,
            "중학교학업성취도":75.9,
            "용적률":0,
            "건폐율":0,
            "Y":36.616982,
            "X":127.520093,
            "rank":8.0,
            "area_info":"30평(100.49), 32평(108.08), 33평(110.36), 39평(129.2), 42평(140.06), 44평(145.51)",
            "last_sales":"2020-02-25,42905.0,42평(140.06)",
            "rank_history":[
                [
                    "202203",
                    8
                ],
                [
                    "202202",
                    8
                ],
                [
                    "202201",
                    8
                ]
            ],
            "rank_gap":0
        },
        {
            "index":304,
            "아파트명":"청주동남시티프라디움B2블록",
            "투자타입":"일반",
            "전용면적(m2)":"106.87",
            "전용면적(평)":"32평",
            "법정동주소":"충청북도 청주시 상당구 용암동 동남택지개발지구B2블록",
            "도로명주소":"충청북도 청주시 상당구 중고개로142번길 17",
            "세대수":50,
            "입주년차":100,
            "용적률점수":"--",
            "건폐율점수":"--",
            "세대당주차수":30,
            "난방방식":100,
            "공급면적":"--",
            "전용률":"--",
            "욕실수":100,
            "현관타입":100,
            "주거총점":72.0,
            "지역구공급총점":0.0,
            "역세권":"NA",
            "30분내 이동가능 거점":"NA",
            "1시간내 이동가능 거점":"NA",
            "교통총점":"NA",
            "백화점":0,
            "아울렛몰":0,
            "대형마트":80,
            "은행":0,
            "병원":60,
            "종합병원":100,
            "공원":80,
            "혐오시설":0,
            "인프라총점":40.4,
            "초등학군":90.0,
            "중학군":52.96,
            "학군총점":60.368,
            "인구수":20.81,
            "인구증감":-0.33,
            "인구총점":14.468,
            "일자리":12.26,
            "소득수준":61.51,
            "일자리총점":27.035,
            "가치 총점":56.452,
            "매매실거래년":20210828.0,
            "매매실거래가":55000.0,
            "전세실거래년":20200625.0,
            "전세실거래가":29500.0,
            "전세가율":84.29,
            "장기전세가율평균":78.41,
            "전세가율거품지수":-5.88,
            "검색코드":119337,
            "세대수":610.0,
            "준공년월":"2020-03-01",
            "준공년차":3.0,
            "가까운역이름":"NA",
            "가까운역거리":"NA",
            "역세권여부":"NA",
            "30분이내주요거점역":"NA",
            "30분거점역이름":"NA",
            "1시간이내주요거점역":"NA",
            "1시간거점역이름":"NA",
            "3km이내백화점수":0,
            "5km이내아울렛몰수":0,
            "1km이내대형먀트수":1,
            "500m이내은행수":0,
            "500m이내병원수":24,
            "5km이내대형병원수":3,
            "500m이내공원수":1,
            "3km이내혐오시설수":0,
            "초등학교학업성취도":90.0,
            "중학교학업성취도":85.6,
            "용적률":198,
            "건폐율":14,
            "Y":36.619056,
            "X":127.518539,
            "rank":9.0,
            "area_info":"32평(106.87), 32평(106.93), 32평(107.42), 32평(107.79), 32평(107.73), 32평(108.11)",
            "last_sales":"2021-08-28,55000.0,32평(108.11)",
            "rank_history":[
                [
                    "202203",
                    9
                ],
                [
                    "202202",
                    9
                ],
                [
                    "202201",
                    9
                ]
            ],
            "rank_gap":0
        },
        {
            "index":247,
            "아파트명":"건영",
            "투자타입":"일반",
            "전용면적(m2)":"106.73",
            "전용면적(평)":"32평",
            "법정동주소":"충청북도 청주시 상당구 용암동 2099",
            "도로명주소":"충청북도 청주시 상당구 중흥로 71",
            "세대수":90,
            "입주년차":20,
            "용적률점수":"--",
            "건폐율점수":"--",
            "세대당주차수":30,
            "난방방식":100,
            "공급면적":"--",
            "전용률":"--",
            "욕실수":100,
            "현관타입":100,
            "주거총점":70.0,
            "지역구공급총점":0.0,
            "역세권":"NA",
            "30분내 이동가능 거점":"NA",
            "1시간내 이동가능 거점":"NA",
            "교통총점":"NA",
            "백화점":0,
            "아울렛몰":0,
            "대형마트":80,
            "은행":0,
            "병원":60,
            "종합병원":100,
            "공원":100,
            "혐오시설":0,
            "인프라총점":41.0,
            "초등학군":90.01,
            "중학군":54.6,
            "학군총점":61.682,
            "인구수":20.81,
            "인구증감":-0.33,
            "인구총점":14.468,
            "일자리":12.26,
            "소득수준":61.51,
            "일자리총점":27.035,
            "가치 총점":56.3205,
            "매매실거래년":20211214.0,
            "매매실거래가":26000.0,
            "전세실거래년":20211204.0,
            "전세실거래가":19000.0,
            "전세가율":82.61,
            "장기전세가율평균":78.41,
            "전세가율거품지수":-4.2,
            "검색코드":7036,
            "세대수":1046.0,
            "준공년월":"1999-04-16",
            "준공년차":24.0,
            "가까운역이름":"NA",
            "가까운역거리":"NA",
            "역세권여부":"NA",
            "30분이내주요거점역":"NA",
            "30분거점역이름":"NA",
            "1시간이내주요거점역":"NA",
            "1시간거점역이름":"NA",
            "3km이내백화점수":0,
            "5km이내아울렛몰수":0,
            "1km이내대형먀트수":1,
            "500m이내은행수":1,
            "500m이내병원수":22,
            "5km이내대형병원수":4,
            "500m이내공원수":2,
            "3km이내혐오시설수":0,
            "초등학교학업성취도":90.01,
            "중학교학업성취도":89.2,
            "용적률":217,
            "건폐율":22,
            "Y":36.613132,
            "X":127.503927,
            "rank":10.0,
            "area_info":"32평(106.73), 36평(120.95), 48평(158.73)",
            "last_sales":"2021-12-14,26000.0,48평(158.73)",
            "rank_history":[
                [
                    "202203",
                    10
                ],
                [
                    "202202",
                    10
                ],
                [
                    "202201",
                    7
                ]
            ],
            "rank_gap":0
        },
        {
            "index":239,
            "아파트명":"우미린에듀파크2단지",
            "투자타입":"일반",
            "전용면적(m2)":"97.91",
            "전용면적(평)":"29평",
            "법정동주소":"충청북도 청주시 상당구 용담동 467",
            "도로명주소":"충청북도 청주시 상당구 수영로 359",
            "세대수":90,
            "입주년차":80,
            "용적률점수":"--",
            "건폐율점수":"--",
            "세대당주차수":60,
            "난방방식":30,
            "공급면적":"--",
            "전용률":"--",
            "욕실수":100,
            "현관타입":100,
            "주거총점":79.5,
            "지역구공급총점":0.0,
            "역세권":"NA",
            "30분내 이동가능 거점":"NA",
            "1시간내 이동가능 거점":"NA",
            "교통총점":"NA",
            "백화점":0,
            "아울렛몰":0,
            "대형마트":80,
            "은행":0,
            "병원":0,
            "종합병원":100,
            "공원":0,
            "혐오시설":0,
            "인프라총점":32.0,
            "초등학군":90.0,
            "중학군":50.6,
            "학군총점":58.48,
            "인구수":20.81,
            "인구증감":-0.33,
            "인구총점":14.468,
            "일자리":12.26,
            "소득수준":61.51,
            "일자리총점":27.035,
            "가치 총점":55.245,
            "매매실거래년":20220212.0,
            "매매실거래가":63000.0,
            "전세실거래년":20220204.0,
            "전세실거래가":21000.0,
            "전세가율":54.55,
            "장기전세가율평균":78.41,
            "전세가율거품지수":23.86,
            "검색코드":110558,
            "세대수":901.0,
            "준공년월":"2018-02-14",
            "준공년차":5.0,
            "가까운역이름":"NA",
            "가까운역거리":"NA",
            "역세권여부":"NA",
            "30분이내주요거점역":"NA",
            "30분거점역이름":"NA",
            "1시간이내주요거점역":"NA",
            "1시간거점역이름":"NA",
            "3km이내백화점수":0,
            "5km이내아울렛몰수":0,
            "1km이내대형먀트수":1,
            "500m이내은행수":0,
            "500m이내병원수":0,
            "5km이내대형병원수":5,
            "500m이내공원수":0,
            "3km이내혐오시설수":0,
            "초등학교학업성취도":90.0,
            "중학교학업성취도":83.4,
            "용적률":199,
            "건폐율":14,
            "Y":36.635723,
            "X":127.511691,
            "rank":11.0,
            "area_info":"29평(97.91), 33평(111.17), 33평(111.88), 33평(112.17), 33평(112.11), 42평(141.75)",
            "last_sales":"2022-02-12,63000.0,42평(141.75)",
            "rank_history":[
                [
                    "202203",
                    11
                ],
                [
                    "202202",
                    11
                ],
                [
                    "202201",
                    15
                ]
            ],
            "rank_gap":0
        },
        {
            "index":122,
            "아파트명":"청주하트리움리버파크",
            "투자타입":"일반",
            "전용면적(m2)":"112.93",
            "전용면적(평)":"34평",
            "법정동주소":"충청북도 청주시 상당구 방서동 655",
            "도로명주소":"충청북도 청주시 상당구 2순환로 2031",
            "세대수":50,
            "입주년차":100,
            "용적률점수":"--",
            "건폐율점수":"--",
            "세대당주차수":60,
            "난방방식":30,
            "공급면적":"--",
            "전용률":"--",
            "욕실수":100,
            "현관타입":100,
            "주거총점":69.5,
            "지역구공급총점":0.0,
            "역세권":"NA",
            "30분내 이동가능 거점":"NA",
            "1시간내 이동가능 거점":"NA",
            "교통총점":"NA",
            "백화점":0,
            "아울렛몰":0,
            "대형마트":80,
            "은행":0,
            "병원":10,
            "종합병원":100,
            "공원":100,
            "혐오시설":0,
            "인프라총점":36.0,
            "초등학군":89.99,
            "중학군":51.88,
            "학군총점":59.502,
            "인구수":20.81,
            "인구증감":-0.33,
            "인구총점":14.468,
            "일자리":12.26,
            "소득수준":61.51,
            "일자리총점":27.035,
            "가치 총점":53.6005,
            "매매실거래년":20220129.0,
            "매매실거래가":46800.0,
            "전세실거래년":20210929.0,
            "전세실거래가":38000.0,
            "전세가율":81.2,
            "장기전세가율평균":78.41,
            "전세가율거품지수":-2.79,
            "검색코드":115468,
            "세대수":600.0,
            "준공년월":"2019-01-24",
            "준공년차":4.0,
            "가까운역이름":"NA",
            "가까운역거리":"NA",
            "역세권여부":"NA",
            "30분이내주요거점역":"NA",
            "30분거점역이름":"NA",
            "1시간이내주요거점역":"NA",
            "1시간거점역이름":"NA",
            "3km이내백화점수":0,
            "5km이내아울렛몰수":0,
            "1km이내대형먀트수":1,
            "500m이내은행수":0,
            "500m이내병원수":3,
            "5km이내대형병원수":3,
            "500m이내공원수":4,
            "3km이내혐오시설수":0,
            "초등학교학업성취도":89.99,
            "중학교학업성취도":84.6,
            "용적률":225,
            "건폐율":17,
            "Y":36.59754,
            "X":127.500911,
            "rank":12.0,
            "area_info":"34평(112.93), 34평(113.57)",
            "last_sales":"2022-01-29,46800.0,34평(112.93)",
            "rank_history":[
                [
                    "202203",
                    12
                ],
                [
                    "202202",
                    12
                ],
                [
                    "202201",
                    11
                ]
            ],
            "rank_gap":0
        },
        {
            "index":332,
            "아파트명":"청주용정한라비발디1단지",
            "투자타입":"일반",
            "전용면적(m2)":"111.09",
            "전용면적(평)":"33평",
            "법정동주소":"충청북도 청주시 상당구 용정동 1116",
            "도로명주소":"충청북도 청주시 상당구 용정로 25",
            "세대수":50,
            "입주년차":60,
            "용적률점수":"--",
            "건폐율점수":"--",
            "세대당주차수":60,
            "난방방식":100,
            "공급면적":"--",
            "전용률":"--",
            "욕실수":100,
            "현관타입":100,
            "주거총점":68.5,
            "지역구공급총점":0.0,
            "역세권":"NA",
            "30분내 이동가능 거점":"NA",
            "1시간내 이동가능 거점":"NA",
            "교통총점":"NA",
            "백화점":0,
            "아울렛몰":0,
            "대형마트":80,
            "은행":0,
            "병원":10,
            "종합병원":100,
            "공원":100,
            "혐오시설":0,
            "인프라총점":36.0,
            "초등학군":90.01,
            "중학군":52.96,
            "학군총점":60.37,
            "인구수":20.81,
            "인구증감":-0.33,
            "인구총점":14.468,
            "일자리":12.26,
            "소득수준":61.51,
            "일자리총점":27.035,
            "가치 총점":53.4675,
            "매매실거래년":20220209.0,
            "매매실거래가":39500.0,
            "전세실거래년":20220208.0,
            "전세실거래가":29000.0,
            "전세가율":73.42,
            "장기전세가율평균":78.41,
            "전세가율거품지수":4.99,
            "검색코드":102703,
            "세대수":612.0,
            "준공년월":"2013-06-20",
            "준공년차":10.0,
            "가까운역이름":"NA",
            "가까운역거리":"NA",
            "역세권여부":"NA",
            "30분이내주요거점역":"NA",
            "30분거점역이름":"NA",
            "1시간이내주요거점역":"NA",
            "1시간거점역이름":"NA",
            "3km이내백화점수":0,
            "5km이내아울렛몰수":0,
            "1km이내대형먀트수":1,
            "500m이내은행수":0,
            "500m이내병원수":2,
            "5km이내대형병원수":4,
            "500m이내공원수":2,
            "3km이내혐오시설수":0,
            "초등학교학업성취도":90.01,
            "중학교학업성취도":85.6,
            "용적률":226,
            "건폐율":15,
            "Y":36.630227,
            "X":127.51574,
            "rank":13.0,
            "area_info":"33평(111.09), 33평(111.86), 33평(111.75), 39평(130.65), 39평(130.17), 39평(130.76), 51평(171.86)",
            "last_sales":"2022-02-09,39500.0,33평(111.09)",
            "rank_history":[
                [
                    "202203",
                    13
                ],
                [
                    "202202",
                    13
                ],
                [
                    "202201",
                    24
                ]
            ],
            "rank_gap":0
        },
        {
            "index":264,
            "아파트명":"동남힐데스하임(민간임대)",
            "투자타입":"일반",
            "전용면적(m2)":"107.95",
            "전용면적(평)":"32평",
            "법정동주소":"충청북도 청주시 상당구 용암동 동남택지개발지구 B-9블록",
            "도로명주소":"충청북도 청주시 상당구 월운로 116",
            "세대수":90,
            "입주년차":100,
            "용적률점수":"--",
            "건폐율점수":"--",
            "세대당주차수":30,
            "난방방식":100,
            "공급면적":"--",
            "전용률":"--",
            "욕실수":100,
            "현관타입":100,
            "주거총점":86.0,
            "지역구공급총점":0.0,
            "역세권":"NA",
            "30분내 이동가능 거점":"NA",
            "1시간내 이동가능 거점":"NA",
            "교통총점":"NA",
            "백화점":0,
            "아울렛몰":0,
            "대형마트":0,
            "은행":0,
            "병원":0,
            "종합병원":100,
            "공원":100,
            "혐오시설":0,
            "인프라총점":23.0,
            "초등학군":90.02,
            "중학군":47.98,
            "학군총점":56.388,
            "인구수":20.81,
            "인구증감":-0.33,
            "인구총점":14.468,
            "일자리":12.26,
            "소득수준":61.51,
            "일자리총점":27.035,
            "가치 총점":53.397,
            "매매실거래년":"18000101",
            "매매실거래가":null,
            "전세실거래년":20200904.0,
            "전세실거래가":31380.0,
            "전세가율":null,
            "장기전세가율평균":78.41,
            "전세가율거품지수":null,
            "검색코드":124868,
            "세대수":910.0,
            "준공년월":"2020-09-22",
            "준공년차":3.0,
            "가까운역이름":"NA",
            "가까운역거리":"NA",
            "역세권여부":"NA",
            "30분이내주요거점역":"NA",
            "30분거점역이름":"NA",
            "1시간이내주요거점역":"NA",
            "1시간거점역이름":"NA",
            "3km이내백화점수":0,
            "5km이내아울렛몰수":0,
            "1km이내대형먀트수":0,
            "500m이내은행수":0,
            "500m이내병원수":0,
            "5km이내대형병원수":2,
            "500m이내공원수":2,
            "3km이내혐오시설수":0,
            "초등학교학업성취도":90.02,
            "중학교학업성취도":78.9,
            "용적률":199,
            "건폐율":14,
            "Y":36.605005,
            "X":127.519063,
            "rank":14.0,
            "area_info":"32평(107.95), 32평(108.21), 32평(108.45)",
            "last_sales":"1800-01-01,nan,32평(107.95)",
            "rank_history":[
                [
                    "202203",
                    14
                ],
                [
                    "202202",
                    14
                ],
                [
                    "202201",
                    10
                ]
            ],
            "rank_gap":0
        },
        {
            "index":48,
            "아파트명":"청주금천센트럴파크스타힐스",
            "투자타입":"일반",
            "전용면적(m2)":"92.56",
            "전용면적(평)":"27평",
            "법정동주소":"충청북도 청주시 상당구 금천동 477",
            "도로명주소":"충청북도 청주시 상당구 쇠내로 48",
            "세대수":80,
            "입주년차":100,
            "용적률점수":"--",
            "건폐율점수":"--",
            "세대당주차수":60,
            "난방방식":30,
            "공급면적":"--",
            "전용률":"--",
            "욕실수":100,
            "현관타입":100,
            "주거총점":80.0,
            "지역구공급총점":0.0,
            "역세권":"NA",
            "30분내 이동가능 거점":"NA",
            "1시간내 이동가능 거점":"NA",
            "교통총점":"NA",
            "백화점":0,
            "아울렛몰":0,
            "대형마트":0,
            "은행":0,
            "병원":30,
            "종합병원":100,
            "공원":100,
            "혐오시설":0,
            "인프라총점":26.0,
            "초등학군":90.05,
            "중학군":49.82,
            "학군총점":57.866,
            "인구수":20.81,
            "인구증감":-0.33,
            "인구총점":14.468,
            "일자리":12.26,
            "소득수준":61.51,
            "일자리총점":27.035,
            "가치 총점":52.8665,
            "매매실거래년":20210219.0,
            "매매실거래가":31028.0,
            "전세실거래년":null,
            "전세실거래가":null,
            "전세가율":null,
            "장기전세가율평균":78.41,
            "전세가율거품지수":null,
            "검색코드":117643,
            "세대수":749.0,
            "준공년월":"2020-11-01",
            "준공년차":3.0,
            "가까운역이름":"NA",
            "가까운역거리":"NA",
            "역세권여부":"NA",
            "30분이내주요거점역":"NA",
            "30분거점역이름":"NA",
            "1시간이내주요거점역":"NA",
            "1시간거점역이름":"NA",
            "3km이내백화점수":0,
            "5km이내아울렛몰수":0,
            "1km이내대형먀트수":0,
            "500m이내은행수":0,
            "500m이내병원수":6,
            "5km이내대형병원수":4,
            "500m이내공원수":3,
            "3km이내혐오시설수":0,
            "초등학교학업성취도":90.05,
            "중학교학업성취도":81.7,
            "용적률":228,
            "건폐율":13,
            "Y":36.623973,
            "X":127.501205,
            "rank":15.0,
            "area_info":"27평(92.56), 27평(92.56), 31평(104.21), 31평(104.24), 34평(114.47), 34평(114.47)",
            "last_sales":"2021-02-19,31028.0,34평(114.47)",
            "rank_history":[
                [
                    "202203",
                    15
                ],
                [
                    "202202",
                    15
                ],
                [
                    "202201",
                    13
                ]
            ],
            "rank_gap":0
        },
        {
            "index":171,
            "아파트명":"청주행정타운코아루휴티스",
            "투자타입":"일반",
            "전용면적(m2)":"114.04",
            "전용면적(평)":"34평",
            "법정동주소":"충청북도 청주시 상당구 북문로3가 123",
            "도로명주소":"충청북도 청주시 상당구 중앙로 80",
            "세대수":50,
            "입주년차":100,
            "용적률점수":"--",
            "건폐율점수":"--",
            "세대당주차수":30,
            "난방방식":30,
            "공급면적":"--",
            "전용률":"--",
            "욕실수":100,
            "현관타입":100,
            "주거총점":65.0,
            "지역구공급총점":0.0,
            "역세권":"NA",
            "30분내 이동가능 거점":"NA",
            "1시간내 이동가능 거점":"NA",
            "교통총점":"NA",
            "백화점":0,
            "아울렛몰":0,
            "대형마트":100,
            "은행":20,
            "병원":30,
            "종합병원":100,
            "공원":80,
            "혐오시설":0,
            "인프라총점":42.4,
            "초등학군":89.96,
            "중학군":41.08,
            "학군총점":50.856,
            "인구수":20.81,
            "인구증감":-0.33,
            "인구총점":14.468,
            "일자리":12.26,
            "소득수준":61.51,
            "일자리총점":27.035,
            "가치 총점":52.424,
            "매매실거래년":20210228.0,
            "매매실거래가":30810.0,
            "전세실거래년":null,
            "전세실거래가":null,
            "전세가율":null,
            "장기전세가율평균":78.41,
            "전세가율거품지수":null,
            "검색코드":116747,
            "세대수":530.0,
            "준공년월":"2020-12-01",
            "준공년차":3.0,
            "가까운역이름":"NA",
            "가까운역거리":"NA",
            "역세권여부":"NA",
            "30분이내주요거점역":"NA",
            "30분거점역이름":"NA",
            "1시간이내주요거점역":"NA",
            "1시간거점역이름":"NA",
            "3km이내백화점수":0,
            "5km이내아울렛몰수":0,
            "1km이내대형먀트수":2,
            "500m이내은행수":2,
            "500m이내병원수":7,
            "5km이내대형병원수":5,
            "500m이내공원수":1,
            "3km이내혐오시설수":0,
            "초등학교학업성취도":89.96,
            "중학교학업성취도":68.0,
            "용적률":884,
            "건폐율":48,
            "Y":36.644101,
            "X":127.488737,
            "rank":16.0,
            "area_info":"34평(114.04), 35평(116.18)",
            "last_sales":"2021-02-28,30810.0,35평(116.18)",
            "rank_history":[
                [
                    "202203",
                    16
                ],
                [
                    "202202",
                    16
                ],
                [
                    "202201",
                    14
                ]
            ],
            "rank_gap":0
        },
        {
            "index":28,
            "아파트명":"장자마을2단지현대",
            "투자타입":"일반",
            "전용면적(m2)":"94.79",
            "전용면적(평)":"28평",
            "법정동주소":"충청북도 청주시 상당구 금천동 270",
            "도로명주소":"충청북도 청주시 상당구 수영로 328",
            "세대수":50,
            "입주년차":20,
            "용적률점수":"--",
            "건폐율점수":"--",
            "세대당주차수":30,
            "난방방식":100,
            "공급면적":"--",
            "전용률":"--",
            "욕실수":100,
            "현관타입":100,
            "주거총점":56.0,
            "지역구공급총점":0.0,
            "역세권":"NA",
            "30분내 이동가능 거점":"NA",
            "1시간내 이동가능 거점":"NA",
            "교통총점":"NA",
            "백화점":0,
            "아울렛몰":0,
            "대형마트":80,
            "은행":20,
            "병원":80,
            "종합병원":100,
            "공원":80,
            "혐오시설":0,
            "인프라총점":44.4,
            "초등학군":90.01,
            "중학군":50.6,
            "학군총점":58.482,
            "인구수":20.81,
            "인구증감":-0.33,
            "인구총점":14.468,
            "일자리":12.26,
            "소득수준":61.51,
            "일자리총점":27.035,
            "가치 총점":51.9805,
            "매매실거래년":20220212.0,
            "매매실거래가":26300.0,
            "전세실거래년":20220113.0,
            "전세실거래가":20000.0,
            "전세가율":91.74,
            "장기전세가율평균":78.41,
            "전세가율거품지수":-13.33,
            "검색코드":10306,
            "세대수":636.0,
            "준공년월":"2002-10-28",
            "준공년차":21.0,
            "가까운역이름":"NA",
            "가까운역거리":"NA",
            "역세권여부":"NA",
            "30분이내주요거점역":"NA",
            "30분거점역이름":"NA",
            "1시간이내주요거점역":"NA",
            "1시간거점역이름":"NA",
            "3km이내백화점수":0,
            "5km이내아울렛몰수":0,
            "1km이내대형먀트수":1,
            "500m이내은행수":2,
            "500m이내병원수":33,
            "5km이내대형병원수":4,
            "500m이내공원수":1,
            "3km이내혐오시설수":0,
            "초등학교학업성취도":90.01,
            "중학교학업성취도":83.4,
            "용적률":219,
            "건폐율":19,
            "Y":36.632052,
            "X":127.50914,
            "rank":17.0,
            "area_info":"28평(94.79), 32평(107.44), 33평(109.45)",
            "last_sales":"2022-02-12,26300.0,32평(107.44)",
            "rank_history":[
                [
                    "202203",
                    17
                ],
                [
                    "202202",
                    17
                ],
                [
                    "202201",
                    31
                ]
            ],
            "rank_gap":0
        },
        {
            "index":294,
            "아파트명":"중흥마을마이빌",
            "투자타입":"일반",
            "전용면적(m2)":"75.01",
            "전용면적(평)":"22평",
            "법정동주소":"충청북도 청주시 상당구 용암동 2537",
            "도로명주소":"충청북도 청주시 상당구 중흥로 148",
            "세대수":80,
            "입주년차":20,
            "용적률점수":"--",
            "건폐율점수":"--",
            "세대당주차수":0,
            "난방방식":30,
            "공급면적":"--",
            "전용률":"--",
            "욕실수":100,
            "현관타입":100,
            "주거총점":55.0,
            "지역구공급총점":0.0,
            "역세권":"NA",
            "30분내 이동가능 거점":"NA",
            "1시간내 이동가능 거점":"NA",
            "교통총점":"NA",
            "백화점":0,
            "아울렛몰":0,
            "대형마트":80,
            "은행":0,
            "병원":60,
            "종합병원":100,
            "공원":100,
            "혐오시설":0,
            "인프라총점":41.0,
            "초등학군":89.99,
            "중학군":54.6,
            "학군총점":61.678,
            "인구수":20.81,
            "인구증감":-0.33,
            "인구총점":14.468,
            "일자리":12.26,
            "소득수준":61.51,
            "일자리총점":27.035,
            "가치 총점":51.0695,
            "매매실거래년":20220125.0,
            "매매실거래가":18500.0,
            "전세실거래년":20220221.0,
            "전세실거래가":16500.0,
            "전세가율":89.19,
            "장기전세가율평균":78.41,
            "전세가율거품지수":-10.78,
            "검색코드":13516,
            "세대수":856.0,
            "준공년월":"2003-07-09",
            "준공년차":20.0,
            "가까운역이름":"NA",
            "가까운역거리":"NA",
            "역세권여부":"NA",
            "30분이내주요거점역":"NA",
            "30분거점역이름":"NA",
            "1시간이내주요거점역":"NA",
            "1시간거점역이름":"NA",
            "3km이내백화점수":0,
            "5km이내아울렛몰수":0,
            "1km이내대형먀트수":1,
            "500m이내은행수":0,
            "500m이내병원수":14,
            "5km이내대형병원수":4,
            "500m이내공원수":2,
            "3km이내혐오시설수":0,
            "초등학교학업성취도":89.99,
            "중학교학업성취도":89.2,
            "용적률":200,
            "건폐율":18,
            "Y":36.616877,
            "X":127.511472,
            "rank":18.0,
            "area_info":"22평(75.01), 22평(75.06), 22평(75.03), 22평(75.01)",
            "last_sales":"2022-01-25,18500.0,22평(75.01)",
            "rank_history":[
                [
                    "202203",
                    18
                ],
                [
                    "202202",
                    18
                ],
                [
                    "202201",
                    21
                ]
            ],
            "rank_gap":0
        },
        {
            "index":346,
            "아파트명":"LH청주탑동",
            "투자타입":"일반",
            "전용면적(m2)":"52.99",
            "전용면적(평)":"16평",
            "법정동주소":"충청북도 청주시 상당구 탑동 344",
            "도로명주소":"충청북도 청주시 상당구 산성로 55",
            "세대수":50,
            "입주년차":80,
            "용적률점수":"--",
            "건폐율점수":"--",
            "세대당주차수":60,
            "난방방식":30,
            "공급면적":"--",
            "전용률":"--",
            "욕실수":50,
            "현관타입":100,
            "주거총점":60.5,
            "지역구공급총점":0.0,
            "역세권":"NA",
            "30분내 이동가능 거점":"NA",
            "1시간내 이동가능 거점":"NA",
            "교통총점":"NA",
            "백화점":0,
            "아울렛몰":0,
            "대형마트":0,
            "은행":70,
            "병원":80,
            "종합병원":100,
            "공원":100,
            "혐오시설":0,
            "인프라총점":38.0,
            "초등학군":90.01,
            "중학군":49.82,
            "학군총점":57.858,
            "인구수":20.81,
            "인구증감":-0.33,
            "인구총점":14.468,
            "일자리":12.26,
            "소득수준":61.51,
            "일자리총점":27.035,
            "가치 총점":50.8395,
            "매매실거래년":20210812.0,
            "매매실거래가":28000.0,
            "전세실거래년":20210923.0,
            "전세실거래가":11000.0,
            "전세가율":93.22,
            "장기전세가율평균":78.41,
            "전세가율거품지수":-14.81,
            "검색코드":108053,
            "세대수":400.0,
            "준공년월":"2014-03-18",
            "준공년차":9.0,
            "가까운역이름":"NA",
            "가까운역거리":"NA",
            "역세권여부":"NA",
            "30분이내주요거점역":"NA",
            "30분거점역이름":"NA",
            "1시간이내주요거점역":"NA",
            "1시간거점역이름":"NA",
            "3km이내백화점수":0,
            "5km이내아울렛몰수":0,
            "1km이내대형먀트수":0,
            "500m이내은행수":3,
            "500m이내병원수":39,
            "5km이내대형병원수":4,
            "500m이내공원수":4,
            "3km이내혐오시설수":0,
            "초등학교학업성취도":90.01,
            "중학교학업성취도":81.7,
            "용적률":173,
            "건폐율":20,
            "Y":36.629902,
            "X":127.501282,
            "rank":19.0,
            "area_info":"16평(52.99), 24평(79.5), 34평(112.68), 34평(112.76), 34평(112.76)",
            "last_sales":"2021-08-12,28000.0,34평(112.76)",
            "rank_history":[
                [
                    "202203",
                    19
                ],
                [
                    "202202",
                    19
                ],
                [
                    "202201",
                    16
                ]
            ],
            "rank_gap":0
        },
        {
            "index":33,
            "아파트명":"장자마을6단지부영그린타운2차",
            "투자타입":"일반",
            "전용면적(m2)":"116.9",
            "전용면적(평)":"35평",
            "법정동주소":"충청북도 청주시 상당구 금천동 311",
            "도로명주소":"충청북도 청주시 상당구 수영로 294",
            "세대수":30,
            "입주년차":40,
            "용적률점수":"--",
            "건폐율점수":"--",
            "세대당주차수":30,
            "난방방식":100,
            "공급면적":"--",
            "전용률":"--",
            "욕실수":100,
            "현관타입":100,
            "주거총점":53.0,
            "지역구공급총점":0.0,
            "역세권":"NA",
            "30분내 이동가능 거점":"NA",
            "1시간내 이동가능 거점":"NA",
            "교통총점":"NA",
            "백화점":0,
            "아울렛몰":0,
            "대형마트":80,
            "은행":20,
            "병원":80,
            "종합병원":100,
            "공원":100,
            "혐오시설":0,
            "인프라총점":45.0,
            "초등학군":90.01,
            "중학군":47.96,
            "학군총점":56.37,
            "인구수":20.81,
            "인구증감":-0.33,
            "인구총점":14.468,
            "일자리":12.26,
            "소득수준":61.51,
            "일자리총점":27.035,
            "가치 총점":50.6425,
            "매매실거래년":20211211.0,
            "매매실거래가":28350.0,
            "전세실거래년":20220217.0,
            "전세실거래가":25500.0,
            "전세가율":89.95,
            "장기전세가율평균":78.41,
            "전세가율거품지수":-11.54,
            "검색코드":101024,
            "세대수":320.0,
            "준공년월":"2005-11-01",
            "준공년차":18.0,
            "가까운역이름":"NA",
            "가까운역거리":"NA",
            "역세권여부":"NA",
            "30분이내주요거점역":"NA",
            "30분거점역이름":"NA",
            "1시간이내주요거점역":"NA",
            "1시간거점역이름":"NA",
            "3km이내백화점수":0,
            "5km이내아울렛몰수":0,
            "1km이내대형먀트수":1,
            "500m이내은행수":2,
            "500m이내병원수":45,
            "5km이내대형병원수":4,
            "500m이내공원수":2,
            "3km이내혐오시설수":0,
            "초등학교학업성취도":90.01,
            "중학교학업성취도":79.0,
            "용적률":189,
            "건폐율":19,
            "Y":36.630024,
            "X":127.506748,
            "rank":20.0,
            "area_info":"35평(116.9)",
            "last_sales":"2021-12-11,28350.0,35평(116.9)",
            "rank_history":[
                [
                    "202203",
                    20
                ],
                [
                    "202202",
                    20
                ],
                [
                    "202201",
                    32
                ]
            ],
            "rank_gap":0
        },
        {
            "index":6,
            "아파트명":"금천우미린",
            "투자타입":"일반",
            "전용면적(m2)":"96.72",
            "전용면적(평)":"29평",
            "법정동주소":"충청북도 청주시 상당구 금천동 476",
            "도로명주소":"충청북도 청주시 상당구 꽃산동로 25",
            "세대수":30,
            "입주년차":80,
            "용적률점수":"--",
            "건폐율점수":"--",
            "세대당주차수":60,
            "난방방식":30,
            "공급면적":"--",
            "전용률":"--",
            "욕실수":100,
            "현관타입":100,
            "주거총점":58.5,
            "지역구공급총점":0.0,
            "역세권":"NA",
            "30분내 이동가능 거점":"NA",
            "1시간내 이동가능 거점":"NA",
            "교통총점":"NA",
            "백화점":0,
            "아울렛몰":0,
            "대형마트":100,
            "은행":0,
            "병원":30,
            "종합병원":100,
            "공원":0,
            "혐오시설":0,
            "인프라총점":38.0,
            "초등학군":90.01,
            "중학군":47.96,
            "학군총점":56.37,
            "인구수":20.81,
            "인구증감":-0.33,
            "인구총점":14.468,
            "일자리":12.26,
            "소득수준":61.51,
            "일자리총점":27.035,
            "가치 총점":49.7675,
            "매매실거래년":20220204.0,
            "매매실거래가":28000.0,
            "전세실거래년":20200613.0,
            "전세실거래가":18000.0,
            "전세가율":68.97,
            "장기전세가율평균":78.41,
            "전세가율거품지수":9.44,
            "검색코드":105569,
            "세대수":319.0,
            "준공년월":"2014-10-02",
            "준공년차":9.0,
            "가까운역이름":"NA",
            "가까운역거리":"NA",
            "역세권여부":"NA",
            "30분이내주요거점역":"NA",
            "30분거점역이름":"NA",
            "1시간이내주요거점역":"NA",
            "1시간거점역이름":"NA",
            "3km이내백화점수":0,
            "5km이내아울렛몰수":0,
            "1km이내대형먀트수":2,
            "500m이내은행수":0,
            "500m이내병원수":6,
            "5km이내대형병원수":4,
            "500m이내공원수":0,
            "3km이내혐오시설수":0,
            "초등학교학업성취도":90.01,
            "중학교학업성취도":79.0,
            "용적률":191,
            "건폐율":21,
            "Y":36.623988,
            "X":127.509481,
            "rank":21.0,
            "area_info":"29평(96.72), 29평(97.78), 33평(109.31), 33평(111.0)",
            "last_sales":"2022-02-04,28000.0,29평(97.78)",
            "rank_history":[
                [
                    "202203",
                    21
                ],
                [
                    "202202",
                    21
                ],
                [
                    "202201",
                    22
                ]
            ],
            "rank_gap":0
        },
        {
            "index":291,
            "아파트명":"중흥마을2단지부영",
            "투자타입":"일반",
            "전용면적(m2)":"113.02",
            "전용면적(평)":"34평",
            "법정동주소":"충청북도 청주시 상당구 용암동 2444",
            "도로명주소":"충청북도 청주시 상당구 중흥로 196",
            "세대수":50,
            "입주년차":20,
            "용적률점수":"--",
            "건폐율점수":"--",
            "세대당주차수":30,
            "난방방식":100,
            "공급면적":"--",
            "전용률":"--",
            "욕실수":100,
            "현관타입":100,
            "주거총점":56.0,
            "지역구공급총점":0.0,
            "역세권":"NA",
            "30분내 이동가능 거점":"NA",
            "1시간내 이동가능 거점":"NA",
            "교통총점":"NA",
            "백화점":0,
            "아울렛몰":0,
            "대형마트":80,
            "은행":0,
            "병원":60,
            "종합병원":100,
            "공원":80,
            "혐오시설":0,
            "인프라총점":40.4,
            "초등학군":90.01,
            "중학군":46.26,
            "학군총점":55.01,
            "인구수":20.81,
            "인구증감":-0.33,
            "인구총점":14.468,
            "일자리":12.26,
            "소득수준":61.51,
            "일자리총점":27.035,
            "가치 총점":49.5125,
            "매매실거래년":20220212.0,
            "매매실거래가":23500.0,
            "전세실거래년":20220225.0,
            "전세실거래가":22500.0,
            "전세가율":95.74,
            "장기전세가율평균":78.41,
            "전세가율거품지수":-17.33,
            "검색코드":22416,
            "세대수":620.0,
            "준공년월":"2001-09-18",
            "준공년차":22.0,
            "가까운역이름":"NA",
            "가까운역거리":"NA",
            "역세권여부":"NA",
            "30분이내주요거점역":"NA",
            "30분거점역이름":"NA",
            "1시간이내주요거점역":"NA",
            "1시간거점역이름":"NA",
            "3km이내백화점수":0,
            "5km이내아울렛몰수":0,
            "1km이내대형먀트수":1,
            "500m이내은행수":0,
            "500m이내병원수":23,
            "5km이내대형병원수":4,
            "500m이내공원수":1,
            "3km이내혐오시설수":0,
            "초등학교학업성취도":90.01,
            "중학교학업성취도":77.1,
            "용적률":214,
            "건폐율":20,
            "Y":36.619143,
            "X":127.514823,
            "rank":22.0,
            "area_info":"34평(113.02)",
            "last_sales":"2022-02-12,23500.0,34평(113.02)",
            "rank_history":[
                [
                    "202203",
                    22
                ],
                [
                    "202202",
                    22
                ],
                [
                    "202201",
                    25
                ]
            ],
            "rank_gap":0
        },
        {
            "index":327,
            "아파트명":"우미린에듀파크1단지",
            "투자타입":"일반",
            "전용면적(m2)":"107.9",
            "전용면적(평)":"32평",
            "법정동주소":"충청북도 청주시 상당구 용정동 1286",
            "도로명주소":"충청북도 청주시 상당구 수영로 360",
            "세대수":30,
            "입주년차":80,
            "용적률점수":"--",
            "건폐율점수":"--",
            "세대당주차수":60,
            "난방방식":30,
            "공급면적":"--",
            "전용률":"--",
            "욕실수":100,
            "현관타입":100,
            "주거총점":58.5,
            "지역구공급총점":0.0,
            "역세권":"NA",
            "30분내 이동가능 거점":"NA",
            "1시간내 이동가능 거점":"NA",
            "교통총점":"NA",
            "백화점":0,
            "아울렛몰":0,
            "대형마트":80,
            "은행":0,
            "병원":10,
            "종합병원":100,
            "공원":100,
            "혐오시설":0,
            "인프라총점":36.0,
            "초등학군":90.0,
            "중학군":50.6,
            "학군총점":58.48,
            "인구수":20.81,
            "인구증감":-0.33,
            "인구총점":14.468,
            "일자리":12.26,
            "소득수준":61.51,
            "일자리총점":27.035,
            "가치 총점":49.495,
            "매매실거래년":20211128.0,
            "매매실거래가":70500.0,
            "전세실거래년":20211215.0,
            "전세실거래가":30000.0,
            "전세가율":61.22,
            "장기전세가율평균":78.41,
            "전세가율거품지수":17.19,
            "검색코드":110482,
            "세대수":390.0,
            "준공년월":"2017-11-09",
            "준공년차":6.0,
            "가까운역이름":"NA",
            "가까운역거리":"NA",
            "역세권여부":"NA",
            "30분이내주요거점역":"NA",
            "30분거점역이름":"NA",
            "1시간이내주요거점역":"NA",
            "1시간거점역이름":"NA",
            "3km이내백화점수":0,
            "5km이내아울렛몰수":0,
            "1km이내대형먀트수":1,
            "500m이내은행수":0,
            "500m이내병원수":2,
            "5km이내대형병원수":4,
            "500m이내공원수":2,
            "3km이내혐오시설수":0,
            "초등학교학업성취도":90.0,
            "중학교학업성취도":83.4,
            "용적률":199,
            "건폐율":15,
            "Y":36.632536,
            "X":127.512789,
            "rank":23.0,
            "area_info":"32평(107.9), 32평(107.69), 32평(107.43), 42평(142.09), 49평(163.96)",
            "last_sales":"2021-11-28,70500.0,49평(163.96)",
            "rank_history":[
                [
                    "202203",
                    23
                ],
                [
                    "202202",
                    24
                ],
                [
                    "202201",
                    42
                ]
            ],
            "rank_gap":1
        },
        {
            "index":290,
            "아파트명":"중흥마을1단지부영",
            "투자타입":"일반",
            "전용면적(m2)":"77.23",
            "전용면적(평)":"23평",
            "법정동주소":"충청북도 청주시 상당구 용암동 2542",
            "도로명주소":"충청북도 청주시 상당구 중흥로 173",
            "세대수":80,
            "입주년차":20,
            "용적률점수":"--",
            "건폐율점수":"--",
            "세대당주차수":0,
            "난방방식":30,
            "공급면적":"--",
            "전용률":"--",
            "욕실수":100,
            "현관타입":100,
            "주거총점":55.0,
            "지역구공급총점":0.0,
            "역세권":"NA",
            "30분내 이동가능 거점":"NA",
            "1시간내 이동가능 거점":"NA",
            "교통총점":"NA",
            "백화점":0,
            "아울렛몰":0,
            "대형마트":80,
            "은행":0,
            "병원":60,
            "종합병원":100,
            "공원":100,
            "혐오시설":0,
            "인프라총점":41.0,
            "초등학군":89.99,
            "중학군":46.26,
            "학군총점":55.006,
            "인구수":20.81,
            "인구증감":-0.33,
            "인구총점":14.468,
            "일자리":12.26,
            "소득수준":61.51,
            "일자리총점":27.035,
            "가치 총점":49.4015,
            "매매실거래년":20220206.0,
            "매매실거래가":18000.0,
            "전세실거래년":20220220.0,
            "전세실거래가":18000.0,
            "전세가율":100.0,
            "장기전세가율평균":78.41,
            "전세가율거품지수":-21.59,
            "검색코드":19184,
            "세대수":752.0,
            "준공년월":"2003-09-23",
            "준공년차":20.0,
            "가까운역이름":"NA",
            "가까운역거리":"NA",
            "역세권여부":"NA",
            "30분이내주요거점역":"NA",
            "30분거점역이름":"NA",
            "1시간이내주요거점역":"NA",
            "1시간거점역이름":"NA",
            "3km이내백화점수":0,
            "5km이내아울렛몰수":0,
            "1km이내대형먀트수":1,
            "500m이내은행수":0,
            "500m이내병원수":17,
            "5km이내대형병원수":4,
            "500m이내공원수":2,
            "3km이내혐오시설수":0,
            "초등학교학업성취도":89.99,
            "중학교학업성취도":77.1,
            "용적률":217,
            "건폐율":19,
            "Y":36.619408,
            "X":127.51131,
            "rank":24.0,
            "area_info":"23평(77.23)",
            "last_sales":"2022-02-06,18000.0,23평(77.23)",
            "rank_history":[
                [
                    "202203",
                    24
                ],
                [
                    "202202",
                    23
                ],
                [
                    "202201",
                    21
                ]
            ],
            "rank_gap":-1
        },
        {
            "index":224,
            "아파트명":"가좌마을용담세영첼시빌",
            "투자타입":"일반",
            "전용면적(m2)":"119.43",
            "전용면적(평)":"36평",
            "법정동주소":"충청북도 청주시 상당구 용담동 421",
            "도로명주소":"충청북도 청주시 상당구 수영로 327",
            "세대수":50,
            "입주년차":40,
            "용적률점수":"--",
            "건폐율점수":"--",
            "세대당주차수":30,
            "난방방식":30,
            "공급면적":"--",
            "전용률":"--",
            "욕실수":100,
            "현관타입":100,
            "주거총점":53.0,
            "지역구공급총점":0.0,
            "역세권":"NA",
            "30분내 이동가능 거점":"NA",
            "1시간내 이동가능 거점":"NA",
            "교통총점":"NA",
            "백화점":0,
            "아울렛몰":0,
            "대형마트":80,
            "은행":0,
            "병원":80,
            "종합병원":100,
            "공원":0,
            "혐오시설":0,
            "인프라총점":40.0,
            "초등학군":90.0,
            "중학군":50.6,
            "학군총점":58.48,
            "인구수":20.81,
            "인구증감":-0.33,
            "인구총점":14.468,
            "일자리":12.26,
            "소득수준":61.51,
            "일자리총점":27.035,
            "가치 총점":49.17,
            "매매실거래년":20220209.0,
            "매매실거래가":38000.0,
            "전세실거래년":20220204.0,
            "전세실거래가":27500.0,
            "전세가율":77.46,
            "장기전세가율평균":78.41,
            "전세가율거품지수":0.95,
            "검색코드":25799,
            "세대수":568.0,
            "준공년월":"2005-01-05",
            "준공년차":18.0,
            "가까운역이름":"NA",
            "가까운역거리":"NA",
            "역세권여부":"NA",
            "30분이내주요거점역":"NA",
            "30분거점역이름":"NA",
            "1시간이내주요거점역":"NA",
            "1시간거점역이름":"NA",
            "3km이내백화점수":0,
            "5km이내아울렛몰수":0,
            "1km이내대형먀트수":1,
            "500m이내은행수":1,
            "500m이내병원수":33,
            "5km이내대형병원수":5,
            "500m이내공원수":0,
            "3km이내혐오시설수":0,
            "초등학교학업성취도":90.0,
            "중학교학업성취도":83.4,
            "용적률":213,
            "건폐율":20,
            "Y":36.633311,
            "X":127.508293,
            "rank":25.0,
            "area_info":"36평(119.43), 47평(155.99), 55평(184.54)",
            "last_sales":"2022-02-09,38000.0,55평(184.54)",
            "rank_history":[
                [
                    "202203",
                    25
                ],
                [
                    "202202",
                    25
                ],
                [
                    "202201",
                    47
                ]
            ],
            "rank_gap":0
        },
        {
            "index":34,
            "아파트명":"장자마을7단지부영",
            "투자타입":"일반",
            "전용면적(m2)":"74.25",
            "전용면적(평)":"22평",
            "법정동주소":"충청북도 청주시 상당구 금천동 275",
            "도로명주소":"충청북도 청주시 상당구 중고개로 288",
            "세대수":80,
            "입주년차":20,
            "용적률점수":"--",
            "건폐율점수":"--",
            "세대당주차수":0,
            "난방방식":100,
            "공급면적":"--",
            "전용률":"--",
            "욕실수":50,
            "현관타입":50,
            "주거총점":52.0,
            "지역구공급총점":0.0,
            "역세권":"NA",
            "30분내 이동가능 거점":"NA",
            "1시간내 이동가능 거점":"NA",
            "교통총점":"NA",
            "백화점":0,
            "아울렛몰":0,
            "대형마트":80,
            "은행":20,
            "병원":80,
            "종합병원":100,
            "공원":0,
            "혐오시설":0,
            "인프라총점":42.0,
            "초등학군":90.01,
            "중학군":47.96,
            "학군총점":56.37,
            "인구수":20.81,
            "인구증감":-0.33,
            "인구총점":14.468,
            "일자리":12.26,
            "소득수준":61.51,
            "일자리총점":27.035,
            "가치 총점":49.0925,
            "매매실거래년":20220126.0,
            "매매실거래가":14000.0,
            "전세실거래년":20220219.0,
            "전세실거래가":13000.0,
            "전세가율":92.86,
            "장기전세가율평균":78.41,
            "전세가율거품지수":-14.45,
            "검색코드":105393,
            "세대수":725.0,
            "준공년월":"2001-11-24",
            "준공년차":22.0,
            "가까운역이름":"NA",
            "가까운역거리":"NA",
            "역세권여부":"NA",
            "30분이내주요거점역":"NA",
            "30분거점역이름":"NA",
            "1시간이내주요거점역":"NA",
            "1시간거점역이름":"NA",
            "3km이내백화점수":0,
            "5km이내아울렛몰수":0,
            "1km이내대형먀트수":1,
            "500m이내은행수":2,
            "500m이내병원수":43,
            "5km이내대형병원수":4,
            "500m이내공원수":0,
            "3km이내혐오시설수":0,
            "초등학교학업성취도":90.01,
            "중학교학업성취도":79.0,
            "용적률":213,
            "건폐율":23,
            "Y":36.629275,
            "X":127.508799,
            "rank":26.0,
            "area_info":"22평(74.25), 25평(83.12)",
            "last_sales":"2022-01-26,14000.0,22평(74.25)",
            "rank_history":[
                [
                    "202203",
                    26
                ],
                [
                    "202202",
                    26
                ],
                [
                    "202201",
                    43
                ]
            ],
            "rank_gap":0
        },
        {
            "index":32,
            "아파트명":"장자마을5단지부영",
            "투자타입":"일반",
            "전용면적(m2)":"114.07",
            "전용면적(평)":"34평",
            "법정동주소":"충청북도 청주시 상당구 금천동 312",
            "도로명주소":"충청북도 청주시 상당구 수영로 306",
            "세대수":30,
            "입주년차":20,
            "용적률점수":"--",
            "건폐율점수":"--",
            "세대당주차수":30,
            "난방방식":100,
            "공급면적":"--",
            "전용률":"--",
            "욕실수":100,
            "현관타입":100,
            "주거총점":49.0,
            "지역구공급총점":0.0,
            "역세권":"NA",
            "30분내 이동가능 거점":"NA",
            "1시간내 이동가능 거점":"NA",
            "교통총점":"NA",
            "백화점":0,
            "아울렛몰":0,
            "대형마트":80,
            "은행":20,
            "병원":80,
            "종합병원":100,
            "공원":80,
            "혐오시설":0,
            "인프라총점":44.4,
            "초등학군":90.01,
            "중학군":47.96,
            "학군총점":56.37,
            "인구수":20.81,
            "인구증감":-0.33,
            "인구총점":14.468,
            "일자리":12.26,
            "소득수준":61.51,
            "일자리총점":27.035,
            "가치 총점":49.0025,
            "매매실거래년":20220112.0,
            "매매실거래가":22500.0,
            "전세실거래년":20220126.0,
            "전세실거래가":14000.0,
            "전세가율":62.22,
            "장기전세가율평균":78.41,
            "전세가율거품지수":16.19,
            "검색코드":101023,
            "세대수":379.0,
            "준공년월":"2003-04-21",
            "준공년차":20.0,
            "가까운역이름":"NA",
            "가까운역거리":"NA",
            "역세권여부":"NA",
            "30분이내주요거점역":"NA",
            "30분거점역이름":"NA",
            "1시간이내주요거점역":"NA",
            "1시간거점역이름":"NA",
            "3km이내백화점수":0,
            "5km이내아울렛몰수":0,
            "1km이내대형먀트수":1,
            "500m이내은행수":2,
            "500m이내병원수":44,
            "5km이내대형병원수":4,
            "500m이내공원수":1,
            "3km이내혐오시설수":0,
            "초등학교학업성취도":90.01,
            "중학교학업성취도":79.0,
            "용적률":203,
            "건폐율":18,
            "Y":36.630956,
            "X":127.507816,
            "rank":27.0,
            "area_info":"34평(114.07)",
            "last_sales":"2022-01-12,22500.0,34평(114.07)",
            "rank_history":[
                [
                    "202203",
                    27
                ],
                [
                    "202202",
                    27
                ],
                [
                    "202201",
                    39
                ]
            ],
            "rank_gap":0
        },
        {
            "index":54,
            "아파트명":"풍림",
            "투자타입":"재건축",
            "전용면적(m2)":"72.93",
            "전용면적(평)":"22평",
            "법정동주소":"충청북도 청주시 상당구 금천동 106-1",
            "도로명주소":"충청북도 청주시 상당구 꽃산동로 36",
            "세대수":30,
            "입주년차":"--",
            "용적률점수":60,
            "건폐율점수":80,
            "세대당주차수":"--",
            "난방방식":"--",
            "공급면적":50,
            "전용률":80,
            "욕실수":"--",
            "현관타입":"--",
            "주거총점":55.5,
            "지역구공급총점":0.0,
            "역세권":"NA",
            "30분내 이동가능 거점":"NA",
            "1시간내 이동가능 거점":"NA",
            "교통총점":"NA",
            "백화점":0,
            "아울렛몰":0,
            "대형마트":100,
            "은행":0,
            "병원":30,
            "종합병원":100,
            "공원":0,
            "혐오시설":0,
            "인프라총점":38.0,
            "초등학군":90.01,
            "중학군":47.96,
            "학군총점":56.37,
            "인구수":20.81,
            "인구증감":-0.33,
            "인구총점":14.468,
            "일자리":12.26,
            "소득수준":61.51,
            "일자리총점":27.035,
            "가치 총점":48.7175,
            "매매실거래년":20210903.0,
            "매매실거래가":15500.0,
            "전세실거래년":20210209.0,
            "전세실거래가":7000.0,
            "전세가율":100.0,
            "장기전세가율평균":78.41,
            "전세가율거품지수":-21.59,
            "검색코드":7007,
            "세대수":327.0,
            "준공년월":"1992-08-03",
            "준공년차":31.0,
            "가까운역이름":"NA",
            "가까운역거리":"NA",
            "역세권여부":"NA",
            "30분이내주요거점역":"NA",
            "30분거점역이름":"NA",
            "1시간이내주요거점역":"NA",
            "1시간거점역이름":"NA",
            "3km이내백화점수":0,
            "5km이내아울렛몰수":0,
            "1km이내대형먀트수":2,
            "500m이내은행수":0,
            "500m이내병원수":9,
            "5km이내대형병원수":4,
            "500m이내공원수":0,
            "3km이내혐오시설수":0,
            "초등학교학업성취도":90.01,
            "중학교학업성취도":79.0,
            "용적률":182,
            "건폐율":25,
            "Y":36.62431,
            "X":127.50762,
            "rank":28.0,
            "area_info":"22평(72.93), 31평(104.41), 49평(162.44)",
            "last_sales":"2021-09-03,15500.0,49평(162.44)",
            "rank_history":[
                [
                    "202203",
                    28
                ],
                [
                    "202202",
                    28
                ],
                [
                    "202201",
                    29
                ]
            ],
            "rank_gap":0
        },
        {
            "index":36,
            "아파트명":"장자마을8단지부영",
            "투자타입":"일반",
            "전용면적(m2)":"113.37",
            "전용면적(평)":"34평",
            "법정동주소":"충청북도 청주시 상당구 금천동 320",
            "도로명주소":"충청북도 청주시 상당구 호미로 261-1",
            "세대수":50,
            "입주년차":20,
            "용적률점수":"--",
            "건폐율점수":"--",
            "세대당주차수":30,
            "난방방식":100,
            "공급면적":"--",
            "전용률":"--",
            "욕실수":100,
            "현관타입":100,
            "주거총점":56.0,
            "지역구공급총점":0.0,
            "역세권":"NA",
            "30분내 이동가능 거점":"NA",
            "1시간내 이동가능 거점":"NA",
            "교통총점":"NA",
            "백화점":0,
            "아울렛몰":0,
            "대형마트":80,
            "은행":0,
            "병원":10,
            "종합병원":100,
            "공원":100,
            "혐오시설":0,
            "인프라총점":36.0,
            "초등학군":90.01,
            "중학군":50.6,
            "학군총점":58.482,
            "인구수":20.81,
            "인구증감":-0.33,
            "인구총점":14.468,
            "일자리":12.26,
            "소득수준":61.51,
            "일자리총점":27.035,
            "가치 총점":48.6205,
            "매매실거래년":20220222.0,
            "매매실거래가":23000.0,
            "전세실거래년":20220219.0,
            "전세실거래가":21000.0,
            "전세가율":91.3,
            "장기전세가율평균":78.41,
            "전세가율거품지수":-12.89,
            "검색코드":101184,
            "세대수":663.0,
            "준공년월":"2002-12-07",
            "준공년차":21.0,
            "가까운역이름":"NA",
            "가까운역거리":"NA",
            "역세권여부":"NA",
            "30분이내주요거점역":"NA",
            "30분거점역이름":"NA",
            "1시간이내주요거점역":"NA",
            "1시간거점역이름":"NA",
            "3km이내백화점수":0,
            "5km이내아울렛몰수":0,
            "1km이내대형먀트수":1,
            "500m이내은행수":0,
            "500m이내병원수":3,
            "5km이내대형병원수":4,
            "500m이내공원수":2,
            "3km이내혐오시설수":0,
            "초등학교학업성취도":90.01,
            "중학교학업성취도":83.4,
            "용적률":216,
            "건폐율":20,
            "Y":36.628747,
            "X":127.511755,
            "rank":29.0,
            "area_info":"34평(113.37)",
            "last_sales":"2022-02-22,23000.0,34평(113.37)",
            "rank_history":[
                [
                    "202203",
                    29
                ],
                [
                    "202202",
                    29
                ],
                [
                    "202201",
                    45
                ]
            ],
            "rank_gap":0
        },
        {
            "index":222,
            "아파트명":"가좌마을5단지부영",
            "투자타입":"일반",
            "전용면적(m2)":"113.63",
            "전용면적(평)":"34평",
            "법정동주소":"충청북도 청주시 상당구 용담동 418",
            "도로명주소":"충청북도 청주시 상당구 산성로116번길 23",
            "세대수":50,
            "입주년차":40,
            "용적률점수":"--",
            "건폐율점수":"--",
            "세대당주차수":30,
            "난방방식":100,
            "공급면적":"--",
            "전용률":"--",
            "욕실수":100,
            "현관타입":100,
            "주거총점":60.0,
            "지역구공급총점":0.0,
            "역세권":"NA",
            "30분내 이동가능 거점":"NA",
            "1시간내 이동가능 거점":"NA",
            "교통총점":"NA",
            "백화점":0,
            "아울렛몰":0,
            "대형마트":0,
            "은행":20,
            "병원":80,
            "종합병원":100,
            "공원":80,
            "혐오시설":0,
            "인프라총점":32.4,
            "초등학군":90.0,
            "중학군":50.6,
            "학군총점":58.48,
            "인구수":20.81,
            "인구증감":-0.33,
            "인구총점":14.468,
            "일자리":12.26,
            "소득수준":61.51,
            "일자리총점":27.035,
            "가치 총점":48.58,
            "매매실거래년":20220120.0,
            "매매실거래가":21000.0,
            "전세실거래년":20220114.0,
            "전세실거래가":21000.0,
            "전세가율":100.0,
            "장기전세가율평균":78.41,
            "전세가율거품지수":-21.59,
            "검색코드":100984,
            "세대수":437.0,
            "준공년월":"2004-06-24",
            "준공년차":19.0,
            "가까운역이름":"NA",
            "가까운역거리":"NA",
            "역세권여부":"NA",
            "30분이내주요거점역":"NA",
            "30분거점역이름":"NA",
            "1시간이내주요거점역":"NA",
            "1시간거점역이름":"NA",
            "3km이내백화점수":0,
            "5km이내아울렛몰수":0,
            "1km이내대형먀트수":0,
            "500m이내은행수":2,
            "500m이내병원수":45,
            "5km이내대형병원수":5,
            "500m이내공원수":1,
            "3km이내혐오시설수":0,
            "초등학교학업성취도":90.0,
            "중학교학업성취도":83.4,
            "용적률":219,
            "건폐율":18,
            "Y":36.63378,
            "X":127.506255,
            "rank":30.0,
            "area_info":"34평(113.63)",
            "last_sales":"2022-01-20,21000.0,34평(113.63)",
            "rank_history":[
                [
                    "202203",
                    30
                ],
                [
                    "202202",
                    30
                ],
                [
                    "202201",
                    20
                ]
            ],
            "rank_gap":0
        },
        {
            "index":284,
            "아파트명":"용암현대3차",
            "투자타입":"일반",
            "전용면적(m2)":"103.54",
            "전용면적(평)":"31평",
            "법정동주소":"충청북도 청주시 상당구 용암동 2096",
            "도로명주소":"충청북도 청주시 상당구 중흥로 70",
            "세대수":50,
            "입주년차":0,
            "용적률점수":"--",
            "건폐율점수":"--",
            "세대당주차수":0,
            "난방방식":100,
            "공급면적":"--",
            "전용률":"--",
            "욕실수":100,
            "현관타입":100,
            "주거총점":47.5,
            "지역구공급총점":0.0,
            "역세권":"NA",
            "30분내 이동가능 거점":"NA",
            "1시간내 이동가능 거점":"NA",
            "교통총점":"NA",
            "백화점":0,
            "아울렛몰":0,
            "대형마트":80,
            "은행":0,
            "병원":60,
            "종합병원":100,
            "공원":100,
            "혐오시설":0,
            "인프라총점":41.0,
            "초등학군":90.01,
            "중학군":54.6,
            "학군총점":61.682,
            "인구수":20.81,
            "인구증감":-0.33,
            "인구총점":14.468,
            "일자리":12.26,
            "소득수준":61.51,
            "일자리총점":27.035,
            "가치 총점":48.4455,
            "매매실거래년":20220218.0,
            "매매실거래가":27400.0,
            "전세실거래년":20220209.0,
            "전세실거래가":22500.0,
            "전세가율":111.39,
            "장기전세가율평균":78.41,
            "전세가율거품지수":-32.98,
            "검색코드":7052,
            "세대수":520.0,
            "준공년월":"1995-12-13",
            "준공년차":28.0,
            "가까운역이름":"NA",
            "가까운역거리":"NA",
            "역세권여부":"NA",
            "30분이내주요거점역":"NA",
            "30분거점역이름":"NA",
            "1시간이내주요거점역":"NA",
            "1시간거점역이름":"NA",
            "3km이내백화점수":0,
            "5km이내아울렛몰수":0,
            "1km이내대형먀트수":1,
            "500m이내은행수":1,
            "500m이내병원수":28,
            "5km이내대형병원수":4,
            "500m이내공원수":3,
            "3km이내혐오시설수":0,
            "초등학교학업성취도":90.01,
            "중학교학업성취도":89.2,
            "용적률":202,
            "건폐율":19,
            "Y":36.61145,
            "X":127.504709,
            "rank":31.0,
            "area_info":"31평(103.54), 36평(120.03), 47평(156.91)",
            "last_sales":"2022-02-18,27400.0,47평(156.91)",
            "rank_history":[
                [
                    "202203",
                    31
                ],
                [
                    "202202",
                    33
                ],
                [
                    "202201",
                    17
                ]
            ],
            "rank_gap":2
        },
        {
            "index":277,
            "아파트명":"용암세원한아름",
            "투자타입":"일반",
            "전용면적(m2)":"56.37",
            "전용면적(평)":"17평",
            "법정동주소":"충청북도 청주시 상당구 용암동 2064",
            "도로명주소":"충청북도 청주시 상당구 무농정로 90",
            "세대수":100,
            "입주년차":0,
            "용적률점수":"--",
            "건폐율점수":"--",
            "세대당주차수":0,
            "난방방식":30,
            "공급면적":"--",
            "전용률":"--",
            "욕실수":50,
            "현관타입":100,
            "주거총점":53.0,
            "지역구공급총점":0.0,
            "역세권":"NA",
            "30분내 이동가능 거점":"NA",
            "1시간내 이동가능 거점":"NA",
            "교통총점":"NA",
            "백화점":0,
            "아울렛몰":0,
            "대형마트":80,
            "은행":0,
            "병원":60,
            "종합병원":100,
            "공원":80,
            "혐오시설":0,
            "인프라총점":40.4,
            "초등학군":90.01,
            "중학군":45.82,
            "학군총점":54.658,
            "인구수":20.81,
            "인구증감":-0.33,
            "인구총점":14.468,
            "일자리":12.26,
            "소득수준":61.51,
            "일자리총점":27.035,
            "가치 총점":48.3745,
            "매매실거래년":20220218.0,
            "매매실거래가":14900.0,
            "전세실거래년":20220204.0,
            "전세실거래가":5775.0,
            "전세가율":70.43,
            "장기전세가율평균":78.41,
            "전세가율거품지수":7.98,
            "검색코드":7038,
            "세대수":1530.0,
            "준공년월":"1994-11-09",
            "준공년차":29.0,
            "가까운역이름":"NA",
            "가까운역거리":"NA",
            "역세권여부":"NA",
            "30분이내주요거점역":"NA",
            "30분거점역이름":"NA",
            "1시간이내주요거점역":"NA",
            "1시간거점역이름":"NA",
            "3km이내백화점수":0,
            "5km이내아울렛몰수":0,
            "1km이내대형먀트수":1,
            "500m이내은행수":0,
            "500m이내병원수":10,
            "5km이내대형병원수":4,
            "500m이내공원수":1,
            "3km이내혐오시설수":0,
            "초등학교학업성취도":90.01,
            "중학교학업성취도":75.9,
            "용적률":207,
            "건폐율":20,
            "Y":36.609679,
            "X":127.512221,
            "rank":32.0,
            "area_info":"17평(56.37), 22평(74.96)",
            "last_sales":"2022-02-18,14900.0,22평(74.96)",
            "rank_history":[
                [
                    "202203",
                    32
                ],
                [
                    "202202",
                    31
                ],
                [
                    "202201",
                    19
                ]
            ],
            "rank_gap":-1
        },
        {
            "index":287,
            "아파트명":"용암형석",
            "투자타입":"일반",
            "전용면적(m2)":"104.93",
            "전용면적(평)":"31평",
            "법정동주소":"충청북도 청주시 상당구 용암동 2088",
            "도로명주소":"충청북도 청주시 상당구 월평로 207",
            "세대수":50,
            "입주년차":0,
            "용적률점수":"--",
            "건폐율점수":"--",
            "세대당주차수":30,
            "난방방식":80,
            "공급면적":"--",
            "전용률":"--",
            "욕실수":100,
            "현관타입":100,
            "주거총점":50.0,
            "지역구공급총점":0.0,
            "역세권":"NA",
            "30분내 이동가능 거점":"NA",
            "1시간내 이동가능 거점":"NA",
            "교통총점":"NA",
            "백화점":0,
            "아울렛몰":0,
            "대형마트":80,
            "은행":0,
            "병원":80,
            "종합병원":100,
            "공원":100,
            "혐오시설":0,
            "인프라총점":43.0,
            "초등학군":90.0,
            "중학군":45.82,
            "학군총점":54.656,
            "인구수":20.81,
            "인구증감":-0.33,
            "인구총점":14.468,
            "일자리":12.26,
            "소득수준":61.51,
            "일자리총점":27.035,
            "가치 총점":48.364,
            "매매실거래년":20220212.0,
            "매매실거래가":20850.0,
            "전세실거래년":20220212.0,
            "전세실거래가":19000.0,
            "전세가율":91.13,
            "장기전세가율평균":78.41,
            "전세가율거품지수":-12.72,
            "검색코드":7161,
            "세대수":430.0,
            "준공년월":"1995-09-28",
            "준공년차":28.0,
            "가까운역이름":"NA",
            "가까운역거리":"NA",
            "역세권여부":"NA",
            "30분이내주요거점역":"NA",
            "30분거점역이름":"NA",
            "1시간이내주요거점역":"NA",
            "1시간거점역이름":"NA",
            "3km이내백화점수":0,
            "5km이내아울렛몰수":0,
            "1km이내대형먀트수":1,
            "500m이내은행수":1,
            "500m이내병원수":33,
            "5km이내대형병원수":4,
            "500m이내공원수":3,
            "3km이내혐오시설수":0,
            "초등학교학업성취도":90.0,
            "중학교학업성취도":75.9,
            "용적률":0,
            "건폐율":0,
            "Y":36.609264,
            "X":127.50773,
            "rank":33.0,
            "area_info":"31평(104.93)",
            "last_sales":"2022-02-12,20850.0,31평(104.93)",
            "rank_history":[
                [
                    "202203",
                    33
                ],
                [
                    "202202",
                    32
                ],
                [
                    "202201",
                    27
                ]
            ],
            "rank_gap":-1
        },
        {
            "index":31,
            "아파트명":"장자마을3단지부영",
            "투자타입":"일반",
            "전용면적(m2)":"106.32",
            "전용면적(평)":"32평",
            "법정동주소":"충청북도 청주시 상당구 금천동 324",
            "도로명주소":"충청북도 청주시 상당구 호미로 285",
            "세대수":30,
            "입주년차":20,
            "용적률점수":"--",
            "건폐율점수":"--",
            "세대당주차수":30,
            "난방방식":100,
            "공급면적":"--",
            "전용률":"--",
            "욕실수":100,
            "현관타입":100,
            "주거총점":49.0,
            "지역구공급총점":0.0,
            "역세권":"NA",
            "30분내 이동가능 거점":"NA",
            "1시간내 이동가능 거점":"NA",
            "교통총점":"NA",
            "백화점":0,
            "아울렛몰":0,
            "대형마트":80,
            "은행":0,
            "병원":60,
            "종합병원":100,
            "공원":80,
            "혐오시설":0,
            "인프라총점":40.4,
            "초등학군":90.01,
            "중학군":50.6,
            "학군총점":58.482,
            "인구수":20.81,
            "인구증감":-0.33,
            "인구총점":14.468,
            "일자리":12.26,
            "소득수준":61.51,
            "일자리총점":27.035,
            "가치 총점":47.9305,
            "매매실거래년":20220118.0,
            "매매실거래가":23000.0,
            "전세실거래년":20220127.0,
            "전세실거래가":20000.0,
            "전세가율":86.96,
            "장기전세가율평균":78.41,
            "전세가율거품지수":-8.55,
            "검색코드":22417,
            "세대수":378.0,
            "준공년월":"2003-09-08",
            "준공년차":20.0,
            "가까운역이름":"NA",
            "가까운역거리":"NA",
            "역세권여부":"NA",
            "30분이내주요거점역":"NA",
            "30분거점역이름":"NA",
            "1시간이내주요거점역":"NA",
            "1시간거점역이름":"NA",
            "3km이내백화점수":0,
            "5km이내아울렛몰수":0,
            "1km이내대형먀트수":1,
            "500m이내은행수":1,
            "500m이내병원수":26,
            "5km이내대형병원수":4,
            "500m이내공원수":1,
            "3km이내혐오시설수":0,
            "초등학교학업성취도":90.01,
            "중학교학업성취도":83.4,
            "용적률":200,
            "건폐율":17,
            "Y":36.631043,
            "X":127.510058,
            "rank":34.0,
            "area_info":"32평(106.32)",
            "last_sales":"2022-01-18,23000.0,32평(106.32)",
            "rank_history":[
                [
                    "202203",
                    34
                ],
                [
                    "202202",
                    34
                ],
                [
                    "202201",
                    50
                ]
            ],
            "rank_gap":0
        },
        {
            "index":293,
            "아파트명":"중흥마을6단지부영",
            "투자타입":"일반",
            "전용면적(m2)":"113.96",
            "전용면적(평)":"34평",
            "법정동주소":"충청북도 청주시 상당구 용암동 2433",
            "도로명주소":"충청북도 청주시 상당구 중흥로 146",
            "세대수":50,
            "입주년차":20,
            "용적률점수":"--",
            "건폐율점수":"--",
            "세대당주차수":30,
            "난방방식":30,
            "공급면적":"--",
            "전용률":"--",
            "욕실수":100,
            "현관타입":100,
            "주거총점":49.0,
            "지역구공급총점":0.0,
            "역세권":"NA",
            "30분내 이동가능 거점":"NA",
            "1시간내 이동가능 거점":"NA",
            "교통총점":"NA",
            "백화점":0,
            "아울렛몰":0,
            "대형마트":80,
            "은행":0,
            "병원":30,
            "종합병원":100,
            "공원":100,
            "혐오시설":0,
            "인프라총점":38.0,
            "초등학군":89.99,
            "중학군":54.6,
            "학군총점":61.678,
            "인구수":20.81,
            "인구증감":-0.33,
            "인구총점":14.468,
            "일자리":12.26,
            "소득수준":61.51,
            "일자리총점":27.035,
            "가치 총점":47.7695,
            "매매실거래년":20220105.0,
            "매매실거래가":22500.0,
            "전세실거래년":20220117.0,
            "전세실거래가":22000.0,
            "전세가율":97.78,
            "장기전세가율평균":78.41,
            "전세가율거품지수":-19.37,
            "검색코드":17234,
            "세대수":557.0,
            "준공년월":"2001-11-24",
            "준공년차":22.0,
            "가까운역이름":"NA",
            "가까운역거리":"NA",
            "역세권여부":"NA",
            "30분이내주요거점역":"NA",
            "30분거점역이름":"NA",
            "1시간이내주요거점역":"NA",
            "1시간거점역이름":"NA",
            "3km이내백화점수":0,
            "5km이내아울렛몰수":0,
            "1km이내대형먀트수":1,
            "500m이내은행수":0,
            "500m이내병원수":7,
            "5km이내대형병원수":4,
            "500m이내공원수":2,
            "3km이내혐오시설수":0,
            "초등학교학업성취도":89.99,
            "중학교학업성취도":89.2,
            "용적률":210,
            "건폐율":21,
            "Y":36.615927,
            "X":127.510572,
            "rank":35.0,
            "area_info":"34평(113.96)",
            "last_sales":"2022-01-05,22500.0,34평(113.96)",
            "rank_history":[
                [
                    "202203",
                    35
                ],
                [
                    "202202",
                    35
                ],
                [
                    "202201",
                    26
                ]
            ],
            "rank_gap":0
        },
        {
            "index":223,
            "아파트명":"가좌마을부영그린타운1차",
            "투자타입":"일반",
            "전용면적(m2)":"106.03",
            "전용면적(평)":"32평",
            "법정동주소":"충청북도 청주시 상당구 용담동 423",
            "도로명주소":"충청북도 청주시 상당구 호미로 317",
            "세대수":30,
            "입주년차":20,
            "용적률점수":"--",
            "건폐율점수":"--",
            "세대당주차수":30,
            "난방방식":100,
            "공급면적":"--",
            "전용률":"--",
            "욕실수":100,
            "현관타입":100,
            "주거총점":49.0,
            "지역구공급총점":0.0,
            "역세권":"NA",
            "30분내 이동가능 거점":"NA",
            "1시간내 이동가능 거점":"NA",
            "교통총점":"NA",
            "백화점":0,
            "아울렛몰":0,
            "대형마트":80,
            "은행":0,
            "병원":60,
            "종합병원":100,
            "공원":0,
            "혐오시설":0,
            "인프라총점":38.0,
            "초등학군":90.0,
            "중학군":50.6,
            "학군총점":58.48,
            "인구수":20.81,
            "인구증감":-0.33,
            "인구총점":14.468,
            "일자리":12.26,
            "소득수준":61.51,
            "일자리총점":27.035,
            "가치 총점":46.97,
            "매매실거래년":20220115.0,
            "매매실거래가":26700.0,
            "전세실거래년":20211229.0,
            "전세실거래가":21000.0,
            "전세가율":78.65,
            "장기전세가율평균":78.41,
            "전세가율거품지수":-0.24,
            "검색코드":13463,
            "세대수":380.0,
            "준공년월":"2003-07-29",
            "준공년차":20.0,
            "가까운역이름":"NA",
            "가까운역거리":"NA",
            "역세권여부":"NA",
            "30분이내주요거점역":"NA",
            "30분거점역이름":"NA",
            "1시간이내주요거점역":"NA",
            "1시간거점역이름":"NA",
            "3km이내백화점수":0,
            "5km이내아울렛몰수":0,
            "1km이내대형먀트수":1,
            "500m이내은행수":0,
            "500m이내병원수":12,
            "5km이내대형병원수":5,
            "500m이내공원수":0,
            "3km이내혐오시설수":0,
            "초등학교학업성취도":90.0,
            "중학교학업성취도":83.4,
            "용적률":209,
            "건폐율":18,
            "Y":36.634401,
            "X":127.508241,
            "rank":36.0,
            "area_info":"32평(106.03)",
            "last_sales":"2022-01-15,26700.0,32평(106.03)",
            "rank_history":[
                [
                    "202203",
                    36
                ],
                [
                    "202202",
                    37
                ],
                [
                    "202201",
                    59
                ]
            ],
            "rank_gap":1
        },
        {
            "index":360,
            "아파트명":"현대",
            "투자타입":"재건축",
            "전용면적(m2)":"83.95",
            "전용면적(평)":"25평",
            "법정동주소":"충청북도 청주시 상당구 탑동 44",
            "도로명주소":"충청북도 청주시 상당구 탑동로 78",
            "세대수":50,
            "입주년차":"--",
            "용적률점수":20,
            "건폐율점수":100,
            "세대당주차수":"--",
            "난방방식":"--",
            "공급면적":70,
            "전용률":80,
            "욕실수":"--",
            "현관타입":"--",
            "주거총점":50.5,
            "지역구공급총점":0.0,
            "역세권":"NA",
            "30분내 이동가능 거점":"NA",
            "1시간내 이동가능 거점":"NA",
            "교통총점":"NA",
            "백화점":0,
            "아울렛몰":0,
            "대형마트":0,
            "은행":70,
            "병원":80,
            "종합병원":100,
            "공원":100,
            "혐오시설":0,
            "인프라총점":38.0,
            "초등학군":89.99,
            "중학군":47.96,
            "학군총점":56.366,
            "인구수":20.81,
            "인구증감":-0.33,
            "인구총점":14.468,
            "일자리":12.26,
            "소득수준":61.51,
            "일자리총점":27.035,
            "가치 총점":46.9665,
            "매매실거래년":20220214.0,
            "매매실거래가":15300.0,
            "전세실거래년":20211229.0,
            "전세실거래가":11000.0,
            "전세가율":71.9,
            "장기전세가율평균":78.41,
            "전세가율거품지수":6.51,
            "검색코드":7470,
            "세대수":485.0,
            "준공년월":"1991-04-01",
            "준공년차":32.0,
            "가까운역이름":"NA",
            "가까운역거리":"NA",
            "역세권여부":"NA",
            "30분이내주요거점역":"NA",
            "30분거점역이름":"NA",
            "1시간이내주요거점역":"NA",
            "1시간거점역이름":"NA",
            "3km이내백화점수":0,
            "5km이내아울렛몰수":0,
            "1km이내대형먀트수":0,
            "500m이내은행수":3,
            "500m이내병원수":49,
            "5km이내대형병원수":5,
            "500m이내공원수":3,
            "3km이내혐오시설수":0,
            "초등학교학업성취도":89.99,
            "중학교학업성취도":79.0,
            "용적률":207,
            "건폐율":17,
            "Y":36.631411,
            "X":127.502189,
            "rank":37.0,
            "area_info":"25평(83.95), 30평(100.18)",
            "last_sales":"2022-02-14,15300.0,30평(100.18)",
            "rank_history":[
                [
                    "202203",
                    37
                ],
                [
                    "202202",
                    36
                ],
                [
                    "202201",
                    30
                ]
            ],
            "rank_gap":-1
        },
        {
            "index":279,
            "아파트명":"용암현대",
            "투자타입":"일반",
            "전용면적(m2)":"103.16",
            "전용면적(평)":"31평",
            "법정동주소":"충청북도 청주시 상당구 용암동 2089",
            "도로명주소":"충청북도 청주시 상당구 용암로 23",
            "세대수":50,
            "입주년차":0,
            "용적률점수":"--",
            "건폐율점수":"--",
            "세대당주차수":0,
            "난방방식":80,
            "공급면적":"--",
            "전용률":"--",
            "욕실수":100,
            "현관타입":100,
            "주거총점":45.5,
            "지역구공급총점":0.0,
            "역세권":"NA",
            "30분내 이동가능 거점":"NA",
            "1시간내 이동가능 거점":"NA",
            "교통총점":"NA",
            "백화점":0,
            "아울렛몰":0,
            "대형마트":80,
            "은행":0,
            "병원":80,
            "종합병원":100,
            "공원":100,
            "혐오시설":0,
            "인프라총점":43.0,
            "초등학군":90.01,
            "중학군":45.82,
            "학군총점":54.658,
            "인구수":20.81,
            "인구증감":-0.33,
            "인구총점":14.468,
            "일자리":12.26,
            "소득수준":61.51,
            "일자리총점":27.035,
            "가치 총점":46.7895,
            "매매실거래년":20220126.0,
            "매매실거래가":21600.0,
            "전세실거래년":20220118.0,
            "전세실거래가":20000.0,
            "전세가율":92.59,
            "장기전세가율평균":78.41,
            "전세가율거품지수":-14.18,
            "검색코드":7160,
            "세대수":476.0,
            "준공년월":"1995-10-12",
            "준공년차":28.0,
            "가까운역이름":"NA",
            "가까운역거리":"NA",
            "역세권여부":"NA",
            "30분이내주요거점역":"NA",
            "30분거점역이름":"NA",
            "1시간이내주요거점역":"NA",
            "1시간거점역이름":"NA",
            "3km이내백화점수":0,
            "5km이내아울렛몰수":0,
            "1km이내대형먀트수":1,
            "500m이내은행수":1,
            "500m이내병원수":33,
            "5km이내대형병원수":4,
            "500m이내공원수":2,
            "3km이내혐오시설수":0,
            "초등학교학업성취도":90.01,
            "중학교학업성취도":75.9,
            "용적률":224,
            "건폐율":21,
            "Y":36.610314,
            "X":127.508841,
            "rank":38.0,
            "area_info":"31평(103.16)",
            "last_sales":"2022-01-26,21600.0,31평(103.16)",
            "rank_history":[
                [
                    "202203",
                    38
                ],
                [
                    "202202",
                    38
                ],
                [
                    "202201",
                    28
                ]
            ],
            "rank_gap":0
        },
        {
            "index":26,
            "아파트명":"장자마을10단지부영",
            "투자타입":"일반",
            "전용면적(m2)":"106.25",
            "전용면적(평)":"32평",
            "법정동주소":"충청북도 청주시 상당구 금천동 318",
            "도로명주소":"충청북도 청주시 상당구 호미로233번길 74",
            "세대수":30,
            "입주년차":20,
            "용적률점수":"--",
            "건폐율점수":"--",
            "세대당주차수":30,
            "난방방식":100,
            "공급면적":"--",
            "전용률":"--",
            "욕실수":100,
            "현관타입":100,
            "주거총점":49.0,
            "지역구공급총점":0.0,
            "역세권":"NA",
            "30분내 이동가능 거점":"NA",
            "1시간내 이동가능 거점":"NA",
            "교통총점":"NA",
            "백화점":0,
            "아울렛몰":0,
            "대형마트":100,
            "은행":0,
            "병원":30,
            "종합병원":100,
            "공원":0,
            "혐오시설":0,
            "인프라총점":38.0,
            "초등학군":90.01,
            "중학군":47.96,
            "학군총점":56.37,
            "인구수":20.81,
            "인구증감":-0.33,
            "인구총점":14.468,
            "일자리":12.26,
            "소득수준":61.51,
            "일자리총점":27.035,
            "가치 총점":46.4425,
            "매매실거래년":20220203.0,
            "매매실거래가":20300.0,
            "전세실거래년":20220220.0,
            "전세실거래가":16800.0,
            "전세가율":82.76,
            "장기전세가율평균":78.41,
            "전세가율거품지수":-4.35,
            "검색코드":101185,
            "세대수":330.0,
            "준공년월":"2002-08-05",
            "준공년차":21.0,
            "가까운역이름":"NA",
            "가까운역거리":"NA",
            "역세권여부":"NA",
            "30분이내주요거점역":"NA",
            "30분거점역이름":"NA",
            "1시간이내주요거점역":"NA",
            "1시간거점역이름":"NA",
            "3km이내백화점수":0,
            "5km이내아울렛몰수":0,
            "1km이내대형먀트수":2,
            "500m이내은행수":1,
            "500m이내병원수":9,
            "5km이내대형병원수":4,
            "500m이내공원수":0,
            "3km이내혐오시설수":0,
            "초등학교학업성취도":90.01,
            "중학교학업성취도":79.0,
            "용적률":216,
            "건폐율":22,
            "Y":36.627396,
            "X":127.509963,
            "rank":39.0,
            "area_info":"32평(106.25)",
            "last_sales":"2022-02-03,20300.0,32평(106.25)",
            "rank_history":[
                [
                    "202203",
                    39
                ],
                [
                    "202202",
                    39
                ],
                [
                    "202201",
                    36
                ]
            ],
            "rank_gap":0
        },
        {
            "index":292,
            "아파트명":"중흥마을3단지부영그린타운",
            "투자타입":"일반",
            "전용면적(m2)":"117.11",
            "전용면적(평)":"35평",
            "법정동주소":"충청북도 청주시 상당구 용암동 2540",
            "도로명주소":"충청북도 청주시 상당구 중흥로 178",
            "세대수":30,
            "입주년차":40,
            "용적률점수":"--",
            "건폐율점수":"--",
            "세대당주차수":30,
            "난방방식":30,
            "공급면적":"--",
            "전용률":"--",
            "욕실수":100,
            "현관타입":100,
            "주거총점":46.0,
            "지역구공급총점":0.0,
            "역세권":"NA",
            "30분내 이동가능 거점":"NA",
            "1시간내 이동가능 거점":"NA",
            "교통총점":"NA",
            "백화점":0,
            "아울렛몰":0,
            "대형마트":80,
            "은행":0,
            "병원":60,
            "종합병원":100,
            "공원":100,
            "혐오시설":0,
            "인프라총점":41.0,
            "초등학군":89.99,
            "중학군":46.26,
            "학군총점":55.006,
            "인구수":20.81,
            "인구증감":-0.33,
            "인구총점":14.468,
            "일자리":12.26,
            "소득수준":61.51,
            "일자리총점":27.035,
            "가치 총점":46.2515,
            "매매실거래년":20220124.0,
            "매매실거래가":25800.0,
            "전세실거래년":20220121.0,
            "전세실거래가":15750.0,
            "전세가율":61.05,
            "장기전세가율평균":78.41,
            "전세가율거품지수":17.36,
            "검색코드":100592,
            "세대수":326.0,
            "준공년월":"2005-11-16",
            "준공년차":18.0,
            "가까운역이름":"NA",
            "가까운역거리":"NA",
            "역세권여부":"NA",
            "30분이내주요거점역":"NA",
            "30분거점역이름":"NA",
            "1시간이내주요거점역":"NA",
            "1시간거점역이름":"NA",
            "3km이내백화점수":0,
            "5km이내아울렛몰수":0,
            "1km이내대형먀트수":1,
            "500m이내은행수":0,
            "500m이내병원수":24,
            "5km이내대형병원수":4,
            "500m이내공원수":2,
            "3km이내혐오시설수":0,
            "초등학교학업성취도":89.99,
            "중학교학업성취도":77.1,
            "용적률":185,
            "건폐율":18,
            "Y":36.618408,
            "X":127.513486,
            "rank":40.0,
            "area_info":"35평(117.11)",
            "last_sales":"2022-01-24,25800.0,35평(117.11)",
            "rank_history":[
                [
                    "202203",
                    40
                ],
                [
                    "202202",
                    40
                ],
                [
                    "202201",
                    34
                ]
            ],
            "rank_gap":0
        },
        {
            "index":275,
            "아파트명":"용암서희스타힐스",
            "투자타입":"일반",
            "전용면적(m2)":"83.42",
            "전용면적(평)":"25평",
            "법정동주소":"충청북도 청주시 상당구 용암동 2953",
            "도로명주소":"충청북도 청주시 상당구 단재로196번길 9",
            "세대수":30,
            "입주년차":80,
            "용적률점수":"--",
            "건폐율점수":"--",
            "세대당주차수":30,
            "난방방식":30,
            "공급면적":"--",
            "전용률":"--",
            "욕실수":100,
            "현관타입":100,
            "주거총점":54.0,
            "지역구공급총점":0.0,
            "역세권":"NA",
            "30분내 이동가능 거점":"NA",
            "1시간내 이동가능 거점":"NA",
            "교통총점":"NA",
            "백화점":0,
            "아울렛몰":0,
            "대형마트":0,
            "은행":0,
            "병원":60,
            "종합병원":100,
            "공원":100,
            "혐오시설":0,
            "인프라총점":29.0,
            "초등학군":90.01,
            "중학군":54.6,
            "학군총점":61.682,
            "인구수":20.81,
            "인구증감":-0.33,
            "인구총점":14.468,
            "일자리":12.26,
            "소득수준":61.51,
            "일자리총점":27.035,
            "가치 총점":45.9205,
            "매매실거래년":20220224.0,
            "매매실거래가":27800.0,
            "전세실거래년":20210220.0,
            "전세실거래가":15750.0,
            "전세가율":56.25,
            "장기전세가율평균":78.41,
            "전세가율거품지수":22.16,
            "검색코드":121969,
            "세대수":318.0,
            "준공년월":"2018-11-19",
            "준공년차":5.0,
            "가까운역이름":"NA",
            "가까운역거리":"NA",
            "역세권여부":"NA",
            "30분이내주요거점역":"NA",
            "30분거점역이름":"NA",
            "1시간이내주요거점역":"NA",
            "1시간거점역이름":"NA",
            "3km이내백화점수":0,
            "5km이내아울렛몰수":0,
            "1km이내대형먀트수":0,
            "500m이내은행수":1,
            "500m이내병원수":11,
            "5km이내대형병원수":4,
            "500m이내공원수":3,
            "3km이내혐오시설수":0,
            "초등학교학업성취도":90.01,
            "중학교학업성취도":89.2,
            "용적률":229,
            "건폐율":16,
            "Y":36.61281,
            "X":127.499757,
            "rank":41.0,
            "area_info":"25평(83.42), 25평(83.93)",
            "last_sales":"2022-02-24,27800.0,25평(83.93)",
            "rank_history":[
                [
                    "202203",
                    41
                ],
                [
                    "202202",
                    41
                ],
                [
                    "202201",
                    18
                ]
            ],
            "rank_gap":0
        },
        {
            "index":231,
            "아파트명":"용담가좌마을e-편한세상",
            "투자타입":"일반",
            "전용면적(m2)":"130.14",
            "전용면적(평)":"39평",
            "법정동주소":"충청북도 청주시 상당구 용담동 436",
            "도로명주소":"충청북도 청주시 상당구 호미로 330",
            "세대수":50,
            "입주년차":40,
            "용적률점수":"--",
            "건폐율점수":"--",
            "세대당주차수":60,
            "난방방식":100,
            "공급면적":"--",
            "전용률":"--",
            "욕실수":100,
            "현관타입":100,
            "주거총점":64.5,
            "지역구공급총점":0.0,
            "역세권":"NA",
            "30분내 이동가능 거점":"NA",
            "1시간내 이동가능 거점":"NA",
            "교통총점":"NA",
            "백화점":0,
            "아울렛몰":0,
            "대형마트":0,
            "은행":0,
            "병원":0,
            "종합병원":100,
            "공원":0,
            "혐오시설":0,
            "인프라총점":20.0,
            "초등학군":90.0,
            "중학군":50.6,
            "학군총점":58.48,
            "인구수":20.81,
            "인구증감":-0.33,
            "인구총점":14.468,
            "일자리":12.26,
            "소득수준":61.51,
            "일자리총점":27.035,
            "가치 총점":45.195,
            "매매실거래년":20220114.0,
            "매매실거래가":47000.0,
            "전세실거래년":20211125.0,
            "전세실거래가":32000.0,
            "전세가율":89.39,
            "장기전세가율평균":78.41,
            "전세가율거품지수":-10.98,
            "검색코드":11871,
            "세대수":421.0,
            "준공년월":"2004-10-25",
            "준공년차":19.0,
            "가까운역이름":"NA",
            "가까운역거리":"NA",
            "역세권여부":"NA",
            "30분이내주요거점역":"NA",
            "30분거점역이름":"NA",
            "1시간이내주요거점역":"NA",
            "1시간거점역이름":"NA",
            "3km이내백화점수":0,
            "5km이내아울렛몰수":0,
            "1km이내대형먀트수":0,
            "500m이내은행수":0,
            "500m이내병원수":0,
            "5km이내대형병원수":5,
            "500m이내공원수":0,
            "3km이내혐오시설수":0,
            "초등학교학업성취도":90.0,
            "중학교학업성취도":83.4,
            "용적률":219,
            "건폐율":19,
            "Y":36.636145,
            "X":127.509527,
            "rank":42.0,
            "area_info":"39평(130.14), 39평(130.45), 48평(161.73), 57평(190.19)",
            "last_sales":"2022-01-14,47000.0,48평(161.73)",
            "rank_history":[
                [
                    "202203",
                    42
                ],
                [
                    "202202",
                    42
                ],
                [
                    "202201",
                    37
                ]
            ],
            "rank_gap":0
        },
        {
            "index":27,
            "아파트명":"장자마을1단지부영",
            "투자타입":"일반",
            "전용면적(m2)":"106.37",
            "전용면적(평)":"32평",
            "법정동주소":"충청북도 청주시 상당구 금천동 325",
            "도로명주소":"충청북도 청주시 상당구 수영로 350",
            "세대수":0,
            "입주년차":40,
            "용적률점수":"--",
            "건폐율점수":"--",
            "세대당주차수":30,
            "난방방식":100,
            "공급면적":"--",
            "전용률":"--",
            "욕실수":100,
            "현관타입":100,
            "주거총점":42.5,
            "지역구공급총점":0.0,
            "역세권":"NA",
            "30분내 이동가능 거점":"NA",
            "1시간내 이동가능 거점":"NA",
            "교통총점":"NA",
            "백화점":0,
            "아울렛몰":0,
            "대형마트":80,
            "은행":0,
            "병원":30,
            "종합병원":100,
            "공원":100,
            "혐오시설":0,
            "인프라총점":38.0,
            "초등학군":90.0,
            "중학군":50.6,
            "학군총점":58.48,
            "인구수":20.81,
            "인구증감":-0.33,
            "인구총점":14.468,
            "일자리":12.26,
            "소득수준":61.51,
            "일자리총점":27.035,
            "가치 총점":44.695,
            "매매실거래년":20220205.0,
            "매매실거래가":21000.0,
            "전세실거래년":20220225.0,
            "전세실거래가":18900.0,
            "전세가율":90.0,
            "장기전세가율평균":78.41,
            "전세가율거품지수":-11.59,
            "검색코드":101731,
            "세대수":284.0,
            "준공년월":"2004-06-24",
            "준공년차":19.0,
            "가까운역이름":"NA",
            "가까운역거리":"NA",
            "역세권여부":"NA",
            "30분이내주요거점역":"NA",
            "30분거점역이름":"NA",
            "1시간이내주요거점역":"NA",
            "1시간거점역이름":"NA",
            "3km이내백화점수":0,
            "5km이내아울렛몰수":0,
            "1km이내대형먀트수":1,
            "500m이내은행수":0,
            "500m이내병원수":8,
            "5km이내대형병원수":4,
            "500m이내공원수":2,
            "3km이내혐오시설수":0,
            "초등학교학업성취도":90.0,
            "중학교학업성취도":83.4,
            "용적률":215,
            "건폐율":19,
            "Y":36.632711,
            "X":127.511439,
            "rank":43.0,
            "area_info":"32평(106.37)",
            "last_sales":"2022-02-05,21000.0,32평(106.37)",
            "rank_history":[
                [
                    "202203",
                    43
                ],
                [
                    "202202",
                    43
                ],
                [
                    "202201",
                    61
                ]
            ],
            "rank_gap":0
        },
        {
            "index":10,
            "아파트명":"금천현대",
            "투자타입":"재건축",
            "전용면적(m2)":"81.68",
            "전용면적(평)":"24평",
            "법정동주소":"충청북도 청주시 상당구 금천동 199-1",
            "도로명주소":"충청북도 청주시 상당구 중고개로337번길 23",
            "세대수":90,
            "입주년차":"--",
            "용적률점수":0,
            "건폐율점수":80,
            "세대당주차수":"--",
            "난방방식":"--",
            "공급면적":70,
            "전용률":60,
            "욕실수":"--",
            "현관타입":"--",
            "주거총점":49.5,
            "지역구공급총점":0.0,
            "역세권":"NA",
            "30분내 이동가능 거점":"NA",
            "1시간내 이동가능 거점":"NA",
            "교통총점":"NA",
            "백화점":0,
            "아울렛몰":0,
            "대형마트":0,
            "은행":20,
            "병원":80,
            "종합병원":100,
            "공원":100,
            "혐오시설":0,
            "인프라총점":33.0,
            "초등학군":90.01,
            "중학군":47.96,
            "학군총점":56.37,
            "인구수":20.81,
            "인구증감":-0.33,
            "인구총점":14.468,
            "일자리":12.26,
            "소득수준":61.51,
            "일자리총점":27.035,
            "가치 총점":44.6175,
            "매매실거래년":20220224.0,
            "매매실거래가":18000.0,
            "전세실거래년":20220219.0,
            "전세실거래가":8400.0,
            "전세가율":67.2,
            "장기전세가율평균":78.41,
            "전세가율거품지수":11.21,
            "검색코드":7011,
            "세대수":1032.0,
            "준공년월":"1992-12-02",
            "준공년차":31.0,
            "가까운역이름":"NA",
            "가까운역거리":"NA",
            "역세권여부":"NA",
            "30분이내주요거점역":"NA",
            "30분거점역이름":"NA",
            "1시간이내주요거점역":"NA",
            "1시간거점역이름":"NA",
            "3km이내백화점수":0,
            "5km이내아울렛몰수":0,
            "1km이내대형먀트수":0,
            "500m이내은행수":2,
            "500m이내병원수":50,
            "5km이내대형병원수":4,
            "500m이내공원수":3,
            "3km이내혐오시설수":0,
            "초등학교학업성취도":90.01,
            "중학교학업성취도":79.0,
            "용적률":266,
            "건폐율":21,
            "Y":36.62856,
            "X":127.50315,
            "rank":44.0,
            "area_info":"24평(81.68), 26평(86.5), 30평(102.44), 45평(148.89)",
            "last_sales":"2022-02-24,18000.0,45평(148.89)",
            "rank_history":[
                [
                    "202203",
                    44
                ],
                [
                    "202202",
                    44
                ],
                [
                    "202201",
                    40
                ]
            ],
            "rank_gap":0
        },
        {
            "index":280,
            "아파트명":"용암현대1차",
            "투자타입":"일반",
            "전용면적(m2)":"120.13",
            "전용면적(평)":"36평",
            "법정동주소":"충청북도 청주시 상당구 용암동 2095",
            "도로명주소":"충청북도 청주시 상당구 월평로 189",
            "세대수":0,
            "입주년차":0,
            "용적률점수":"--",
            "건폐율점수":"--",
            "세대당주차수":60,
            "난방방식":100,
            "공급면적":"--",
            "전용률":"--",
            "욕실수":100,
            "현관타입":100,
            "주거총점":39.0,
            "지역구공급총점":0.0,
            "역세권":"NA",
            "30분내 이동가능 거점":"NA",
            "1시간내 이동가능 거점":"NA",
            "교통총점":"NA",
            "백화점":0,
            "아울렛몰":0,
            "대형마트":80,
            "은행":0,
            "병원":80,
            "종합병원":100,
            "공원":100,
            "혐오시설":0,
            "인프라총점":43.0,
            "초등학군":90.01,
            "중학군":45.82,
            "학군총점":54.658,
            "인구수":20.81,
            "인구증감":-0.33,
            "인구총점":14.468,
            "일자리":12.26,
            "소득수준":61.51,
            "일자리총점":27.035,
            "가치 총점":44.5145,
            "매매실거래년":20211115.0,
            "매매실거래가":39800.0,
            "전세실거래년":20211216.0,
            "전세실거래가":21000.0,
            "전세가율":91.7,
            "장기전세가율평균":78.41,
            "전세가율거품지수":-13.29,
            "검색코드":7048,
            "세대수":264.0,
            "준공년월":"1994-12-22",
            "준공년차":29.0,
            "가까운역이름":"NA",
            "가까운역거리":"NA",
            "역세권여부":"NA",
            "30분이내주요거점역":"NA",
            "30분거점역이름":"NA",
            "1시간이내주요거점역":"NA",
            "1시간거점역이름":"NA",
            "3km이내백화점수":0,
            "5km이내아울렛몰수":0,
            "1km이내대형먀트수":1,
            "500m이내은행수":1,
            "500m이내병원수":32,
            "5km이내대형병원수":4,
            "500m이내공원수":3,
            "3km이내혐오시설수":0,
            "초등학교학업성취도":90.01,
            "중학교학업성취도":75.9,
            "용적률":219,
            "건폐율":20,
            "Y":36.610239,
            "X":127.506003,
            "rank":45.0,
            "area_info":"36평(120.13), 48평(158.82), 61평(204.08)",
            "last_sales":"2021-11-15,39800.0,61평(204.08)",
            "rank_history":[
                [
                    "202203",
                    45
                ],
                [
                    "202202",
                    45
                ],
                [
                    "202201",
                    35
                ]
            ],
            "rank_gap":0
        },
        {
            "index":316,
            "아파트명":"청주신영강변뜨란채",
            "투자타입":"일반",
            "전용면적(m2)":"68.37",
            "전용면적(평)":"20평",
            "법정동주소":"충청북도 청주시 상당구 용암동 2915",
            "도로명주소":"충청북도 청주시 상당구 무심동로 86",
            "세대수":50,
            "입주년차":40,
            "용적률점수":"--",
            "건폐율점수":"--",
            "세대당주차수":30,
            "난방방식":100,
            "공급면적":"--",
            "전용률":"--",
            "욕실수":50,
            "현관타입":100,
            "주거총점":55.0,
            "지역구공급총점":0.0,
            "역세권":"NA",
            "30분내 이동가능 거점":"NA",
            "1시간내 이동가능 거점":"NA",
            "교통총점":"NA",
            "백화점":0,
            "아울렛몰":0,
            "대형마트":0,
            "은행":0,
            "병원":10,
            "종합병원":100,
            "공원":100,
            "혐오시설":0,
            "인프라총점":24.0,
            "초등학군":90.01,
            "중학군":54.6,
            "학군총점":61.682,
            "인구수":20.81,
            "인구증감":-0.33,
            "인구총점":14.468,
            "일자리":12.26,
            "소득수준":61.51,
            "일자리총점":27.035,
            "가치 총점":44.2705,
            "매매실거래년":20211115.0,
            "매매실거래가":34000.0,
            "전세실거래년":20180927.0,
            "전세실거래가":12500.0,
            "전세가율":86.21,
            "장기전세가율평균":78.41,
            "전세가율거품지수":-7.8,
            "검색코드":19682,
            "세대수":517.0,
            "준공년월":"2005-08-29",
            "준공년차":18.0,
            "가까운역이름":"NA",
            "가까운역거리":"NA",
            "역세권여부":"NA",
            "30분이내주요거점역":"NA",
            "30분거점역이름":"NA",
            "1시간이내주요거점역":"NA",
            "1시간거점역이름":"NA",
            "3km이내백화점수":0,
            "5km이내아울렛몰수":0,
            "1km이내대형먀트수":0,
            "500m이내은행수":0,
            "500m이내병원수":2,
            "5km이내대형병원수":4,
            "500m이내공원수":2,
            "3km이내혐오시설수":0,
            "초등학교학업성취도":90.01,
            "중학교학업성취도":89.2,
            "용적률":169,
            "건폐율":15,
            "Y":36.6139,
            "X":127.497897,
            "rank":46.0,
            "area_info":"20평(68.37), 23평(77.19), 23평(78.15), 23평(78.23), 31평(105.3), 40평(132.73)",
            "last_sales":"2021-11-15,34000.0,40평(132.73)",
            "rank_history":[
                [
                    "202203",
                    46
                ],
                [
                    "202202",
                    48
                ],
                [
                    "202201",
                    23
                ]
            ],
            "rank_gap":2
        },
        {
            "index":259,
            "아파트명":"덕성그린타운",
            "투자타입":"일반",
            "전용면적(m2)":"34.48",
            "전용면적(평)":"10평",
            "법정동주소":"충청북도 청주시 상당구 용암동 2085",
            "도로명주소":"충청북도 청주시 상당구 용암로 3",
            "세대수":50,
            "입주년차":0,
            "용적률점수":"--",
            "건폐율점수":"--",
            "세대당주차수":0,
            "난방방식":80,
            "공급면적":"--",
            "전용률":"--",
            "욕실수":50,
            "현관타입":100,
            "주거총점":40.5,
            "지역구공급총점":0.0,
            "역세권":"NA",
            "30분내 이동가능 거점":"NA",
            "1시간내 이동가능 거점":"NA",
            "교통총점":"NA",
            "백화점":0,
            "아울렛몰":0,
            "대형마트":80,
            "은행":0,
            "병원":60,
            "종합병원":100,
            "공원":100,
            "혐오시설":0,
            "인프라총점":41.0,
            "초등학군":90.01,
            "중학군":45.82,
            "학군총점":54.658,
            "인구수":20.81,
            "인구증감":-0.33,
            "인구총점":14.468,
            "일자리":12.26,
            "소득수준":61.51,
            "일자리총점":27.035,
            "가치 총점":44.2395,
            "매매실거래년":20220210.0,
            "매매실거래가":13500.0,
            "전세실거래년":20181216.0,
            "전세실거래가":4500.0,
            "전세가율":93.75,
            "장기전세가율평균":78.41,
            "전세가율거품지수":-15.34,
            "검색코드":7037,
            "세대수":495.0,
            "준공년월":"1995-07-15",
            "준공년차":28.0,
            "가까운역이름":"NA",
            "가까운역거리":"NA",
            "역세권여부":"NA",
            "30분이내주요거점역":"NA",
            "30분거점역이름":"NA",
            "1시간이내주요거점역":"NA",
            "1시간거점역이름":"NA",
            "3km이내백화점수":0,
            "5km이내아울렛몰수":0,
            "1km이내대형먀트수":1,
            "500m이내은행수":0,
            "500m이내병원수":24,
            "5km이내대형병원수":4,
            "500m이내공원수":2,
            "3km이내혐오시설수":0,
            "초등학교학업성취도":90.01,
            "중학교학업성취도":75.9,
            "용적률":210,
            "건폐율":20,
            "Y":36.60945,
            "X":127.50983,
            "rank":47.0,
            "area_info":"10평(34.48), 15평(49.64), 19평(63.99), 22평(73.93), 22평(74.96)",
            "last_sales":"2022-02-10,13500.0,22평(74.96)",
            "rank_history":[
                [
                    "202203",
                    47
                ],
                [
                    "202202",
                    46
                ],
                [
                    "202201",
                    33
                ]
            ],
            "rank_gap":-1
        },
        {
            "index":283,
            "아파트명":"용암현대2차",
            "투자타입":"일반",
            "전용면적(m2)":"103.65",
            "전용면적(평)":"31평",
            "법정동주소":"충청북도 청주시 상당구 용암동 2104",
            "도로명주소":"충청북도 청주시 상당구 원봉로 41",
            "세대수":30,
            "입주년차":0,
            "용적률점수":"--",
            "건폐율점수":"--",
            "세대당주차수":0,
            "난방방식":100,
            "공급면적":"--",
            "전용률":"--",
            "욕실수":100,
            "현관타입":100,
            "주거총점":40.5,
            "지역구공급총점":0.0,
            "역세권":"NA",
            "30분내 이동가능 거점":"NA",
            "1시간내 이동가능 거점":"NA",
            "교통총점":"NA",
            "백화점":0,
            "아울렛몰":0,
            "대형마트":80,
            "은행":0,
            "병원":60,
            "종합병원":100,
            "공원":100,
            "혐오시설":0,
            "인프라총점":41.0,
            "초등학군":89.99,
            "중학군":45.82,
            "학군총점":54.654,
            "인구수":20.81,
            "인구증감":-0.33,
            "인구총점":14.468,
            "일자리":12.26,
            "소득수준":61.51,
            "일자리총점":27.035,
            "가치 총점":44.2385,
            "매매실거래년":20220129.0,
            "매매실거래가":19500.0,
            "전세실거래년":20220217.0,
            "전세실거래가":20950.0,
            "전세가율":107.44,
            "장기전세가율평균":78.41,
            "전세가율거품지수":-29.03,
            "검색코드":7050,
            "세대수":315.0,
            "준공년월":"1994-12-22",
            "준공년차":29.0,
            "가까운역이름":"NA",
            "가까운역거리":"NA",
            "역세권여부":"NA",
            "30분이내주요거점역":"NA",
            "30분거점역이름":"NA",
            "1시간이내주요거점역":"NA",
            "1시간거점역이름":"NA",
            "3km이내백화점수":0,
            "5km이내아울렛몰수":0,
            "1km이내대형먀트수":1,
            "500m이내은행수":0,
            "500m이내병원수":10,
            "5km이내대형병원수":4,
            "500m이내공원수":2,
            "3km이내혐오시설수":0,
            "초등학교학업성취도":89.99,
            "중학교학업성취도":75.9,
            "용적률":214,
            "건폐율":20,
            "Y":36.613271,
            "X":127.509125,
            "rank":48.0,
            "area_info":"31평(103.65)",
            "last_sales":"2022-01-29,19500.0,31평(103.65)",
            "rank_history":[
                [
                    "202203",
                    48
                ],
                [
                    "202202",
                    47
                ],
                [
                    "202201",
                    49
                ]
            ],
            "rank_gap":-1
        },
        {
            "index":61,
            "아파트명":"트레비앙(도시형)",
            "투자타입":"일반",
            "전용면적(m2)":"30.03",
            "전용면적(평)":"9평",
            "법정동주소":"충청북도 청주시 상당구 남문로1가 53",
            "도로명주소":"충청북도 청주시 상당구 상당로29번길 20",
            "세대수":0,
            "입주년차":80,
            "용적률점수":"--",
            "건폐율점수":"--",
            "세대당주차수":0,
            "난방방식":30,
            "공급면적":"--",
            "전용률":"--",
            "욕실수":50,
            "현관타입":10,
            "주거총점":25.0,
            "지역구공급총점":0.0,
            "역세권":"NA",
            "30분내 이동가능 거점":"NA",
            "1시간내 이동가능 거점":"NA",
            "교통총점":"NA",
            "백화점":0,
            "아울렛몰":0,
            "대형마트":80,
            "은행":70,
            "병원":100,
            "종합병원":100,
            "공원":80,
            "혐오시설":0,
            "인프라총점":51.4,
            "초등학군":90.04,
            "중학군":51.36,
            "학군총점":59.096,
            "인구수":20.81,
            "인구증감":-0.33,
            "인구총점":14.468,
            "일자리":12.26,
            "소득수준":61.51,
            "일자리총점":27.035,
            "가치 총점":44.084,
            "매매실거래년":20200921.0,
            "매매실거래가":12131.0,
            "전세실거래년":null,
            "전세실거래가":null,
            "전세가율":null,
            "장기전세가율평균":78.41,
            "전세가율거품지수":null,
            "검색코드":110400,
            "세대수":127.0,
            "준공년월":"2016-02-01",
            "준공년차":7.0,
            "가까운역이름":"NA",
            "가까운역거리":"NA",
            "역세권여부":"NA",
            "30분이내주요거점역":"NA",
            "30분거점역이름":"NA",
            "1시간이내주요거점역":"NA",
            "1시간거점역이름":"NA",
            "3km이내백화점수":0,
            "5km이내아울렛몰수":0,
            "1km이내대형먀트수":1,
            "500m이내은행수":4,
            "500m이내병원수":72,
            "5km이내대형병원수":5,
            "500m이내공원수":1,
            "3km이내혐오시설수":0,
            "초등학교학업성취도":90.04,
            "중학교학업성취도":83.2,
            "용적률":465,
            "건폐율":55,
            "Y":36.63112,
            "X":127.490009,
            "rank":49.0,
            "area_info":"9평(30.03), 9평(30.11), 10평(33.66), 10평(35.65), 10평(35.77), 11평(38.4), 11평(39.28), 12평(42.5), 14평(47.29), 15평(51.4), 15평(51.69), 15평(51.57), 17평(57.34), 17평(57.22)",
            "last_sales":"2020-09-21,12131.0,17평(57.22)",
            "rank_history":[
                [
                    "202203",
                    49
                ],
                [
                    "202202",
                    49
                ],
                [
                    "202201",
                    60
                ]
            ],
            "rank_gap":0
        },
        {
            "index":37,
            "아파트명":"장자마을9단지부영",
            "투자타입":"일반",
            "전용면적(m2)":"75.16",
            "전용면적(평)":"22평",
            "법정동주소":"충청북도 청주시 상당구 금천동 317",
            "도로명주소":"충청북도 청주시 상당구 중고개로 286",
            "세대수":50,
            "입주년차":20,
            "용적률점수":"--",
            "건폐율점수":"--",
            "세대당주차수":0,
            "난방방식":100,
            "공급면적":"--",
            "전용률":"--",
            "욕실수":50,
            "현관타입":50,
            "주거총점":41.5,
            "지역구공급총점":0.0,
            "역세권":"NA",
            "30분내 이동가능 거점":"NA",
            "1시간내 이동가능 거점":"NA",
            "교통총점":"NA",
            "백화점":0,
            "아울렛몰":0,
            "대형마트":80,
            "은행":0,
            "병원":60,
            "종합병원":100,
            "공원":0,
            "혐오시설":0,
            "인프라총점":38.0,
            "초등학군":90.01,
            "중학군":47.96,
            "학군총점":56.37,
            "인구수":20.81,
            "인구증감":-0.33,
            "인구총점":14.468,
            "일자리":12.26,
            "소득수준":61.51,
            "일자리총점":27.035,
            "가치 총점":43.8175,
            "매매실거래년":20220211.0,
            "매매실거래가":17800.0,
            "전세실거래년":20220111.0,
            "전세실거래가":12000.0,
            "전세가율":88.56,
            "장기전세가율평균":78.41,
            "전세가율거품지수":-10.15,
            "검색코드":105992,
            "세대수":456.0,
            "준공년월":"2002-08-05",
            "준공년차":21.0,
            "가까운역이름":"NA",
            "가까운역거리":"NA",
            "역세권여부":"NA",
            "30분이내주요거점역":"NA",
            "30분거점역이름":"NA",
            "1시간이내주요거점역":"NA",
            "1시간거점역이름":"NA",
            "3km이내백화점수":0,
            "5km이내아울렛몰수":0,
            "1km이내대형먀트수":1,
            "500m이내은행수":1,
            "500m이내병원수":26,
            "5km이내대형병원수":4,
            "500m이내공원수":0,
            "3km이내혐오시설수":0,
            "초등학교학업성취도":90.01,
            "중학교학업성취도":79.0,
            "용적률":213,
            "건폐율":23,
            "Y":36.628322,
            "X":127.509409,
            "rank":50.0,
            "area_info":"22평(75.16), 24평(82.57)",
            "last_sales":"2022-02-11,17800.0,24평(82.57)",
            "rank_history":[
                [
                    "202203",
                    50
                ],
                [
                    "202202",
                    50
                ],
                [
                    "202201",
                    63
                ]
            ],
            "rank_gap":0
        },
        {
            "index":124,
            "아파트명":"아트에비뉴198(도시형)",
            "투자타입":"일반",
            "전용면적(m2)":"28.47",
            "전용면적(평)":"8평",
            "법정동주소":"충청북도 청주시 상당구 북문로2가 78-10",
            "도로명주소":"충청북도 청주시 상당구 중앙로 9-1",
            "세대수":0,
            "입주년차":80,
            "용적률점수":"--",
            "건폐율점수":"--",
            "세대당주차수":0,
            "난방방식":30,
            "공급면적":"--",
            "전용률":"--",
            "욕실수":50,
            "현관타입":10,
            "주거총점":25.0,
            "지역구공급총점":0.0,
            "역세권":"NA",
            "30분내 이동가능 거점":"NA",
            "1시간내 이동가능 거점":"NA",
            "교통총점":"NA",
            "백화점":0,
            "아울렛몰":0,
            "대형마트":100,
            "은행":100,
            "병원":80,
            "종합병원":100,
            "공원":80,
            "혐오시설":0,
            "인프라총점":55.4,
            "초등학군":90.03,
            "중학군":41.08,
            "학군총점":50.87,
            "인구수":20.81,
            "인구증감":-0.33,
            "인구총점":14.468,
            "일자리":12.26,
            "소득수준":61.51,
            "일자리총점":27.035,
            "가치 총점":43.6275,
            "매매실거래년":20211203.0,
            "매매실거래가":7346.0,
            "전세실거래년":20200324.0,
            "전세실거래가":6000.0,
            "전세가율":89.91,
            "장기전세가율평균":78.41,
            "전세가율거품지수":-11.5,
            "검색코드":112512,
            "세대수":198.0,
            "준공년월":"2016-01-29",
            "준공년차":7.0,
            "가까운역이름":"NA",
            "가까운역거리":"NA",
            "역세권여부":"NA",
            "30분이내주요거점역":"NA",
            "30분거점역이름":"NA",
            "1시간이내주요거점역":"NA",
            "1시간거점역이름":"NA",
            "3km이내백화점수":0,
            "5km이내아울렛몰수":0,
            "1km이내대형먀트수":2,
            "500m이내은행수":6,
            "500m이내병원수":35,
            "5km이내대형병원수":5,
            "500m이내공원수":1,
            "3km이내혐오시설수":0,
            "초등학교학업성취도":90.03,
            "중학교학업성취도":68.0,
            "용적률":747,
            "건폐율":79,
            "Y":36.637976,
            "X":127.488358,
            "rank":51.0,
            "area_info":"8평(28.47), 9평(31.1), 9평(32.72), 9평(32.81), 10평(34.21), 11평(37.73), 12평(42.8), 14평(47.41), 17평(57.07), 17평(57.19)",
            "last_sales":"2021-12-03,7346.0,9평(31.1)",
            "rank_history":[
                [
                    "202203",
                    51
                ],
                [
                    "202202",
                    51
                ],
                [
                    "202201",
                    55
                ]
            ],
            "rank_gap":0
        },
        {
            "index":157,
            "아파트명":"북문로한신휴플러스",
            "투자타입":"일반",
            "전용면적(m2)":"98.74",
            "전용면적(평)":"29평",
            "법정동주소":"충청북도 청주시 상당구 북문로3가 49-1",
            "도로명주소":"충청북도 청주시 상당구 중앙로 83",
            "세대수":0,
            "입주년차":60,
            "용적률점수":"--",
            "건폐율점수":"--",
            "세대당주차수":30,
            "난방방식":30,
            "공급면적":"--",
            "전용률":"--",
            "욕실수":100,
            "현관타입":100,
            "주거총점":39.5,
            "지역구공급총점":0.0,
            "역세권":"NA",
            "30분내 이동가능 거점":"NA",
            "1시간내 이동가능 거점":"NA",
            "교통총점":"NA",
            "백화점":0,
            "아울렛몰":0,
            "대형마트":100,
            "은행":20,
            "병원":30,
            "종합병원":100,
            "공원":80,
            "혐오시설":0,
            "인프라총점":42.4,
            "초등학군":90.03,
            "중학군":41.08,
            "학군총점":50.87,
            "인구수":20.81,
            "인구증감":-0.33,
            "인구총점":14.468,
            "일자리":12.26,
            "소득수준":61.51,
            "일자리총점":27.035,
            "가치 총점":43.5025,
            "매매실거래년":20220115.0,
            "매매실거래가":33000.0,
            "전세실거래년":20200905.0,
            "전세실거래가":13000.0,
            "전세가율":44.07,
            "장기전세가율평균":78.41,
            "전세가율거품지수":34.34,
            "검색코드":102933,
            "세대수":286.0,
            "준공년월":"2013-06-22",
            "준공년차":10.0,
            "가까운역이름":"NA",
            "가까운역거리":"NA",
            "역세권여부":"NA",
            "30분이내주요거점역":"NA",
            "30분거점역이름":"NA",
            "1시간이내주요거점역":"NA",
            "1시간거점역이름":"NA",
            "3km이내백화점수":0,
            "5km이내아울렛몰수":0,
            "1km이내대형먀트수":2,
            "500m이내은행수":2,
            "500m이내병원수":7,
            "5km이내대형병원수":5,
            "500m이내공원수":1,
            "3km이내혐오시설수":0,
            "초등학교학업성취도":90.03,
            "중학교학업성취도":68.0,
            "용적률":359,
            "건폐율":30,
            "Y":36.644488,
            "X":127.487421,
            "rank":52.0,
            "area_info":"29평(98.74), 32평(107.18), 34평(112.55), 34평(112.72), 34평(113.48), 54평(178.76), 60평(199.73)",
            "last_sales":"2022-01-15,33000.0,32평(107.18)",
            "rank_history":[
                [
                    "202203",
                    52
                ],
                [
                    "202202",
                    53
                ],
                [
                    "202201",
                    53
                ]
            ],
            "rank_gap":1
        },
        {
            "index":271,
            "아파트명":"소라",
            "투자타입":"일반",
            "전용면적(m2)":"74.77",
            "전용면적(평)":"22평",
            "법정동주소":"충청북도 청주시 상당구 용암동 2082",
            "도로명주소":"충청북도 청주시 상당구 원봉로 21",
            "세대수":50,
            "입주년차":0,
            "용적률점수":"--",
            "건폐율점수":"--",
            "세대당주차수":0,
            "난방방식":100,
            "공급면적":"--",
            "전용률":"--",
            "욕실수":50,
            "현관타입":100,
            "주거총점":42.5,
            "지역구공급총점":0.0,
            "역세권":"NA",
            "30분내 이동가능 거점":"NA",
            "1시간내 이동가능 거점":"NA",
            "교통총점":"NA",
            "백화점":0,
            "아울렛몰":0,
            "대형마트":80,
            "은행":0,
            "병원":30,
            "종합병원":100,
            "공원":80,
            "혐오시설":0,
            "인프라총점":37.4,
            "초등학군":90.01,
            "중학군":45.82,
            "학군총점":54.658,
            "인구수":20.81,
            "인구증감":-0.33,
            "인구총점":14.468,
            "일자리":12.26,
            "소득수준":61.51,
            "일자리총점":27.035,
            "가치 총점":43.4995,
            "매매실거래년":20220218.0,
            "매매실거래가":14000.0,
            "전세실거래년":20220129.0,
            "전세실거래가":14000.0,
            "전세가율":100.0,
            "장기전세가율평균":78.41,
            "전세가율거품지수":-21.59,
            "검색코드":7040,
            "세대수":675.0,
            "준공년월":"1994-11-07",
            "준공년차":29.0,
            "가까운역이름":"NA",
            "가까운역거리":"NA",
            "역세권여부":"NA",
            "30분이내주요거점역":"NA",
            "30분거점역이름":"NA",
            "1시간이내주요거점역":"NA",
            "1시간거점역이름":"NA",
            "3km이내백화점수":0,
            "5km이내아울렛몰수":0,
            "1km이내대형먀트수":1,
            "500m이내은행수":0,
            "500m이내병원수":8,
            "5km이내대형병원수":4,
            "500m이내공원수":1,
            "3km이내혐오시설수":0,
            "초등학교학업성취도":90.01,
            "중학교학업성취도":75.9,
            "용적률":227,
            "건폐율":47,
            "Y":36.612275,
            "X":127.510282,
            "rank":53.0,
            "area_info":"22평(74.77), 22평(74.43)",
            "last_sales":"2022-02-18,14000.0,22평(74.77)",
            "rank_history":[
                [
                    "202203",
                    53
                ],
                [
                    "202202",
                    52
                ],
                [
                    "202201",
                    38
                ]
            ],
            "rank_gap":-1
        },
        {
            "index":267,
            "아파트명":"부영",
            "투자타입":"일반",
            "전용면적(m2)":"68.08",
            "전용면적(평)":"20평",
            "법정동주소":"충청북도 청주시 상당구 용암동 2060",
            "도로명주소":"충청북도 청주시 상당구 월평로 243",
            "세대수":90,
            "입주년차":0,
            "용적률점수":"--",
            "건폐율점수":"--",
            "세대당주차수":0,
            "난방방식":30,
            "공급면적":"--",
            "전용률":"--",
            "욕실수":50,
            "현관타입":10,
            "주거총점":40.5,
            "지역구공급총점":0.0,
            "역세권":"NA",
            "30분내 이동가능 거점":"NA",
            "1시간내 이동가능 거점":"NA",
            "교통총점":"NA",
            "백화점":0,
            "아울렛몰":0,
            "대형마트":80,
            "은행":0,
            "병원":30,
            "종합병원":100,
            "공원":100,
            "혐오시설":0,
            "인프라총점":38.0,
            "초등학군":90.0,
            "중학군":47.98,
            "학군총점":56.384,
            "인구수":20.81,
            "인구증감":-0.33,
            "인구총점":14.468,
            "일자리":12.26,
            "소득수준":61.51,
            "일자리총점":27.035,
            "가치 총점":43.471,
            "매매실거래년":20220223.0,
            "매매실거래가":10100.0,
            "전세실거래년":20220213.0,
            "전세실거래가":10000.0,
            "전세가율":99.01,
            "장기전세가율평균":78.41,
            "전세가율거품지수":-20.6,
            "검색코드":17232,
            "세대수":979.0,
            "준공년월":"1996-11-22",
            "준공년차":27.0,
            "가까운역이름":"NA",
            "가까운역거리":"NA",
            "역세권여부":"NA",
            "30분이내주요거점역":"NA",
            "30분거점역이름":"NA",
            "1시간이내주요거점역":"NA",
            "1시간거점역이름":"NA",
            "3km이내백화점수":0,
            "5km이내아울렛몰수":0,
            "1km이내대형먀트수":1,
            "500m이내은행수":1,
            "500m이내병원수":9,
            "5km이내대형병원수":3,
            "500m이내공원수":2,
            "3km이내혐오시설수":0,
            "초등학교학업성취도":90.0,
            "중학교학업성취도":78.9,
            "용적률":0,
            "건폐율":0,
            "Y":36.607278,
            "X":127.51132,
            "rank":54.0,
            "area_info":"20평(68.08), 24평(80.9)",
            "last_sales":"2022-02-23,10100.0,20평(68.08)",
            "rank_history":[
                [
                    "202203",
                    54
                ],
                [
                    "202202",
                    54
                ],
                [
                    "202201",
                    46
                ]
            ],
            "rank_gap":0
        },
        {
            "index":325,
            "아파트명":"효성",
            "투자타입":"일반",
            "전용면적(m2)":"74.13",
            "전용면적(평)":"22평",
            "법정동주소":"충청북도 청주시 상당구 용암동 2086",
            "도로명주소":"충청북도 청주시 상당구 월평로 221",
            "세대수":50,
            "입주년차":0,
            "용적률점수":"--",
            "건폐율점수":"--",
            "세대당주차수":0,
            "난방방식":30,
            "공급면적":"--",
            "전용률":"--",
            "욕실수":50,
            "현관타입":100,
            "주거총점":35.5,
            "지역구공급총점":0.0,
            "역세권":"NA",
            "30분내 이동가능 거점":"NA",
            "1시간내 이동가능 거점":"NA",
            "교통총점":"NA",
            "백화점":0,
            "아울렛몰":0,
            "대형마트":80,
            "은행":20,
            "병원":60,
            "종합병원":100,
            "공원":100,
            "혐오시설":0,
            "인프라총점":43.0,
            "초등학군":90.0,
            "중학군":45.82,
            "학군총점":54.656,
            "인구수":20.81,
            "인구증감":-0.33,
            "인구총점":14.468,
            "일자리":12.26,
            "소득수준":61.51,
            "일자리총점":27.035,
            "가치 총점":43.289,
            "매매실거래년":20220219.0,
            "매매실거래가":15000.0,
            "전세실거래년":20220219.0,
            "전세실거래가":14000.0,
            "전세가율":93.33,
            "장기전세가율평균":78.41,
            "전세가율거품지수":-14.92,
            "검색코드":7162,
            "세대수":486.0,
            "준공년월":"1994-10-15",
            "준공년차":29.0,
            "가까운역이름":"NA",
            "가까운역거리":"NA",
            "역세권여부":"NA",
            "30분이내주요거점역":"NA",
            "30분거점역이름":"NA",
            "1시간이내주요거점역":"NA",
            "1시간거점역이름":"NA",
            "3km이내백화점수":0,
            "5km이내아울렛몰수":0,
            "1km이내대형먀트수":1,
            "500m이내은행수":2,
            "500m이내병원수":26,
            "5km이내대형병원수":4,
            "500m이내공원수":2,
            "3km이내혐오시설수":0,
            "초등학교학업성취도":90.0,
            "중학교학업성취도":75.9,
            "용적률":161,
            "건폐율":24,
            "Y":36.60842,
            "X":127.50854,
            "rank":55.0,
            "area_info":"22평(74.13), 22평(74.51)",
            "last_sales":"2022-02-19,15000.0,22평(74.13)",
            "rank_history":[
                [
                    "202203",
                    55
                ],
                [
                    "202202",
                    55
                ],
                [
                    "202201",
                    48
                ]
            ],
            "rank_gap":0
        },
        {
            "index":2,
            "아파트명":"금천뉴타운",
            "투자타입":"일반",
            "전용면적(m2)":"74.61",
            "전용면적(평)":"22평",
            "법정동주소":"충청북도 청주시 상당구 금천동 77-7",
            "도로명주소":"충청북도 청주시 상당구 꽃산동로 41",
            "세대수":80,
            "입주년차":0,
            "용적률점수":"--",
            "건폐율점수":"--",
            "세대당주차수":0,
            "난방방식":30,
            "공급면적":"--",
            "전용률":"--",
            "욕실수":50,
            "현관타입":100,
            "주거총점":46.0,
            "지역구공급총점":0.0,
            "역세권":"NA",
            "30분내 이동가능 거점":"NA",
            "1시간내 이동가능 거점":"NA",
            "교통총점":"NA",
            "백화점":0,
            "아울렛몰":0,
            "대형마트":80,
            "은행":0,
            "병원":10,
            "종합병원":100,
            "공원":0,
            "혐오시설":0,
            "인프라총점":33.0,
            "초등학군":90.01,
            "중학군":46.26,
            "학군총점":55.01,
            "인구수":20.81,
            "인구증감":-0.33,
            "인구총점":14.468,
            "일자리":12.26,
            "소득수준":61.51,
            "일자리총점":27.035,
            "가치 총점":43.0525,
            "매매실거래년":20220221.0,
            "매매실거래가":11100.0,
            "전세실거래년":20220116.0,
            "전세실거래가":10400.0,
            "전세가율":93.69,
            "장기전세가율평균":78.41,
            "전세가율거품지수":-15.28,
            "검색코드":6993,
            "세대수":783.0,
            "준공년월":"1993-05-20",
            "준공년차":30.0,
            "가까운역이름":"NA",
            "가까운역거리":"NA",
            "역세권여부":"NA",
            "30분이내주요거점역":"NA",
            "30분거점역이름":"NA",
            "1시간이내주요거점역":"NA",
            "1시간거점역이름":"NA",
            "3km이내백화점수":0,
            "5km이내아울렛몰수":0,
            "1km이내대형먀트수":1,
            "500m이내은행수":0,
            "500m이내병원수":4,
            "5km이내대형병원수":4,
            "500m이내공원수":0,
            "3km이내혐오시설수":0,
            "초등학교학업성취도":90.01,
            "중학교학업성취도":77.1,
            "용적률":239,
            "건폐율":21,
            "Y":36.622426,
            "X":127.508865,
            "rank":56.0,
            "area_info":"22평(74.61), 30평(102.44), 47평(157.23), 57평(190.17)",
            "last_sales":"2022-02-21,11100.0,22평(74.61)",
            "rank_history":[
                [
                    "202203",
                    56
                ],
                [
                    "202202",
                    56
                ],
                [
                    "202201",
                    51
                ]
            ],
            "rank_gap":0
        },
        {
            "index":324,
            "아파트명":"태산그린",
            "투자타입":"일반",
            "전용면적(m2)":"76.07",
            "전용면적(평)":"23평",
            "법정동주소":"충청북도 청주시 상당구 용암동 2076",
            "도로명주소":"충청북도 청주시 상당구 원봉로 20",
            "세대수":50,
            "입주년차":0,
            "용적률점수":"--",
            "건폐율점수":"--",
            "세대당주차수":0,
            "난방방식":80,
            "공급면적":"--",
            "전용률":"--",
            "욕실수":50,
            "현관타입":100,
            "주거총점":40.5,
            "지역구공급총점":0.0,
            "역세권":"NA",
            "30분내 이동가능 거점":"NA",
            "1시간내 이동가능 거점":"NA",
            "교통총점":"NA",
            "백화점":0,
            "아울렛몰":0,
            "대형마트":80,
            "은행":0,
            "병원":30,
            "종합병원":100,
            "공원":80,
            "혐오시설":0,
            "인프라총점":37.4,
            "초등학군":90.01,
            "중학군":45.82,
            "학군총점":54.658,
            "인구수":20.81,
            "인구증감":-0.33,
            "인구총점":14.468,
            "일자리":12.26,
            "소득수준":61.51,
            "일자리총점":27.035,
            "가치 총점":42.7995,
            "매매실거래년":20220115.0,
            "매매실거래가":12500.0,
            "전세실거래년":20220114.0,
            "전세실거래가":11600.0,
            "전세가율":92.8,
            "장기전세가율평균":78.41,
            "전세가율거품지수":-14.39,
            "검색코드":7045,
            "세대수":590.0,
            "준공년월":"1995-04-11",
            "준공년차":28.0,
            "가까운역이름":"NA",
            "가까운역거리":"NA",
            "역세권여부":"NA",
            "30분이내주요거점역":"NA",
            "30분거점역이름":"NA",
            "1시간이내주요거점역":"NA",
            "1시간거점역이름":"NA",
            "3km이내백화점수":0,
            "5km이내아울렛몰수":0,
            "1km이내대형먀트수":1,
            "500m이내은행수":0,
            "500m이내병원수":7,
            "5km이내대형병원수":4,
            "500m이내공원수":1,
            "3km이내혐오시설수":0,
            "초등학교학업성취도":90.01,
            "중학교학업성취도":75.9,
            "용적률":228,
            "건폐율":18,
            "Y":36.613328,
            "X":127.511897,
            "rank":57.0,
            "area_info":"23평(76.07)",
            "last_sales":"2022-01-15,12500.0,23평(76.07)",
            "rank_history":[
                [
                    "202203",
                    57
                ],
                [
                    "202202",
                    57
                ],
                [
                    "202201",
                    41
                ]
            ],
            "rank_gap":0
        },
        {
            "index":274,
            "아파트명":"용암삼일무지개",
            "투자타입":"일반",
            "전용면적(m2)":"74.65",
            "전용면적(평)":"22평",
            "법정동주소":"충청북도 청주시 상당구 용암동 2083",
            "도로명주소":"충청북도 청주시 상당구 무농정로 103",
            "세대수":50,
            "입주년차":0,
            "용적률점수":"--",
            "건폐율점수":"--",
            "세대당주차수":0,
            "난방방식":80,
            "공급면적":"--",
            "전용률":"--",
            "욕실수":50,
            "현관타입":100,
            "주거총점":40.5,
            "지역구공급총점":0.0,
            "역세권":"NA",
            "30분내 이동가능 거점":"NA",
            "1시간내 이동가능 거점":"NA",
            "교통총점":"NA",
            "백화점":0,
            "아울렛몰":0,
            "대형마트":80,
            "은행":0,
            "병원":30,
            "종합병원":100,
            "공원":80,
            "혐오시설":0,
            "인프라총점":37.4,
            "초등학군":90.01,
            "중학군":45.82,
            "학군총점":54.658,
            "인구수":20.81,
            "인구증감":-0.33,
            "인구총점":14.468,
            "일자리":12.26,
            "소득수준":61.51,
            "일자리총점":27.035,
            "가치 총점":42.7995,
            "매매실거래년":20220217.0,
            "매매실거래가":14300.0,
            "전세실거래년":20220124.0,
            "전세실거래가":10000.0,
            "전세가율":69.93,
            "장기전세가율평균":78.41,
            "전세가율거품지수":8.48,
            "검색코드":15401,
            "세대수":640.0,
            "준공년월":"1994-10-31",
            "준공년차":29.0,
            "가까운역이름":"NA",
            "가까운역거리":"NA",
            "역세권여부":"NA",
            "30분이내주요거점역":"NA",
            "30분거점역이름":"NA",
            "1시간이내주요거점역":"NA",
            "1시간거점역이름":"NA",
            "3km이내백화점수":0,
            "5km이내아울렛몰수":0,
            "1km이내대형먀트수":1,
            "500m이내은행수":0,
            "500m이내병원수":6,
            "5km이내대형병원수":4,
            "500m이내공원수":1,
            "3km이내혐오시설수":0,
            "초등학교학업성취도":90.01,
            "중학교학업성취도":75.9,
            "용적률":231,
            "건폐율":25,
            "Y":36.611164,
            "X":127.511832,
            "rank":57.0,
            "area_info":"22평(74.65)",
            "last_sales":"2022-02-17,14300.0,22평(74.65)",
            "rank_history":[
                [
                    "202203",
                    57
                ],
                [
                    "202202",
                    57
                ],
                [
                    "202201",
                    41
                ]
            ],
            "rank_gap":0
        },
        {
            "index":298,
            "아파트명":"진흥한우리",
            "투자타입":"일반",
            "전용면적(m2)":"85.17",
            "전용면적(평)":"25평",
            "법정동주소":"충청북도 청주시 상당구 용암동 2105",
            "도로명주소":"충청북도 청주시 상당구 용암로 36",
            "세대수":30,
            "입주년차":0,
            "용적률점수":"--",
            "건폐율점수":"--",
            "세대당주차수":0,
            "난방방식":80,
            "공급면적":"--",
            "전용률":"--",
            "욕실수":50,
            "현관타입":100,
            "주거총점":33.5,
            "지역구공급총점":0.0,
            "역세권":"NA",
            "30분내 이동가능 거점":"NA",
            "1시간내 이동가능 거점":"NA",
            "교통총점":"NA",
            "백화점":0,
            "아울렛몰":0,
            "대형마트":80,
            "은행":0,
            "병원":80,
            "종합병원":100,
            "공원":100,
            "혐오시설":0,
            "인프라총점":43.0,
            "초등학군":89.99,
            "중학군":45.82,
            "학군총점":54.654,
            "인구수":20.81,
            "인구증감":-0.33,
            "인구총점":14.468,
            "일자리":12.26,
            "소득수준":61.51,
            "일자리총점":27.035,
            "가치 총점":42.5885,
            "매매실거래년":20220115.0,
            "매매실거래가":20400.0,
            "전세실거래년":20211104.0,
            "전세실거래가":15000.0,
            "전세가율":98.04,
            "장기전세가율평균":78.41,
            "전세가율거품지수":-19.63,
            "검색코드":13209,
            "세대수":330.0,
            "준공년월":"1995-06-02",
            "준공년차":28.0,
            "가까운역이름":"NA",
            "가까운역거리":"NA",
            "역세권여부":"NA",
            "30분이내주요거점역":"NA",
            "30분거점역이름":"NA",
            "1시간이내주요거점역":"NA",
            "1시간거점역이름":"NA",
            "3km이내백화점수":0,
            "5km이내아울렛몰수":0,
            "1km이내대형먀트수":1,
            "500m이내은행수":1,
            "500m이내병원수":31,
            "5km이내대형병원수":4,
            "500m이내공원수":2,
            "3km이내혐오시설수":0,
            "초등학교학업성취도":89.99,
            "중학교학업성취도":75.9,
            "용적률":221,
            "건폐율":21,
            "Y":36.612312,
            "X":127.508102,
            "rank":58.0,
            "area_info":"25평(85.17), 32평(107.25)",
            "last_sales":"2022-01-15,20400.0,32평(107.25)",
            "rank_history":[
                [
                    "202203",
                    58
                ],
                [
                    "202202",
                    58
                ],
                [
                    "202201",
                    54
                ]
            ],
            "rank_gap":0
        },
        {
            "index":288,
            "아파트명":"임광",
            "투자타입":"일반",
            "전용면적(m2)":"121.3",
            "전용면적(평)":"36평",
            "법정동주소":"충청북도 청주시 상당구 용암동 2094",
            "도로명주소":"충청북도 청주시 상당구 용암로 35",
            "세대수":0,
            "입주년차":0,
            "용적률점수":"--",
            "건폐율점수":"--",
            "세대당주차수":30,
            "난방방식":80,
            "공급면적":"--",
            "전용률":"--",
            "욕실수":100,
            "현관타입":100,
            "주거총점":32.5,
            "지역구공급총점":0.0,
            "역세권":"NA",
            "30분내 이동가능 거점":"NA",
            "1시간내 이동가능 거점":"NA",
            "교통총점":"NA",
            "백화점":0,
            "아울렛몰":0,
            "대형마트":80,
            "은행":0,
            "병원":80,
            "종합병원":100,
            "공원":100,
            "혐오시설":0,
            "인프라총점":43.0,
            "초등학군":90.01,
            "중학군":45.82,
            "학군총점":54.658,
            "인구수":20.81,
            "인구증감":-0.33,
            "인구총점":14.468,
            "일자리":12.26,
            "소득수준":61.51,
            "일자리총점":27.035,
            "가치 총점":42.2395,
            "매매실거래년":20211128.0,
            "매매실거래가":22500.0,
            "전세실거래년":20210719.0,
            "전세실거래가":17000.0,
            "전세가율":92.9,
            "장기전세가율평균":78.41,
            "전세가율거품지수":-14.49,
            "검색코드":7042,
            "세대수":280.0,
            "준공년월":"1996-05-29",
            "준공년차":27.0,
            "가까운역이름":"NA",
            "가까운역거리":"NA",
            "역세권여부":"NA",
            "30분이내주요거점역":"NA",
            "30분거점역이름":"NA",
            "1시간이내주요거점역":"NA",
            "1시간거점역이름":"NA",
            "3km이내백화점수":0,
            "5km이내아울렛몰수":0,
            "1km이내대형먀트수":1,
            "500m이내은행수":1,
            "500m이내병원수":35,
            "5km이내대형병원수":4,
            "500m이내공원수":3,
            "3km이내혐오시설수":0,
            "초등학교학업성취도":90.01,
            "중학교학업성취도":75.9,
            "용적률":220,
            "건폐율":22,
            "Y":36.61128,
            "X":127.50715,
            "rank":59.0,
            "area_info":"36평(121.3), 48평(159.79)",
            "last_sales":"2021-11-28,22500.0,48평(159.79)",
            "rank_history":[
                [
                    "202203",
                    59
                ],
                [
                    "202202",
                    59
                ],
                [
                    "202201",
                    52
                ]
            ],
            "rank_gap":0
        },
        {
            "index":322,
            "아파트명":"청주용암주공1단지",
            "투자타입":"일반",
            "전용면적(m2)":"69.66",
            "전용면적(평)":"21평",
            "법정동주소":"충청북도 청주시 상당구 용암동 2108",
            "도로명주소":"충청북도 청주시 상당구 원봉로 52",
            "세대수":50,
            "입주년차":0,
            "용적률점수":"--",
            "건폐율점수":"--",
            "세대당주차수":0,
            "난방방식":80,
            "공급면적":"--",
            "전용률":"--",
            "욕실수":50,
            "현관타입":10,
            "주거총점":31.5,
            "지역구공급총점":0.0,
            "역세권":"NA",
            "30분내 이동가능 거점":"NA",
            "1시간내 이동가능 거점":"NA",
            "교통총점":"NA",
            "백화점":0,
            "아울렛몰":0,
            "대형마트":80,
            "은행":0,
            "병원":30,
            "종합병원":100,
            "공원":100,
            "혐오시설":0,
            "인프라총점":38.0,
            "초등학군":89.99,
            "중학군":54.6,
            "학군총점":61.678,
            "인구수":20.81,
            "인구증감":-0.33,
            "인구총점":14.468,
            "일자리":12.26,
            "소득수준":61.51,
            "일자리총점":27.035,
            "가치 총점":41.6445,
            "매매실거래년":20220223.0,
            "매매실거래가":10700.0,
            "전세실거래년":20220221.0,
            "전세실거래가":9000.0,
            "전세가율":84.11,
            "장기전세가율평균":78.41,
            "전세가율거품지수":-5.7,
            "검색코드":7044,
            "세대수":600.0,
            "준공년월":"1994-11-01",
            "준공년차":29.0,
            "가까운역이름":"NA",
            "가까운역거리":"NA",
            "역세권여부":"NA",
            "30분이내주요거점역":"NA",
            "30분거점역이름":"NA",
            "1시간이내주요거점역":"NA",
            "1시간거점역이름":"NA",
            "3km이내백화점수":0,
            "5km이내아울렛몰수":0,
            "1km이내대형먀트수":1,
            "500m이내은행수":0,
            "500m이내병원수":5,
            "5km이내대형병원수":4,
            "500m이내공원수":3,
            "3km이내혐오시설수":0,
            "초등학교학업성취도":89.99,
            "중학교학업성취도":89.2,
            "용적률":207,
            "건폐율":16,
            "Y":36.615035,
            "X":127.509147,
            "rank":60.0,
            "area_info":"21평(69.66), 21평(70.97)",
            "last_sales":"2022-02-23,10700.0,21평(69.66)",
            "rank_history":[
                [
                    "202203",
                    60
                ],
                [
                    "202202",
                    60
                ],
                [
                    "202201",
                    58
                ]
            ],
            "rank_gap":0
        },
        {
            "index":273,
            "아파트명":"용암대원칸타빌",
            "투자타입":"일반",
            "전용면적(m2)":"110.17",
            "전용면적(평)":"33평",
            "법정동주소":"충청북도 청주시 상당구 용암동 2063",
            "도로명주소":"충청북도 청주시 상당구 무농정로 72",
            "세대수":0,
            "입주년차":20,
            "용적률점수":"--",
            "건폐율점수":"--",
            "세대당주차수":30,
            "난방방식":30,
            "공급면적":"--",
            "전용률":"--",
            "욕실수":100,
            "현관타입":100,
            "주거총점":31.5,
            "지역구공급총점":0.0,
            "역세권":"NA",
            "30분내 이동가능 거점":"NA",
            "1시간내 이동가능 거점":"NA",
            "교통총점":"NA",
            "백화점":0,
            "아울렛몰":0,
            "대형마트":80,
            "은행":0,
            "병원":60,
            "종합병원":100,
            "공원":100,
            "혐오시설":0,
            "인프라총점":41.0,
            "초등학군":90.0,
            "중학군":45.82,
            "학군총점":54.656,
            "인구수":20.81,
            "인구증감":-0.33,
            "인구총점":14.468,
            "일자리":12.26,
            "소득수준":61.51,
            "일자리총점":27.035,
            "가치 총점":41.089,
            "매매실거래년":20211205.0,
            "매매실거래가":25000.0,
            "전세실거래년":20210831.0,
            "전세실거래가":18000.0,
            "전세가율":72.0,
            "장기전세가율평균":78.41,
            "전세가율거품지수":6.41,
            "검색코드":11647,
            "세대수":233.0,
            "준공년월":"2002-10-25",
            "준공년차":21.0,
            "가까운역이름":"NA",
            "가까운역거리":"NA",
            "역세권여부":"NA",
            "30분이내주요거점역":"NA",
            "30분거점역이름":"NA",
            "1시간이내주요거점역":"NA",
            "1시간거점역이름":"NA",
            "3km이내백화점수":0,
            "5km이내아울렛몰수":0,
            "1km이내대형먀트수":1,
            "500m이내은행수":0,
            "500m이내병원수":17,
            "5km이내대형병원수":4,
            "500m이내공원수":2,
            "3km이내혐오시설수":0,
            "초등학교학업성취도":90.0,
            "중학교학업성취도":75.9,
            "용적률":213,
            "건폐율":18,
            "Y":36.608446,
            "X":127.510541,
            "rank":61.0,
            "area_info":"33평(110.17)",
            "last_sales":"2021-12-05,25000.0,33평(110.17)",
            "rank_history":[
                [
                    "202203",
                    61
                ],
                [
                    "202202",
                    61
                ],
                [
                    "202201",
                    57
                ]
            ],
            "rank_gap":0
        },
        {
            "index":269,
            "아파트명":"삼진동산빌리지",
            "투자타입":"일반",
            "전용면적(m2)":"138.97",
            "전용면적(평)":"42평",
            "법정동주소":"충청북도 청주시 상당구 용암동 429-2",
            "도로명주소":"충청북도 청주시 상당구 월평로253번길 110",
            "세대수":0,
            "입주년차":0,
            "용적률점수":"--",
            "건폐율점수":"--",
            "세대당주차수":80,
            "난방방식":30,
            "공급면적":"--",
            "전용률":"--",
            "욕실수":100,
            "현관타입":100,
            "주거총점":35.0,
            "지역구공급총점":0.0,
            "역세권":"NA",
            "30분내 이동가능 거점":"NA",
            "1시간내 이동가능 거점":"NA",
            "교통총점":"NA",
            "백화점":0,
            "아울렛몰":0,
            "대형마트":80,
            "은행":0,
            "병원":10,
            "종합병원":100,
            "공원":100,
            "혐오시설":0,
            "인프라총점":36.0,
            "초등학군":90.02,
            "중학군":47.98,
            "학군총점":56.388,
            "인구수":20.81,
            "인구증감":-0.33,
            "인구총점":14.468,
            "일자리":12.26,
            "소득수준":61.51,
            "일자리총점":27.035,
            "가치 총점":40.747,
            "매매실거래년":"18000101",
            "매매실거래가":null,
            "전세실거래년":null,
            "전세실거래가":null,
            "전세가율":null,
            "장기전세가율평균":78.41,
            "전세가율거품지수":null,
            "검색코드":15402,
            "세대수":144.0,
            "준공년월":"1998-08-24",
            "준공년차":25.0,
            "가까운역이름":"NA",
            "가까운역거리":"NA",
            "역세권여부":"NA",
            "30분이내주요거점역":"NA",
            "30분거점역이름":"NA",
            "1시간이내주요거점역":"NA",
            "1시간거점역이름":"NA",
            "3km이내백화점수":0,
            "5km이내아울렛몰수":0,
            "1km이내대형먀트수":1,
            "500m이내은행수":0,
            "500m이내병원수":2,
            "5km이내대형병원수":2,
            "500m이내공원수":2,
            "3km이내혐오시설수":0,
            "초등학교학업성취도":90.02,
            "중학교학업성취도":78.9,
            "용적률":62,
            "건폐율":19,
            "Y":36.60999,
            "X":127.515495,
            "rank":62.0,
            "area_info":"42평(138.97), 70평(232.79)",
            "last_sales":"1800-01-01,nan,42평(138.97)",
            "rank_history":[
                [
                    "202203",
                    62
                ],
                [
                    "202202",
                    62
                ],
                [
                    "202201",
                    56
                ]
            ],
            "rank_gap":0
        },
        {
            "index":345,
            "아파트명":"하은베스트빌",
            "투자타입":"일반",
            "전용면적(m2)":"105.15",
            "전용면적(평)":"31평",
            "법정동주소":"충청북도 청주시 상당구 용정동 343-19",
            "도로명주소":"충청북도 청주시 상당구 영운천로127번길 29",
            "세대수":0,
            "입주년차":20,
            "용적률점수":"--",
            "건폐율점수":"--",
            "세대당주차수":0,
            "난방방식":30,
            "공급면적":"--",
            "전용률":"--",
            "욕실수":100,
            "현관타입":100,
            "주거총점":27.0,
            "지역구공급총점":0.0,
            "역세권":"NA",
            "30분내 이동가능 거점":"NA",
            "1시간내 이동가능 거점":"NA",
            "교통총점":"NA",
            "백화점":0,
            "아울렛몰":0,
            "대형마트":100,
            "은행":0,
            "병원":60,
            "종합병원":100,
            "공원":80,
            "혐오시설":0,
            "인프라총점":43.4,
            "초등학군":90.01,
            "중학군":46.26,
            "학군총점":55.01,
            "인구수":20.81,
            "인구증감":-0.33,
            "인구총점":14.468,
            "일자리":12.26,
            "소득수준":61.51,
            "일자리총점":27.035,
            "가치 총점":40.5625,
            "매매실거래년":20211004.0,
            "매매실거래가":14000.0,
            "전세실거래년":20150821.0,
            "전세실거래가":11000.0,
            "전세가율":78.57,
            "장기전세가율평균":78.41,
            "전세가율거품지수":-0.16,
            "검색코드":13334,
            "세대수":67.0,
            "준공년월":"2003-12-20",
            "준공년차":20.0,
            "가까운역이름":"NA",
            "가까운역거리":"NA",
            "역세권여부":"NA",
            "30분이내주요거점역":"NA",
            "30분거점역이름":"NA",
            "1시간이내주요거점역":"NA",
            "1시간거점역이름":"NA",
            "3km이내백화점수":0,
            "5km이내아울렛몰수":0,
            "1km이내대형먀트수":2,
            "500m이내은행수":0,
            "500m이내병원수":17,
            "5km이내대형병원수":4,
            "500m이내공원수":1,
            "3km이내혐오시설수":0,
            "초등학교학업성취도":90.01,
            "중학교학업성취도":77.1,
            "용적률":181,
            "건폐율":20,
            "Y":36.622045,
            "X":127.510366,
            "rank":63.0,
            "area_info":"31평(105.15)",
            "last_sales":"2021-10-04,14000.0,31평(105.15)",
            "rank_history":[
                [
                    "202203",
                    63
                ],
                [
                    "202202",
                    9999
                ]
            ],
            "rank_gap":9999
        },
        {
            "index":221,
            "아파트명":"가좌마을2단지부영",
            "투자타입":"일반",
            "전용면적(m2)":"77.95",
            "전용면적(평)":"23평",
            "법정동주소":"충청북도 청주시 상당구 용담동 425",
            "도로명주소":"충청북도 청주시 상당구 호미로 329",
            "세대수":50,
            "입주년차":20,
            "용적률점수":"--",
            "건폐율점수":"--",
            "세대당주차수":0,
            "난방방식":30,
            "공급면적":"--",
            "전용률":"--",
            "욕실수":100,
            "현관타입":100,
            "주거총점":44.5,
            "지역구공급총점":0.0,
            "역세권":"NA",
            "30분내 이동가능 거점":"NA",
            "1시간내 이동가능 거점":"NA",
            "교통총점":"NA",
            "백화점":0,
            "아울렛몰":0,
            "대형마트":0,
            "은행":0,
            "병원":30,
            "종합병원":100,
            "공원":0,
            "혐오시설":0,
            "인프라총점":23.0,
            "초등학군":90.0,
            "중학군":50.6,
            "학군총점":58.48,
            "인구수":20.81,
            "인구증감":-0.33,
            "인구총점":14.468,
            "일자리":12.26,
            "소득수준":61.51,
            "일자리총점":27.035,
            "가치 총점":39.395,
            "매매실거래년":20220205.0,
            "매매실거래가":17800.0,
            "전세실거래년":20220224.0,
            "전세실거래가":18400.0,
            "전세가율":103.37,
            "장기전세가율평균":78.41,
            "전세가율거품지수":-24.96,
            "검색코드":106941,
            "세대수":569.0,
            "준공년월":"2003-07-18",
            "준공년차":20.0,
            "가까운역이름":"NA",
            "가까운역거리":"NA",
            "역세권여부":"NA",
            "30분이내주요거점역":"NA",
            "30분거점역이름":"NA",
            "1시간이내주요거점역":"NA",
            "1시간거점역이름":"NA",
            "3km이내백화점수":0,
            "5km이내아울렛몰수":0,
            "1km이내대형먀트수":0,
            "500m이내은행수":0,
            "500m이내병원수":9,
            "5km이내대형병원수":5,
            "500m이내공원수":0,
            "3km이내혐오시설수":0,
            "초등학교학업성취도":90.0,
            "중학교학업성취도":83.4,
            "용적률":206,
            "건폐율":18,
            "Y":36.635256,
            "X":127.508046,
            "rank":64.0,
            "area_info":"23평(77.95)",
            "last_sales":"2022-02-05,17800.0,23평(77.95)",
            "rank_history":[
                [
                    "202203",
                    64
                ],
                [
                    "202202",
                    64
                ],
                [
                    "202201",
                    62
                ]
            ],
            "rank_gap":0
        },
        {
            "index":199,
            "아파트명":"영운삼일",
            "투자타입":"재건축",
            "전용면적(m2)":"66.7",
            "전용면적(평)":"20평",
            "법정동주소":"충청북도 청주시 상당구 영운동 204",
            "도로명주소":"충청북도 청주시 상당구 수영로 136",
            "세대수":0,
            "입주년차":"--",
            "용적률점수":60,
            "건폐율점수":80,
            "세대당주차수":"--",
            "난방방식":"--",
            "공급면적":50,
            "전용률":80,
            "욕실수":"--",
            "현관타입":"--",
            "주거총점":46.5,
            "지역구공급총점":0.0,
            "역세권":"NA",
            "30분내 이동가능 거점":"NA",
            "1시간내 이동가능 거점":"NA",
            "교통총점":"NA",
            "백화점":0,
            "아울렛몰":0,
            "대형마트":0,
            "은행":0,
            "병원":10,
            "종합병원":100,
            "공원":80,
            "혐오시설":0,
            "인프라총점":23.4,
            "초등학군":90.01,
            "중학군":46.26,
            "학군총점":55.01,
            "인구수":20.81,
            "인구증감":-0.33,
            "인구총점":14.468,
            "일자리":12.26,
            "소득수준":61.51,
            "일자리총점":27.035,
            "가치 총점":39.3875,
            "매매실거래년":20220121.0,
            "매매실거래가":13850.0,
            "전세실거래년":20140304.0,
            "전세실거래가":4000.0,
            "전세가율":53.33,
            "장기전세가율평균":78.41,
            "전세가율거품지수":25.08,
            "검색코드":12728,
            "세대수":228.0,
            "준공년월":"1992-08-11",
            "준공년차":31.0,
            "가까운역이름":"NA",
            "가까운역거리":"NA",
            "역세권여부":"NA",
            "30분이내주요거점역":"NA",
            "30분거점역이름":"NA",
            "1시간이내주요거점역":"NA",
            "1시간거점역이름":"NA",
            "3km이내백화점수":0,
            "5km이내아울렛몰수":0,
            "1km이내대형먀트수":0,
            "500m이내은행수":0,
            "500m이내병원수":2,
            "5km이내대형병원수":4,
            "500m이내공원수":1,
            "3km이내혐오시설수":0,
            "초등학교학업성취도":90.01,
            "중학교학업성취도":77.1,
            "용적률":185,
            "건폐율":25,
            "Y":36.616642,
            "X":127.500596,
            "rank":65.0,
            "area_info":"20평(66.7), 22평(72.82), 30평(101.75), 32평(106.04)",
            "last_sales":"2022-01-21,13850.0,32평(106.04)",
            "rank_history":[
                [
                    "202203",
                    65
                ],
                [
                    "202202",
                    63
                ],
                [
                    "202201",
                    44
                ]
            ],
            "rank_gap":-2
        },
        {
            "index":112,
            "아파트명":"참좋은하얀마을",
            "투자타입":"일반",
            "전용면적(m2)":"97.12",
            "전용면적(평)":"29평",
            "법정동주소":"충청북도 청주시 상당구 방서동 55-6",
            "도로명주소":"충청북도 청주시 상당구 단재로 303-19",
            "세대수":0,
            "입주년차":40,
            "용적률점수":"--",
            "건폐율점수":"--",
            "세대당주차수":30,
            "난방방식":30,
            "공급면적":"--",
            "전용률":"--",
            "욕실수":100,
            "현관타입":50,
            "주거총점":30.5,
            "지역구공급총점":0.0,
            "역세권":"NA",
            "30분내 이동가능 거점":"NA",
            "1시간내 이동가능 거점":"NA",
            "교통총점":"NA",
            "백화점":0,
            "아울렛몰":0,
            "대형마트":80,
            "은행":0,
            "병원":10,
            "종합병원":100,
            "공원":100,
            "혐오시설":0,
            "인프라총점":36.0,
            "초등학군":89.99,
            "중학군":47.98,
            "학군총점":56.382,
            "인구수":20.81,
            "인구증감":-0.33,
            "인구총점":14.468,
            "일자리":12.26,
            "소득수준":61.51,
            "일자리총점":27.035,
            "가치 총점":39.1705,
            "매매실거래년":20220217.0,
            "매매실거래가":17000.0,
            "전세실거래년":20200728.0,
            "전세실거래가":12000.0,
            "전세가율":70.59,
            "장기전세가율평균":78.41,
            "전세가율거품지수":7.82,
            "검색코드":106206,
            "세대수":61.0,
            "준공년월":"2006-08-18",
            "준공년차":17.0,
            "가까운역이름":"NA",
            "가까운역거리":"NA",
            "역세권여부":"NA",
            "30분이내주요거점역":"NA",
            "30분거점역이름":"NA",
            "1시간이내주요거점역":"NA",
            "1시간거점역이름":"NA",
            "3km이내백화점수":0,
            "5km이내아울렛몰수":0,
            "1km이내대형먀트수":1,
            "500m이내은행수":1,
            "500m이내병원수":2,
            "5km이내대형병원수":4,
            "500m이내공원수":7,
            "3km이내혐오시설수":0,
            "초등학교학업성취도":89.99,
            "중학교학업성취도":78.9,
            "용적률":0,
            "건폐율":0,
            "Y":36.60303,
            "X":127.503947,
            "rank":66.0,
            "area_info":"29평(97.12), 31평(104.9)",
            "last_sales":"2022-02-17,17000.0,31평(104.9)",
            "rank_history":[
                [
                    "202203",
                    66
                ],
                [
                    "202202",
                    9999
                ]
            ],
            "rank_gap":9999
        },
        {
            "index":0,
            "아파트명":"금천경희",
            "투자타입":"일반",
            "전용면적(m2)":"47.26",
            "전용면적(평)":"14평",
            "법정동주소":"충청북도 청주시 상당구 금천동 50-3",
            "도로명주소":"충청북도 청주시 상당구 꽃산동로 4-2",
            "세대수":50,
            "입주년차":0,
            "용적률점수":"--",
            "건폐율점수":"--",
            "세대당주차수":0,
            "난방방식":30,
            "공급면적":"--",
            "전용률":"--",
            "욕실수":50,
            "현관타입":10,
            "주거총점":26.5,
            "지역구공급총점":0.0,
            "역세권":"NA",
            "30분내 이동가능 거점":"NA",
            "1시간내 이동가능 거점":"NA",
            "교통총점":"NA",
            "백화점":0,
            "아울렛몰":0,
            "대형마트":100,
            "은행":0,
            "병원":30,
            "종합병원":100,
            "공원":0,
            "혐오시설":0,
            "인프라총점":38.0,
            "초등학군":90.01,
            "중학군":47.96,
            "학군총점":56.37,
            "인구수":20.81,
            "인구증감":-0.33,
            "인구총점":14.468,
            "일자리":12.26,
            "소득수준":61.51,
            "일자리총점":27.035,
            "가치 총점":38.5675,
            "매매실거래년":20220217.0,
            "매매실거래가":10250.0,
            "전세실거래년":20220224.0,
            "전세실거래가":4000.0,
            "전세가율":88.89,
            "장기전세가율평균":78.41,
            "전세가율거품지수":-10.48,
            "검색코드":15388,
            "세대수":470.0,
            "준공년월":"1997-09-23",
            "준공년차":26.0,
            "가까운역이름":"NA",
            "가까운역거리":"NA",
            "역세권여부":"NA",
            "30분이내주요거점역":"NA",
            "30분거점역이름":"NA",
            "1시간이내주요거점역":"NA",
            "1시간거점역이름":"NA",
            "3km이내백화점수":0,
            "5km이내아울렛몰수":0,
            "1km이내대형먀트수":2,
            "500m이내은행수":1,
            "500m이내병원수":9,
            "5km이내대형병원수":4,
            "500m이내공원수":0,
            "3km이내혐오시설수":0,
            "초등학교학업성취도":90.01,
            "중학교학업성취도":79.0,
            "용적률":262,
            "건폐율":24,
            "Y":36.626266,
            "X":127.508986,
            "rank":67.0,
            "area_info":"14평(47.26), 23평(76.8)",
            "last_sales":"2022-02-17,10250.0,23평(76.8)",
            "rank_history":[
                [
                    "202203",
                    67
                ],
                [
                    "202202",
                    65
                ],
                [
                    "202201",
                    64
                ]
            ],
            "rank_gap":-2
        },
        {
            "index":75,
            "아파트명":"신일",
            "투자타입":"일반",
            "전용면적(m2)":"98.2",
            "전용면적(평)":"29평",
            "법정동주소":"충청북도 청주시 상당구 남주동 449",
            "도로명주소":"충청북도 청주시 상당구 상당로5번길 89",
            "세대수":0,
            "입주년차":0,
            "용적률점수":"--",
            "건폐율점수":"--",
            "세대당주차수":80,
            "난방방식":30,
            "공급면적":"--",
            "전용률":"--",
            "욕실수":50,
            "현관타입":10,
            "주거총점":21.0,
            "지역구공급총점":0.0,
            "역세권":"NA",
            "30분내 이동가능 거점":"NA",
            "1시간내 이동가능 거점":"NA",
            "교통총점":"NA",
            "백화점":0,
            "아울렛몰":0,
            "대형마트":80,
            "은행":0,
            "병원":60,
            "종합병원":100,
            "공원":80,
            "혐오시설":0,
            "인프라총점":40.4,
            "초등학군":90.0,
            "중학군":51.36,
            "학군총점":59.088,
            "인구수":20.81,
            "인구증감":-0.33,
            "인구총점":14.468,
            "일자리":12.26,
            "소득수준":61.51,
            "일자리총점":27.035,
            "가치 총점":38.282,
            "매매실거래년":20211001.0,
            "매매실거래가":9600.0,
            "전세실거래년":20141001.0,
            "전세실거래가":6500.0,
            "전세가율":67.71,
            "장기전세가율평균":78.41,
            "전세가율거품지수":10.7,
            "검색코드":17229,
            "세대수":55.0,
            "준공년월":"1996-04-20",
            "준공년차":27.0,
            "가까운역이름":"NA",
            "가까운역거리":"NA",
            "역세권여부":"NA",
            "30분이내주요거점역":"NA",
            "30분거점역이름":"NA",
            "1시간이내주요거점역":"NA",
            "1시간거점역이름":"NA",
            "3km이내백화점수":0,
            "5km이내아울렛몰수":0,
            "1km이내대형먀트수":1,
            "500m이내은행수":1,
            "500m이내병원수":27,
            "5km이내대형병원수":6,
            "500m이내공원수":1,
            "3km이내혐오시설수":0,
            "초등학교학업성취도":90.0,
            "중학교학업성취도":83.2,
            "용적률":525,
            "건폐율":64,
            "Y":36.628583,
            "X":127.485826,
            "rank":68.0,
            "area_info":"29평(98.2), 30평(102.17)",
            "last_sales":"2021-10-01,9600.0,29평(98.2)",
            "rank_history":[
                [
                    "202203",
                    68
                ],
                [
                    "202202",
                    9999
                ]
            ],
            "rank_gap":9999
        },
        {
            "index":214,
            "아파트명":"파모스라움",
            "투자타입":"일반",
            "전용면적(m2)":"86.7",
            "전용면적(평)":"26평",
            "법정동주소":"충청북도 청주시 상당구 영운동 222",
            "도로명주소":"충청북도 청주시 상당구 수영로 180",
            "세대수":0,
            "입주년차":80,
            "용적률점수":"--",
            "건폐율점수":"--",
            "세대당주차수":30,
            "난방방식":30,
            "공급면적":"--",
            "전용률":"--",
            "욕실수":100,
            "현관타입":100,
            "주거총점":43.5,
            "지역구공급총점":0.0,
            "역세권":"NA",
            "30분내 이동가능 거점":"NA",
            "1시간내 이동가능 거점":"NA",
            "교통총점":"NA",
            "백화점":0,
            "아울렛몰":0,
            "대형마트":0,
            "은행":0,
            "병원":30,
            "종합병원":100,
            "공원":0,
            "혐오시설":0,
            "인프라총점":23.0,
            "초등학군":90.05,
            "중학군":46.26,
            "학군총점":55.018,
            "인구수":20.81,
            "인구증감":-0.33,
            "인구총점":14.468,
            "일자리":12.26,
            "소득수준":61.51,
            "일자리총점":27.035,
            "가치 총점":38.1795,
            "매매실거래년":20220222.0,
            "매매실거래가":21700.0,
            "전세실거래년":20210929.0,
            "전세실거래가":20000.0,
            "전세가율":95.24,
            "장기전세가율평균":78.41,
            "전세가율거품지수":-16.83,
            "검색코드":122860,
            "세대수":246.0,
            "준공년월":"2018-10-02",
            "준공년차":5.0,
            "가까운역이름":"NA",
            "가까운역거리":"NA",
            "역세권여부":"NA",
            "30분이내주요거점역":"NA",
            "30분거점역이름":"NA",
            "1시간이내주요거점역":"NA",
            "1시간거점역이름":"NA",
            "3km이내백화점수":0,
            "5km이내아울렛몰수":0,
            "1km이내대형먀트수":0,
            "500m이내은행수":0,
            "500m이내병원수":5,
            "5km이내대형병원수":4,
            "500m이내공원수":0,
            "3km이내혐오시설수":0,
            "초등학교학업성취도":90.05,
            "중학교학업성취도":77.1,
            "용적률":228,
            "건폐율":19,
            "Y":36.620352,
            "X":127.503299,
            "rank":69.0,
            "area_info":"26평(86.7), 26평(86.33), 26평(86.68), 26평(87.05), 26평(87.02)",
            "last_sales":"2022-02-22,21700.0,26평(87.05)",
            "rank_history":[
                [
                    "202203",
                    69
                ],
                [
                    "202202",
                    66
                ],
                [
                    "202201",
                    65
                ]
            ],
            "rank_gap":-3
        },
        {
            "index":351,
            "아파트명":"보성트윈힐스",
            "투자타입":"일반",
            "전용면적(m2)":"52.66",
            "전용면적(평)":"15평",
            "법정동주소":"충청북도 청주시 상당구 탑동 42",
            "도로명주소":"충청북도 청주시 상당구 중고개로 349",
            "세대수":0,
            "입주년차":0,
            "용적률점수":"--",
            "건폐율점수":"--",
            "세대당주차수":100,
            "난방방식":30,
            "공급면적":"--",
            "전용률":"--",
            "욕실수":50,
            "현관타입":10,
            "주거총점":24.0,
            "지역구공급총점":0.0,
            "역세권":"NA",
            "30분내 이동가능 거점":"NA",
            "1시간내 이동가능 거점":"NA",
            "교통총점":"NA",
            "백화점":0,
            "아울렛몰":0,
            "대형마트":0,
            "은행":70,
            "병원":80,
            "종합병원":100,
            "공원":100,
            "혐오시설":0,
            "인프라총점":38.0,
            "초등학군":90.01,
            "중학군":47.96,
            "학군총점":56.37,
            "인구수":20.81,
            "인구증감":-0.33,
            "인구총점":14.468,
            "일자리":12.26,
            "소득수준":61.51,
            "일자리총점":27.035,
            "가치 총점":37.6925,
            "매매실거래년":20220209.0,
            "매매실거래가":7050.0,
            "전세실거래년":20190501.0,
            "전세실거래가":5000.0,
            "전세가율":70.92,
            "장기전세가율평균":78.41,
            "전세가율거품지수":7.49,
            "검색코드":101715,
            "세대수":86.0,
            "준공년월":"1998-05-25",
            "준공년차":25.0,
            "가까운역이름":"NA",
            "가까운역거리":"NA",
            "역세권여부":"NA",
            "30분이내주요거점역":"NA",
            "30분거점역이름":"NA",
            "1시간이내주요거점역":"NA",
            "1시간거점역이름":"NA",
            "3km이내백화점수":0,
            "5km이내아울렛몰수":0,
            "1km이내대형먀트수":0,
            "500m이내은행수":3,
            "500m이내병원수":48,
            "5km이내대형병원수":5,
            "500m이내공원수":4,
            "3km이내혐오시설수":0,
            "초등학교학업성취도":90.01,
            "중학교학업성취도":79.0,
            "용적률":300,
            "건폐율":25,
            "Y":36.63067,
            "X":127.501679,
            "rank":70.0,
            "area_info":"15평(52.66), 15평(52.76)",
            "last_sales":"2022-02-09,7050.0,15평(52.66)",
            "rank_history":[
                [
                    "202203",
                    70
                ],
                [
                    "202202",
                    9999
                ]
            ],
            "rank_gap":9999
        },
        {
            "index":134,
            "아파트명":"중앙",
            "투자타입":"재건축",
            "전용면적(m2)":"58.14",
            "전용면적(평)":"17평",
            "법정동주소":"충청북도 청주시 상당구 북문로2가 94",
            "도로명주소":"충청북도 청주시 상당구 중앙로 18",
            "세대수":0,
            "입주년차":"--",
            "용적률점수":0,
            "건폐율점수":0,
            "세대당주차수":"--",
            "난방방식":"--",
            "공급면적":50,
            "전용률":80,
            "욕실수":"--",
            "현관타입":"--",
            "주거총점":6.5,
            "지역구공급총점":0.0,
            "역세권":"NA",
            "30분내 이동가능 거점":"NA",
            "1시간내 이동가능 거점":"NA",
            "교통총점":"NA",
            "백화점":0,
            "아울렛몰":0,
            "대형마트":100,
            "은행":100,
            "병원":80,
            "종합병원":100,
            "공원":80,
            "혐오시설":0,
            "인프라총점":55.4,
            "초등학군":90.03,
            "중학군":41.08,
            "학군총점":50.87,
            "인구수":20.81,
            "인구증감":-0.33,
            "인구총점":14.468,
            "일자리":12.26,
            "소득수준":61.51,
            "일자리총점":27.035,
            "가치 총점":37.1525,
            "매매실거래년":20210218.0,
            "매매실거래가":7000.0,
            "전세실거래년":null,
            "전세실거래가":null,
            "전세가율":null,
            "장기전세가율평균":78.41,
            "전세가율거품지수":null,
            "검색코드":112036,
            "세대수":85.0,
            "준공년월":"1979-12-13",
            "준공년차":44.0,
            "가까운역이름":"NA",
            "가까운역거리":"NA",
            "역세권여부":"NA",
            "30분이내주요거점역":"NA",
            "30분거점역이름":"NA",
            "1시간이내주요거점역":"NA",
            "1시간거점역이름":"NA",
            "3km이내백화점수":0,
            "5km이내아울렛몰수":0,
            "1km이내대형먀트수":2,
            "500m이내은행수":5,
            "500m이내병원수":30,
            "5km이내대형병원수":5,
            "500m이내공원수":1,
            "3km이내혐오시설수":0,
            "초등학교학업성취도":90.03,
            "중학교학업성취도":68.0,
            "용적률":0,
            "건폐율":0,
            "Y":36.639142,
            "X":127.489178,
            "rank":71.0,
            "area_info":"17평(58.14), 18평(62.4), 19평(65.84), 19평(66.02), 20평(66.9), 21평(70.24), 23평(77.22), 23평(78.79), 24평(79.99), 24평(79.68), 24평(81.01), 25평(84.17), 25평(85.2), 25평(85.83), 26평(86.88), 27평(89.69), 27평(90.31), 30평(100.19), 31평(105.3), 33평(110.75), 39평(130.51), 41평(136.49), 43평(143.34)",
            "last_sales":"2021-02-18,7000.0,43평(143.34)",
            "rank_history":[
                [
                    "202203",
                    71
                ],
                [
                    "202202",
                    9999
                ]
            ],
            "rank_gap":9999
        },
        {
            "index":211,
            "아파트명":"태암수정",
            "투자타입":"일반",
            "전용면적(m2)":"46.29",
            "전용면적(평)":"14평",
            "법정동주소":"충청북도 청주시 상당구 영운동 73-5",
            "도로명주소":"충청북도 청주시 상당구 영운천로51번길 26",
            "세대수":50,
            "입주년차":0,
            "용적률점수":"--",
            "건폐율점수":"--",
            "세대당주차수":0,
            "난방방식":30,
            "공급면적":"--",
            "전용률":"--",
            "욕실수":50,
            "현관타입":100,
            "주거총점":35.5,
            "지역구공급총점":0.0,
            "역세권":"NA",
            "30분내 이동가능 거점":"NA",
            "1시간내 이동가능 거점":"NA",
            "교통총점":"NA",
            "백화점":0,
            "아울렛몰":0,
            "대형마트":0,
            "은행":0,
            "병원":0,
            "종합병원":100,
            "공원":100,
            "혐오시설":0,
            "인프라총점":23.0,
            "초등학군":89.99,
            "중학군":46.26,
            "학군총점":55.006,
            "인구수":20.81,
            "인구증감":-0.33,
            "인구총점":14.468,
            "일자리":12.26,
            "소득수준":61.51,
            "일자리총점":27.035,
            "가치 총점":35.3765,
            "매매실거래년":20211030.0,
            "매매실거래가":8500.0,
            "전세실거래년":20210824.0,
            "전세실거래가":4800.0,
            "전세가율":92.31,
            "장기전세가율평균":78.41,
            "전세가율거품지수":-13.9,
            "검색코드":12727,
            "세대수":486.0,
            "준공년월":"1995-11-13",
            "준공년차":28.0,
            "가까운역이름":"NA",
            "가까운역거리":"NA",
            "역세권여부":"NA",
            "30분이내주요거점역":"NA",
            "30분거점역이름":"NA",
            "1시간이내주요거점역":"NA",
            "1시간거점역이름":"NA",
            "3km이내백화점수":0,
            "5km이내아울렛몰수":0,
            "1km이내대형먀트수":0,
            "500m이내은행수":0,
            "500m이내병원수":1,
            "5km이내대형병원수":4,
            "500m이내공원수":2,
            "3km이내혐오시설수":0,
            "초등학교학업성취도":89.99,
            "중학교학업성취도":77.1,
            "용적률":325,
            "건폐율":33,
            "Y":36.618433,
            "X":127.504206,
            "rank":72.0,
            "area_info":"14평(46.29), 15평(50.49), 19평(64.7)",
            "last_sales":"2021-10-30,8500.0,19평(64.7)",
            "rank_history":[
                [
                    "202203",
                    72
                ],
                [
                    "202202",
                    67
                ],
                [
                    "202201",
                    67
                ]
            ],
            "rank_gap":-5
        },
        {
            "index":87,
            "아파트명":"장미",
            "투자타입":"재건축",
            "전용면적(m2)":"81.15",
            "전용면적(평)":"24평",
            "법정동주소":"충청북도 청주시 상당구 대성동 170",
            "도로명주소":"충청북도 청주시 상당구 용담로 48",
            "세대수":0,
            "입주년차":"--",
            "용적률점수":0,
            "건폐율점수":0,
            "세대당주차수":"--",
            "난방방식":"--",
            "공급면적":70,
            "전용률":80,
            "욕실수":"--",
            "현관타입":"--",
            "주거총점":7.5,
            "지역구공급총점":0.0,
            "역세권":"NA",
            "30분내 이동가능 거점":"NA",
            "1시간내 이동가능 거점":"NA",
            "교통총점":"NA",
            "백화점":0,
            "아울렛몰":0,
            "대형마트":80,
            "은행":20,
            "병원":80,
            "종합병원":100,
            "공원":100,
            "혐오시설":0,
            "인프라총점":45.0,
            "초등학군":90.04,
            "중학군":49.82,
            "학군총점":57.864,
            "인구수":20.81,
            "인구증감":-0.33,
            "인구총점":14.468,
            "일자리":12.26,
            "소득수준":61.51,
            "일자리총점":27.035,
            "가치 총점":35.091,
            "매매실거래년":20160629.0,
            "매매실거래가":8650.0,
            "전세실거래년":null,
            "전세실거래가":null,
            "전세가율":null,
            "장기전세가율평균":78.41,
            "전세가율거품지수":null,
            "검색코드":108570,
            "세대수":50.0,
            "준공년월":"1982-11-04",
            "준공년차":41.0,
            "가까운역이름":"NA",
            "가까운역거리":"NA",
            "역세권여부":"NA",
            "30분이내주요거점역":"NA",
            "30분거점역이름":"NA",
            "1시간이내주요거점역":"NA",
            "1시간거점역이름":"NA",
            "3km이내백화점수":0,
            "5km이내아울렛몰수":0,
            "1km이내대형먀트수":1,
            "500m이내은행수":2,
            "500m이내병원수":36,
            "5km이내대형병원수":5,
            "500m이내공원수":2,
            "3km이내혐오시설수":0,
            "초등학교학업성취도":90.04,
            "중학교학업성취도":81.7,
            "용적률":0,
            "건폐율":0,
            "Y":36.63206,
            "X":127.495789,
            "rank":73.0,
            "area_info":"24평(81.15), 24평(82.46), 25평(83.76), 26평(88.52)",
            "last_sales":"2016-06-29,8650.0,26평(88.52)",
            "rank_history":[
                [
                    "202203",
                    73
                ],
                [
                    "202202",
                    9999
                ]
            ],
            "rank_gap":9999
        },
        {
            "index":357,
            "아파트명":"석탑",
            "투자타입":"재건축",
            "전용면적(m2)":"63.22",
            "전용면적(평)":"19평",
            "법정동주소":"충청북도 청주시 상당구 탑동 297-75",
            "도로명주소":"충청북도 청주시 상당구 탑동로1번길 70",
            "세대수":0,
            "입주년차":"--",
            "용적률점수":0,
            "건폐율점수":0,
            "세대당주차수":"--",
            "난방방식":"--",
            "공급면적":50,
            "전용률":100,
            "욕실수":"--",
            "현관타입":"--",
            "주거총점":7.5,
            "지역구공급총점":0.0,
            "역세권":"NA",
            "30분내 이동가능 거점":"NA",
            "1시간내 이동가능 거점":"NA",
            "교통총점":"NA",
            "백화점":0,
            "아울렛몰":0,
            "대형마트":80,
            "은행":20,
            "병원":80,
            "종합병원":100,
            "공원":100,
            "혐오시설":0,
            "인프라총점":45.0,
            "초등학군":90.04,
            "중학군":49.82,
            "학군총점":57.864,
            "인구수":20.81,
            "인구증감":-0.33,
            "인구총점":14.468,
            "일자리":12.26,
            "소득수준":61.51,
            "일자리총점":27.035,
            "가치 총점":35.091,
            "매매실거래년":20220120.0,
            "매매실거래가":4450.0,
            "전세실거래년":20210310.0,
            "전세실거래가":5500.0,
            "전세가율":123.6,
            "장기전세가율평균":78.41,
            "전세가율거품지수":-45.19,
            "검색코드":106603,
            "세대수":130.0,
            "준공년월":"1984-01-19",
            "준공년차":39.0,
            "가까운역이름":"NA",
            "가까운역거리":"NA",
            "역세권여부":"NA",
            "30분이내주요거점역":"NA",
            "30분거점역이름":"NA",
            "1시간이내주요거점역":"NA",
            "1시간거점역이름":"NA",
            "3km이내백화점수":0,
            "5km이내아울렛몰수":0,
            "1km이내대형먀트수":1,
            "500m이내은행수":2,
            "500m이내병원수":45,
            "5km이내대형병원수":5,
            "500m이내공원수":2,
            "3km이내혐오시설수":0,
            "초등학교학업성취도":90.04,
            "중학교학업성취도":81.7,
            "용적률":0,
            "건폐율":0,
            "Y":36.631662,
            "X":127.495556,
            "rank":73.0,
            "area_info":"19평(63.22)",
            "last_sales":"2022-01-20,4450.0,19평(63.22)",
            "rank_history":[
                [
                    "202203",
                    73
                ],
                [
                    "202202",
                    68
                ],
                [
                    "202201",
                    66
                ]
            ],
            "rank_gap":-5
        },
        {
            "index":235,
            "아파트명":"용담선광로즈웰",
            "투자타입":"일반",
            "전용면적(m2)":"72.75",
            "전용면적(평)":"22평",
            "법정동주소":"충청북도 청주시 상당구 용담동 87-1",
            "도로명주소":"충청북도 청주시 상당구 명암로 7-36",
            "세대수":0,
            "입주년차":60,
            "용적률점수":"--",
            "건폐율점수":"--",
            "세대당주차수":0,
            "난방방식":30,
            "공급면적":"--",
            "전용률":"--",
            "욕실수":100,
            "현관타입":100,
            "주거총점":35.0,
            "지역구공급총점":0.0,
            "역세권":"NA",
            "30분내 이동가능 거점":"NA",
            "1시간내 이동가능 거점":"NA",
            "교통총점":"NA",
            "백화점":0,
            "아울렛몰":0,
            "대형마트":0,
            "은행":0,
            "병원":0,
            "종합병원":100,
            "공원":0,
            "혐오시설":0,
            "인프라총점":20.0,
            "초등학군":90.0,
            "중학군":50.6,
            "학군총점":58.48,
            "인구수":20.81,
            "인구증감":-0.33,
            "인구총점":14.468,
            "일자리":12.26,
            "소득수준":61.51,
            "일자리총점":27.035,
            "가치 총점":34.87,
            "매매실거래년":20120828.0,
            "매매실거래가":16530.0,
            "전세실거래년":null,
            "전세실거래가":null,
            "전세가율":null,
            "장기전세가율평균":78.41,
            "전세가율거품지수":null,
            "검색코드":118495,
            "세대수":79.0,
            "준공년월":"2012-05-31",
            "준공년차":11.0,
            "가까운역이름":"NA",
            "가까운역거리":"NA",
            "역세권여부":"NA",
            "30분이내주요거점역":"NA",
            "30분거점역이름":"NA",
            "1시간이내주요거점역":"NA",
            "1시간거점역이름":"NA",
            "3km이내백화점수":0,
            "5km이내아울렛몰수":0,
            "1km이내대형먀트수":0,
            "500m이내은행수":0,
            "500m이내병원수":0,
            "5km이내대형병원수":5,
            "500m이내공원수":0,
            "3km이내혐오시설수":0,
            "초등학교학업성취도":90.0,
            "중학교학업성취도":83.4,
            "용적률":78,
            "건폐율":27,
            "Y":36.638642,
            "X":127.508426,
            "rank":74.0,
            "area_info":"22평(72.75), 24평(79.89), 27평(90.34), 48평(160.29)",
            "last_sales":"2012-08-28,16530.0,27평(90.34)",
            "rank_history":[
                [
                    "202203",
                    74
                ],
                [
                    "202202",
                    9999
                ]
            ],
            "rank_gap":9999
        },
        {
            "index":99,
            "아파트명":"미원통경",
            "투자타입":"재건축",
            "전용면적(m2)":"64.85",
            "전용면적(평)":"19평",
            "법정동주소":"충청북도 청주시 상당구 미원면 미원리 560-14",
            "도로명주소":"충청북도 청주시 상당구 단재로 2483-6",
            "세대수":0,
            "입주년차":"--",
            "용적률점수":60,
            "건폐율점수":60,
            "세대당주차수":"--",
            "난방방식":"--",
            "공급면적":50,
            "전용률":80,
            "욕실수":"--",
            "현관타입":"--",
            "주거총점":42.5,
            "지역구공급총점":0.0,
            "역세권":"NA",
            "30분내 이동가능 거점":"NA",
            "1시간내 이동가능 거점":"NA",
            "교통총점":"NA",
            "백화점":0,
            "아울렛몰":0,
            "대형마트":80,
            "은행":0,
            "병원":0,
            "종합병원":0,
            "공원":100,
            "혐오시설":0,
            "인프라총점":15.0,
            "초등학군":90.02,
            "중학군":46.5,
            "학군총점":55.204,
            "인구수":20.81,
            "인구증감":-0.33,
            "인구총점":14.468,
            "일자리":12.26,
            "소득수준":61.51,
            "일자리총점":27.035,
            "가치 총점":34.676,
            "매매실거래년":20211103.0,
            "매매실거래가":5800.0,
            "전세실거래년":null,
            "전세실거래가":null,
            "전세가율":null,
            "장기전세가율평균":78.41,
            "전세가율거품지수":null,
            "검색코드":136622,
            "세대수":68.0,
            "준공년월":"1992-12-14",
            "준공년차":31.0,
            "가까운역이름":"NA",
            "가까운역거리":"NA",
            "역세권여부":"NA",
            "30분이내주요거점역":"NA",
            "30분거점역이름":"NA",
            "1시간이내주요거점역":"NA",
            "1시간거점역이름":"NA",
            "3km이내백화점수":0,
            "5km이내아울렛몰수":0,
            "1km이내대형먀트수":1,
            "500m이내은행수":0,
            "500m이내병원수":0,
            "5km이내대형병원수":0,
            "500m이내공원수":3,
            "3km이내혐오시설수":0,
            "초등학교학업성취도":90.02,
            "중학교학업성취도":77.5,
            "용적률":180,
            "건폐율":30,
            "Y":36.637502,
            "X":127.659174,
            "rank":75.0,
            "area_info":"19평(64.85), 20평(68.63), 22평(73.58), 23평(77.36)",
            "last_sales":"2021-11-03,5800.0,20평(68.63)",
            "rank_history":[
                [
                    "202203",
                    75
                ],
                [
                    "202202",
                    9999
                ]
            ],
            "rank_gap":9999
        },
        {
            "index":186,
            "아파트명":"성화누리안1차",
            "투자타입":"일반",
            "전용면적(m2)":"105.41",
            "전용면적(평)":"31평",
            "법정동주소":"충청북도 청주시 상당구 영운동 113",
            "도로명주소":"충청북도 청주시 상당구 단재로115번길 44-1",
            "세대수":0,
            "입주년차":40,
            "용적률점수":"--",
            "건폐율점수":"--",
            "세대당주차수":30,
            "난방방식":30,
            "공급면적":"--",
            "전용률":"--",
            "욕실수":100,
            "현관타입":100,
            "주거총점":35.5,
            "지역구공급총점":0.0,
            "역세권":"NA",
            "30분내 이동가능 거점":"NA",
            "1시간내 이동가능 거점":"NA",
            "교통총점":"NA",
            "백화점":0,
            "아울렛몰":0,
            "대형마트":0,
            "은행":0,
            "병원":10,
            "종합병원":100,
            "공원":0,
            "혐오시설":0,
            "인프라총점":21.0,
            "초등학군":90.05,
            "중학군":46.26,
            "학군총점":55.018,
            "인구수":20.81,
            "인구증감":-0.33,
            "인구총점":14.468,
            "일자리":12.26,
            "소득수준":61.51,
            "일자리총점":27.035,
            "가치 총점":34.5795,
            "매매실거래년":20211003.0,
            "매매실거래가":16200.0,
            "전세실거래년":20201019.0,
            "전세실거래가":14000.0,
            "전세가율":89.17,
            "장기전세가율평균":78.41,
            "전세가율거품지수":-10.76,
            "검색코드":105113,
            "세대수":66.0,
            "준공년월":"2008-04-07",
            "준공년차":15.0,
            "가까운역이름":"NA",
            "가까운역거리":"NA",
            "역세권여부":"NA",
            "30분이내주요거점역":"NA",
            "30분거점역이름":"NA",
            "1시간이내주요거점역":"NA",
            "1시간거점역이름":"NA",
            "3km이내백화점수":0,
            "5km이내아울렛몰수":0,
            "1km이내대형먀트수":0,
            "500m이내은행수":0,
            "500m이내병원수":2,
            "5km이내대형병원수":4,
            "500m이내공원수":0,
            "3km이내혐오시설수":0,
            "초등학교학업성취도":90.05,
            "중학교학업성취도":77.1,
            "용적률":197,
            "건폐율":22,
            "Y":36.619325,
            "X":127.499963,
            "rank":76.0,
            "area_info":"31평(105.41), 33평(110.99), 33평(110.78)",
            "last_sales":"2021-10-03,16200.0,33평(110.78)",
            "rank_history":[
                [
                    "202203",
                    76
                ],
                [
                    "202202",
                    9999
                ]
            ],
            "rank_gap":9999
        },
        {
            "index":189,
            "아파트명":"성화누리안2차",
            "투자타입":"일반",
            "전용면적(m2)":"93.8",
            "전용면적(평)":"28평",
            "법정동주소":"충청북도 청주시 상당구 영운동 112-14",
            "도로명주소":"충청북도 청주시 상당구 단재로115번길 46",
            "세대수":0,
            "입주년차":40,
            "용적률점수":"--",
            "건폐율점수":"--",
            "세대당주차수":30,
            "난방방식":30,
            "공급면적":"--",
            "전용률":"--",
            "욕실수":100,
            "현관타입":100,
            "주거총점":35.5,
            "지역구공급총점":0.0,
            "역세권":"NA",
            "30분내 이동가능 거점":"NA",
            "1시간내 이동가능 거점":"NA",
            "교통총점":"NA",
            "백화점":0,
            "아울렛몰":0,
            "대형마트":0,
            "은행":0,
            "병원":10,
            "종합병원":100,
            "공원":0,
            "혐오시설":0,
            "인프라총점":21.0,
            "초등학군":90.05,
            "중학군":46.26,
            "학군총점":55.018,
            "인구수":20.81,
            "인구증감":-0.33,
            "인구총점":14.468,
            "일자리":12.26,
            "소득수준":61.51,
            "일자리총점":27.035,
            "가치 총점":34.5795,
            "매매실거래년":20220224.0,
            "매매실거래가":17700.0,
            "전세실거래년":null,
            "전세실거래가":null,
            "전세가율":null,
            "장기전세가율평균":78.41,
            "전세가율거품지수":null,
            "검색코드":105114,
            "세대수":108.0,
            "준공년월":"2008-04-07",
            "준공년차":15.0,
            "가까운역이름":"NA",
            "가까운역거리":"NA",
            "역세권여부":"NA",
            "30분이내주요거점역":"NA",
            "30분거점역이름":"NA",
            "1시간이내주요거점역":"NA",
            "1시간거점역이름":"NA",
            "3km이내백화점수":0,
            "5km이내아울렛몰수":0,
            "1km이내대형먀트수":0,
            "500m이내은행수":0,
            "500m이내병원수":2,
            "5km이내대형병원수":4,
            "500m이내공원수":0,
            "3km이내혐오시설수":0,
            "초등학교학업성취도":90.05,
            "중학교학업성취도":77.1,
            "용적률":215,
            "건폐율":22,
            "Y":36.619867,
            "X":127.500251,
            "rank":76.0,
            "area_info":"28평(93.8), 31평(104.82), 31평(104.71)",
            "last_sales":"2022-02-24,17700.0,31평(104.71)",
            "rank_history":[
                [
                    "202203",
                    76
                ],
                [
                    "202202",
                    69
                ],
                [
                    "202201",
                    68
                ]
            ],
            "rank_gap":-7
        },
        {
            "index":18,
            "아파트명":"수정",
            "투자타입":"일반",
            "전용면적(m2)":"80.22",
            "전용면적(평)":"24평",
            "법정동주소":"충청북도 청주시 상당구 금천동 115-1",
            "도로명주소":"충청북도 청주시 상당구 꽃산동로 40",
            "세대수":0,
            "입주년차":0,
            "용적률점수":"--",
            "건폐율점수":"--",
            "세대당주차수":0,
            "난방방식":30,
            "공급면적":"--",
            "전용률":"--",
            "욕실수":50,
            "현관타입":100,
            "주거총점":18.0,
            "지역구공급총점":0.0,
            "역세권":"NA",
            "30분내 이동가능 거점":"NA",
            "1시간내 이동가능 거점":"NA",
            "교통총점":"NA",
            "백화점":0,
            "아울렛몰":0,
            "대형마트":80,
            "은행":0,
            "병원":30,
            "종합병원":100,
            "공원":0,
            "혐오시설":0,
            "인프라총점":35.0,
            "초등학군":90.01,
            "중학군":46.26,
            "학군총점":55.01,
            "인구수":20.81,
            "인구증감":-0.33,
            "인구총점":14.468,
            "일자리":12.26,
            "소득수준":61.51,
            "일자리총점":27.035,
            "가치 총점":34.0525,
            "매매실거래년":20220214.0,
            "매매실거래가":14500.0,
            "전세실거래년":20210521.0,
            "전세실거래가":6500.0,
            "전세가율":56.52,
            "장기전세가율평균":78.41,
            "전세가율거품지수":21.89,
            "검색코드":7001,
            "세대수":191.0,
            "준공년월":"1993-04-03",
            "준공년차":30.0,
            "가까운역이름":"NA",
            "가까운역거리":"NA",
            "역세권여부":"NA",
            "30분이내주요거점역":"NA",
            "30분거점역이름":"NA",
            "1시간이내주요거점역":"NA",
            "1시간거점역이름":"NA",
            "3km이내백화점수":0,
            "5km이내아울렛몰수":0,
            "1km이내대형먀트수":1,
            "500m이내은행수":0,
            "500m이내병원수":9,
            "5km이내대형병원수":4,
            "500m이내공원수":0,
            "3km이내혐오시설수":0,
            "초등학교학업성취도":90.01,
            "중학교학업성취도":77.1,
            "용적률":239,
            "건폐율":31,
            "Y":36.623088,
            "X":127.507709,
            "rank":77.0,
            "area_info":"24평(80.22), 34평(115.53)",
            "last_sales":"2022-02-14,14500.0,34평(115.53)",
            "rank_history":[
                [
                    "202203",
                    77
                ],
                [
                    "202202",
                    70
                ],
                [
                    "202201",
                    69
                ]
            ],
            "rank_gap":-7
        },
        {
            "index":175,
            "아파트명":"평화",
            "투자타입":"재건축",
            "전용면적(m2)":"70.78",
            "전용면적(평)":"21평",
            "법정동주소":"충청북도 청주시 상당구 영동 50",
            "도로명주소":"충청북도 청주시 상당구 사직대로361번길 99",
            "세대수":0,
            "입주년차":"--",
            "용적률점수":0,
            "건폐율점수":0,
            "세대당주차수":"--",
            "난방방식":"--",
            "공급면적":50,
            "전용률":100,
            "욕실수":"--",
            "현관타입":"--",
            "주거총점":7.5,
            "지역구공급총점":0.0,
            "역세권":"NA",
            "30분내 이동가능 거점":"NA",
            "1시간내 이동가능 거점":"NA",
            "교통총점":"NA",
            "백화점":0,
            "아울렛몰":0,
            "대형마트":100,
            "은행":20,
            "병원":60,
            "종합병원":100,
            "공원":100,
            "혐오시설":0,
            "인프라총점":46.0,
            "초등학군":90.03,
            "중학군":41.08,
            "학군총점":50.87,
            "인구수":20.81,
            "인구증감":-0.33,
            "인구총점":14.468,
            "일자리":12.26,
            "소득수준":61.51,
            "일자리총점":27.035,
            "가치 총점":33.7425,
            "매매실거래년":20220123.0,
            "매매실거래가":12800.0,
            "전세실거래년":20210723.0,
            "전세실거래가":10000.0,
            "전세가율":78.12,
            "장기전세가율평균":78.41,
            "전세가율거품지수":0.29,
            "검색코드":15395,
            "세대수":185.0,
            "준공년월":"1982-12-08",
            "준공년차":41.0,
            "가까운역이름":"NA",
            "가까운역거리":"NA",
            "역세권여부":"NA",
            "30분이내주요거점역":"NA",
            "30분거점역이름":"NA",
            "1시간이내주요거점역":"NA",
            "1시간거점역이름":"NA",
            "3km이내백화점수":0,
            "5km이내아울렛몰수":0,
            "1km이내대형먀트수":2,
            "500m이내은행수":2,
            "500m이내병원수":11,
            "5km이내대형병원수":5,
            "500m이내공원수":3,
            "3km이내혐오시설수":0,
            "초등학교학업성취도":90.03,
            "중학교학업성취도":68.0,
            "용적률":0,
            "건폐율":0,
            "Y":36.641293,
            "X":127.486402,
            "rank":78.0,
            "area_info":"21평(70.78), 21평(71.82), 24평(80.89), 24평(81.43), 28평(93.15), 29평(96.27)",
            "last_sales":"2022-01-23,12800.0,21평(70.78)",
            "rank_history":[
                [
                    "202203",
                    78
                ],
                [
                    "202202",
                    71
                ],
                [
                    "202201",
                    73
                ]
            ],
            "rank_gap":-7
        },
        {
            "index":203,
            "아파트명":"영운한진신세대",
            "투자타입":"일반",
            "전용면적(m2)":"58.07",
            "전용면적(평)":"17평",
            "법정동주소":"충청북도 청주시 상당구 영운동 33-1",
            "도로명주소":"충청북도 청주시 상당구 영운천로119번길 7",
            "세대수":0,
            "입주년차":0,
            "용적률점수":"--",
            "건폐율점수":"--",
            "세대당주차수":0,
            "난방방식":30,
            "공급면적":"--",
            "전용률":"--",
            "욕실수":50,
            "현관타입":10,
            "주거총점":9.0,
            "지역구공급총점":0.0,
            "역세권":"NA",
            "30분내 이동가능 거점":"NA",
            "1시간내 이동가능 거점":"NA",
            "교통총점":"NA",
            "백화점":0,
            "아울렛몰":0,
            "대형마트":80,
            "은행":0,
            "병원":60,
            "종합병원":100,
            "공원":100,
            "혐오시설":0,
            "인프라총점":41.0,
            "초등학군":90.01,
            "중학군":46.26,
            "학군총점":55.01,
            "인구수":20.81,
            "인구증감":-0.33,
            "인구총점":14.468,
            "일자리":12.26,
            "소득수준":61.51,
            "일자리총점":27.035,
            "가치 총점":33.3025,
            "매매실거래년":20220204.0,
            "매매실거래가":5500.0,
            "전세실거래년":20210630.0,
            "전세실거래가":5200.0,
            "전세가율":94.55,
            "장기전세가율평균":78.41,
            "전세가율거품지수":-16.14,
            "검색코드":12785,
            "세대수":272.0,
            "준공년월":"1997-09-12",
            "준공년차":26.0,
            "가까운역이름":"NA",
            "가까운역거리":"NA",
            "역세권여부":"NA",
            "30분이내주요거점역":"NA",
            "30분거점역이름":"NA",
            "1시간이내주요거점역":"NA",
            "1시간거점역이름":"NA",
            "3km이내백화점수":0,
            "5km이내아울렛몰수":0,
            "1km이내대형먀트수":1,
            "500m이내은행수":0,
            "500m이내병원수":20,
            "5km이내대형병원수":4,
            "500m이내공원수":2,
            "3km이내혐오시설수":0,
            "초등학교학업성취도":90.01,
            "중학교학업성취도":77.1,
            "용적률":368,
            "건폐율":29,
            "Y":36.620738,
            "X":127.510352,
            "rank":79.0,
            "area_info":"17평(58.07)",
            "last_sales":"2022-02-04,5500.0,17평(58.07)",
            "rank_history":[
                [
                    "202203",
                    79
                ],
                [
                    "202202",
                    72
                ],
                [
                    "202201",
                    71
                ]
            ],
            "rank_gap":-7
        },
        {
            "index":14,
            "아파트명":"덕성",
            "투자타입":"일반",
            "전용면적(m2)":"94.05",
            "전용면적(평)":"28평",
            "법정동주소":"충청북도 청주시 상당구 금천동 81",
            "도로명주소":"충청북도 청주시 상당구 꽃산동로 15-1",
            "세대수":0,
            "입주년차":0,
            "용적률점수":"--",
            "건폐율점수":"--",
            "세대당주차수":0,
            "난방방식":30,
            "공급면적":"--",
            "전용률":"--",
            "욕실수":50,
            "현관타입":10,
            "주거총점":9.0,
            "지역구공급총점":0.0,
            "역세권":"NA",
            "30분내 이동가능 거점":"NA",
            "1시간내 이동가능 거점":"NA",
            "교통총점":"NA",
            "백화점":0,
            "아울렛몰":0,
            "대형마트":100,
            "은행":0,
            "병원":30,
            "종합병원":100,
            "공원":0,
            "혐오시설":0,
            "인프라총점":38.0,
            "초등학군":90.01,
            "중학군":47.96,
            "학군총점":56.37,
            "인구수":20.81,
            "인구증감":-0.33,
            "인구총점":14.468,
            "일자리":12.26,
            "소득수준":61.51,
            "일자리총점":27.035,
            "가치 총점":32.4425,
            "매매실거래년":20220115.0,
            "매매실거래가":7500.0,
            "전세실거래년":20211022.0,
            "전세실거래가":7000.0,
            "전세가율":93.33,
            "장기전세가율평균":78.41,
            "전세가율거품지수":-14.92,
            "검색코드":6997,
            "세대수":105.0,
            "준공년월":"1993-04-24",
            "준공년차":30.0,
            "가까운역이름":"NA",
            "가까운역거리":"NA",
            "역세권여부":"NA",
            "30분이내주요거점역":"NA",
            "30분거점역이름":"NA",
            "1시간이내주요거점역":"NA",
            "1시간거점역이름":"NA",
            "3km이내백화점수":0,
            "5km이내아울렛몰수":0,
            "1km이내대형먀트수":2,
            "500m이내은행수":0,
            "500m이내병원수":6,
            "5km이내대형병원수":4,
            "500m이내공원수":0,
            "3km이내혐오시설수":0,
            "초등학교학업성취도":90.01,
            "중학교학업성취도":79.0,
            "용적률":260,
            "건폐율":24,
            "Y":36.62476,
            "X":127.50948,
            "rank":80.0,
            "area_info":"28평(94.05)",
            "last_sales":"2022-01-15,7500.0,28평(94.05)",
            "rank_history":[
                [
                    "202203",
                    80
                ],
                [
                    "202202",
                    73
                ],
                [
                    "202201",
                    74
                ]
            ],
            "rank_gap":-7
        },
        {
            "index":353,
            "아파트명":"삼일맨션",
            "투자타입":"재건축",
            "전용면적(m2)":"91.85",
            "전용면적(평)":"27평",
            "법정동주소":"충청북도 청주시 상당구 탑동 83",
            "도로명주소":"충청북도 청주시 상당구 산성로49번길 4",
            "세대수":0,
            "입주년차":"--",
            "용적률점수":0,
            "건폐율점수":0,
            "세대당주차수":"--",
            "난방방식":"--",
            "공급면적":70,
            "전용률":80,
            "욕실수":"--",
            "현관타입":"--",
            "주거총점":7.5,
            "지역구공급총점":0.0,
            "역세권":"NA",
            "30분내 이동가능 거점":"NA",
            "1시간내 이동가능 거점":"NA",
            "교통총점":"NA",
            "백화점":0,
            "아울렛몰":0,
            "대형마트":0,
            "은행":70,
            "병원":80,
            "종합병원":100,
            "공원":100,
            "혐오시설":0,
            "인프라총점":38.0,
            "초등학군":90.01,
            "중학군":49.82,
            "학군총점":57.858,
            "인구수":20.81,
            "인구증감":-0.33,
            "인구총점":14.468,
            "일자리":12.26,
            "소득수준":61.51,
            "일자리총점":27.035,
            "가치 총점":32.2895,
            "매매실거래년":20220212.0,
            "매매실거래가":15500.0,
            "전세실거래년":20210630.0,
            "전세실거래가":8000.0,
            "전세가율":86.02,
            "장기전세가율평균":78.41,
            "전세가율거품지수":-7.61,
            "검색코드":7467,
            "세대수":170.0,
            "준공년월":"1988-09-23",
            "준공년차":35.0,
            "가까운역이름":"NA",
            "가까운역거리":"NA",
            "역세권여부":"NA",
            "30분이내주요거점역":"NA",
            "30분거점역이름":"NA",
            "1시간이내주요거점역":"NA",
            "1시간거점역이름":"NA",
            "3km이내백화점수":0,
            "5km이내아울렛몰수":0,
            "1km이내대형먀트수":0,
            "500m이내은행수":3,
            "500m이내병원수":31,
            "5km이내대형병원수":4,
            "500m이내공원수":6,
            "3km이내혐오시설수":0,
            "초등학교학업성취도":90.01,
            "중학교학업성취도":81.7,
            "용적률":0,
            "건폐율":0,
            "Y":36.628905,
            "X":127.500024,
            "rank":81.0,
            "area_info":"27평(91.85), 29평(96.66), 29평(96.56), 44평(147.24)",
            "last_sales":"2022-02-12,15500.0,44평(147.24)",
            "rank_history":[
                [
                    "202203",
                    81
                ],
                [
                    "202202",
                    75
                ],
                [
                    "202201",
                    72
                ]
            ],
            "rank_gap":-6
        },
        {
            "index":57,
            "아파트명":"효성1차",
            "투자타입":"일반",
            "전용면적(m2)":"39.11",
            "전용면적(평)":"11평",
            "법정동주소":"충청북도 청주시 상당구 금천동 124",
            "도로명주소":"충청북도 청주시 상당구 수영로 204",
            "세대수":50,
            "입주년차":0,
            "용적률점수":"--",
            "건폐율점수":"--",
            "세대당주차수":0,
            "난방방식":30,
            "공급면적":"--",
            "전용률":"--",
            "욕실수":50,
            "현관타입":10,
            "주거총점":26.5,
            "지역구공급총점":0.0,
            "역세권":"NA",
            "30분내 이동가능 거점":"NA",
            "1시간내 이동가능 거점":"NA",
            "교통총점":"NA",
            "백화점":0,
            "아울렛몰":0,
            "대형마트":0,
            "은행":0,
            "병원":30,
            "종합병원":100,
            "공원":0,
            "혐오시설":0,
            "인프라총점":23.0,
            "초등학군":90.01,
            "중학군":46.26,
            "학군총점":55.01,
            "인구수":20.81,
            "인구증감":-0.33,
            "인구총점":14.468,
            "일자리":12.26,
            "소득수준":61.51,
            "일자리총점":27.035,
            "가치 총점":32.2275,
            "매매실거래년":20220221.0,
            "매매실거래가":3400.0,
            "전세실거래년":20210605.0,
            "전세실거래가":2500.0,
            "전세가율":73.53,
            "장기전세가율평균":78.41,
            "전세가율거품지수":4.88,
            "검색코드":12729,
            "세대수":495.0,
            "준공년월":"1998-08-27",
            "준공년차":25.0,
            "가까운역이름":"NA",
            "가까운역거리":"NA",
            "역세권여부":"NA",
            "30분이내주요거점역":"NA",
            "30분거점역이름":"NA",
            "1시간이내주요거점역":"NA",
            "1시간거점역이름":"NA",
            "3km이내백화점수":0,
            "5km이내아울렛몰수":0,
            "1km이내대형먀트수":0,
            "500m이내은행수":0,
            "500m이내병원수":8,
            "5km이내대형병원수":4,
            "500m이내공원수":0,
            "3km이내혐오시설수":0,
            "초등학교학업성취도":90.01,
            "중학교학업성취도":77.1,
            "용적률":253,
            "건폐율":30,
            "Y":36.622541,
            "X":127.504035,
            "rank":82.0,
            "area_info":"11평(39.11), 25평(85.85), 31평(103.55)",
            "last_sales":"2022-02-21,3400.0,11평(39.11)",
            "rank_history":[
                [
                    "202203",
                    82
                ],
                [
                    "202202",
                    74
                ],
                [
                    "202201",
                    70
                ]
            ],
            "rank_gap":-8
        },
        {
            "index":164,
            "아파트명":"정원",
            "투자타입":"재건축",
            "전용면적(m2)":"89.38",
            "전용면적(평)":"27평",
            "법정동주소":"충청북도 청주시 상당구 북문로3가 87-6",
            "도로명주소":"충청북도 청주시 상당구 중앙로 53",
            "세대수":0,
            "입주년차":"--",
            "용적률점수":0,
            "건폐율점수":0,
            "세대당주차수":"--",
            "난방방식":"--",
            "공급면적":70,
            "전용률":60,
            "욕실수":"--",
            "현관타입":"--",
            "주거총점":6.5,
            "지역구공급총점":0.0,
            "역세권":"NA",
            "30분내 이동가능 거점":"NA",
            "1시간내 이동가능 거점":"NA",
            "교통총점":"NA",
            "백화점":0,
            "아울렛몰":0,
            "대형마트":100,
            "은행":20,
            "병원":60,
            "종합병원":100,
            "공원":0,
            "혐오시설":0,
            "인프라총점":43.0,
            "초등학군":90.03,
            "중학군":41.08,
            "학군총점":50.87,
            "인구수":20.81,
            "인구증감":-0.33,
            "인구총점":14.468,
            "일자리":12.26,
            "소득수준":61.51,
            "일자리총점":27.035,
            "가치 총점":32.1925,
            "매매실거래년":20220123.0,
            "매매실거래가":15300.0,
            "전세실거래년":20220215.0,
            "전세실거래가":11000.0,
            "전세가율":71.9,
            "장기전세가율평균":78.41,
            "전세가율거품지수":6.51,
            "검색코드":107290,
            "세대수":52.0,
            "준공년월":"1982-05-07",
            "준공년차":41.0,
            "가까운역이름":"NA",
            "가까운역거리":"NA",
            "역세권여부":"NA",
            "30분이내주요거점역":"NA",
            "30분거점역이름":"NA",
            "1시간이내주요거점역":"NA",
            "1시간거점역이름":"NA",
            "3km이내백화점수":0,
            "5km이내아울렛몰수":0,
            "1km이내대형먀트수":2,
            "500m이내은행수":2,
            "500m이내병원수":10,
            "5km이내대형병원수":5,
            "500m이내공원수":0,
            "3km이내혐오시설수":0,
            "초등학교학업성취도":90.03,
            "중학교학업성취도":68.0,
            "용적률":0,
            "건폐율":0,
            "Y":36.642084,
            "X":127.488096,
            "rank":83.0,
            "area_info":"27평(89.38), 28평(93.78), 30평(102.46), 30평(102.36), 32평(107.08), 40평(132.52), 41평(138.25)",
            "last_sales":"2022-01-23,15300.0,27평(89.38)",
            "rank_history":[
                [
                    "202203",
                    83
                ],
                [
                    "202202",
                    9999
                ]
            ],
            "rank_gap":9999
        },
        {
            "index":84,
            "아파트명":"우성",
            "투자타입":"재건축",
            "전용면적(m2)":"111.39",
            "전용면적(평)":"33평",
            "법정동주소":"충청북도 청주시 상당구 대성동 5",
            "도로명주소":"충청북도 청주시 상당구 용담로63번길 33",
            "세대수":50,
            "입주년차":"--",
            "용적률점수":0,
            "건폐율점수":0,
            "세대당주차수":"--",
            "난방방식":"--",
            "공급면적":90,
            "전용률":60,
            "욕실수":"--",
            "현관타입":"--",
            "주거총점":22.5,
            "지역구공급총점":0.0,
            "역세권":"NA",
            "30분내 이동가능 거점":"NA",
            "1시간내 이동가능 거점":"NA",
            "교통총점":"NA",
            "백화점":0,
            "아울렛몰":0,
            "대형마트":0,
            "은행":0,
            "병원":10,
            "종합병원":100,
            "공원":80,
            "혐오시설":0,
            "인프라총점":23.4,
            "초등학군":89.99,
            "중학군":49.82,
            "학군총점":57.854,
            "인구수":20.81,
            "인구증감":-0.33,
            "인구총점":14.468,
            "일자리":12.26,
            "소득수준":61.51,
            "일자리총점":27.035,
            "가치 총점":31.6985,
            "매매실거래년":20220121.0,
            "매매실거래가":18000.0,
            "전세실거래년":20210914.0,
            "전세실거래가":10000.0,
            "전세가율":55.56,
            "장기전세가율평균":78.41,
            "전세가율거품지수":22.85,
            "검색코드":13328,
            "세대수":554.0,
            "준공년월":"1991-10-30",
            "준공년차":32.0,
            "가까운역이름":"NA",
            "가까운역거리":"NA",
            "역세권여부":"NA",
            "30분이내주요거점역":"NA",
            "30분거점역이름":"NA",
            "1시간이내주요거점역":"NA",
            "1시간거점역이름":"NA",
            "3km이내백화점수":0,
            "5km이내아울렛몰수":0,
            "1km이내대형먀트수":0,
            "500m이내은행수":1,
            "500m이내병원수":4,
            "5km이내대형병원수":5,
            "500m이내공원수":1,
            "3km이내혐오시설수":0,
            "초등학교학업성취도":89.99,
            "중학교학업성취도":81.7,
            "용적률":0,
            "건폐율":0,
            "Y":36.633541,
            "X":127.498832,
            "rank":84.0,
            "area_info":"33평(111.39), 46평(153.66), 59평(197.6)",
            "last_sales":"2022-01-21,18000.0,33평(111.39)",
            "rank_history":[
                [
                    "202203",
                    84
                ],
                [
                    "202202",
                    76
                ],
                [
                    "202201",
                    76
                ]
            ],
            "rank_gap":-8
        },
        {
            "index":358,
            "아파트명":"소망",
            "투자타입":"재건축",
            "전용면적(m2)":"71.12",
            "전용면적(평)":"21평",
            "법정동주소":"충청북도 청주시 상당구 탑동 1",
            "도로명주소":"충청북도 청주시 상당구 탑동로 85",
            "세대수":0,
            "입주년차":"--",
            "용적률점수":0,
            "건폐율점수":0,
            "세대당주차수":"--",
            "난방방식":"--",
            "공급면적":50,
            "전용률":100,
            "욕실수":"--",
            "현관타입":"--",
            "주거총점":7.5,
            "지역구공급총점":0.0,
            "역세권":"NA",
            "30분내 이동가능 거점":"NA",
            "1시간내 이동가능 거점":"NA",
            "교통총점":"NA",
            "백화점":0,
            "아울렛몰":0,
            "대형마트":0,
            "은행":70,
            "병원":80,
            "종합병원":100,
            "공원":80,
            "혐오시설":0,
            "인프라총점":37.4,
            "초등학군":89.99,
            "중학군":47.96,
            "학군총점":56.366,
            "인구수":20.81,
            "인구증감":-0.33,
            "인구총점":14.468,
            "일자리":12.26,
            "소득수준":61.51,
            "일자리총점":27.035,
            "가치 총점":31.6765,
            "매매실거래년":20210308.0,
            "매매실거래가":7500.0,
            "전세실거래년":20180910.0,
            "전세실거래가":5000.0,
            "전세가율":66.67,
            "장기전세가율평균":78.41,
            "전세가율거품지수":11.74,
            "검색코드":105116,
            "세대수":60.0,
            "준공년월":"1987-10-28",
            "준공년차":36.0,
            "가까운역이름":"NA",
            "가까운역거리":"NA",
            "역세권여부":"NA",
            "30분이내주요거점역":"NA",
            "30분거점역이름":"NA",
            "1시간이내주요거점역":"NA",
            "1시간거점역이름":"NA",
            "3km이내백화점수":0,
            "5km이내아울렛몰수":0,
            "1km이내대형먀트수":0,
            "500m이내은행수":3,
            "500m이내병원수":47,
            "5km이내대형병원수":5,
            "500m이내공원수":1,
            "3km이내혐오시설수":0,
            "초등학교학업성취도":89.99,
            "중학교학업성취도":79.0,
            "용적률":0,
            "건폐율":0,
            "Y":36.632483,
            "X":127.502238,
            "rank":85.0,
            "area_info":"21평(71.12), 21평(72.62)",
            "last_sales":"2021-03-08,7500.0,21평(71.12)",
            "rank_history":[
                [
                    "202203",
                    85
                ],
                [
                    "202202",
                    9999
                ]
            ],
            "rank_gap":9999
        },
        {
            "index":20,
            "아파트명":"양지",
            "투자타입":"재건축",
            "전용면적(m2)":"52.87",
            "전용면적(평)":"15평",
            "법정동주소":"충청북도 청주시 상당구 금천동 70-1",
            "도로명주소":"충청북도 청주시 상당구 꽃산동로 13-1",
            "세대수":0,
            "입주년차":"--",
            "용적률점수":0,
            "건폐율점수":0,
            "세대당주차수":"--",
            "난방방식":"--",
            "공급면적":50,
            "전용률":80,
            "욕실수":"--",
            "현관타입":"--",
            "주거총점":6.5,
            "지역구공급총점":0.0,
            "역세권":"NA",
            "30분내 이동가능 거점":"NA",
            "1시간내 이동가능 거점":"NA",
            "교통총점":"NA",
            "백화점":0,
            "아울렛몰":0,
            "대형마트":100,
            "은행":0,
            "병원":30,
            "종합병원":100,
            "공원":0,
            "혐오시설":0,
            "인프라총점":38.0,
            "초등학군":90.01,
            "중학군":47.96,
            "학군총점":56.37,
            "인구수":20.81,
            "인구증감":-0.33,
            "인구총점":14.468,
            "일자리":12.26,
            "소득수준":61.51,
            "일자리총점":27.035,
            "가치 총점":31.5675,
            "매매실거래년":20211229.0,
            "매매실거래가":4200.0,
            "전세실거래년":20220217.0,
            "전세실거래가":4500.0,
            "전세가율":107.14,
            "장기전세가율평균":78.41,
            "전세가율거품지수":-28.73,
            "검색코드":7004,
            "세대수":100.0,
            "준공년월":"1990-03-03",
            "준공년차":33.0,
            "가까운역이름":"NA",
            "가까운역거리":"NA",
            "역세권여부":"NA",
            "30분이내주요거점역":"NA",
            "30분거점역이름":"NA",
            "1시간이내주요거점역":"NA",
            "1시간거점역이름":"NA",
            "3km이내백화점수":0,
            "5km이내아울렛몰수":0,
            "1km이내대형먀트수":2,
            "500m이내은행수":0,
            "500m이내병원수":5,
            "5km이내대형병원수":4,
            "500m이내공원수":0,
            "3km이내혐오시설수":0,
            "초등학교학업성취도":90.01,
            "중학교학업성취도":79.0,
            "용적률":0,
            "건폐율":0,
            "Y":36.625377,
            "X":127.509842,
            "rank":86.0,
            "area_info":"15평(52.87), 16평(55.76)",
            "last_sales":"2021-12-29,4200.0,15평(52.87)",
            "rank_history":[
                [
                    "202203",
                    86
                ],
                [
                    "202202",
                    77
                ],
                [
                    "202201",
                    81
                ]
            ],
            "rank_gap":-9
        },
        {
            "index":77,
            "아파트명":"대성",
            "투자타입":"재건축",
            "전용면적(m2)":"66.71",
            "전용면적(평)":"20평",
            "법정동주소":"충청북도 청주시 상당구 대성동 88-1",
            "도로명주소":"충청북도 청주시 상당구 대성로122번길 56",
            "세대수":0,
            "입주년차":"--",
            "용적률점수":0,
            "건폐율점수":0,
            "세대당주차수":"--",
            "난방방식":"--",
            "공급면적":50,
            "전용률":60,
            "욕실수":"--",
            "현관타입":"--",
            "주거총점":5.5,
            "지역구공급총점":0.0,
            "역세권":"NA",
            "30분내 이동가능 거점":"NA",
            "1시간내 이동가능 거점":"NA",
            "교통총점":"NA",
            "백화점":0,
            "아울렛몰":0,
            "대형마트":80,
            "은행":20,
            "병원":10,
            "종합병원":100,
            "공원":80,
            "혐오시설":0,
            "인프라총점":37.4,
            "초등학군":89.99,
            "중학군":50.32,
            "학군총점":58.254,
            "인구수":20.81,
            "인구증감":-0.33,
            "인구총점":14.468,
            "일자리":12.26,
            "소득수준":61.51,
            "일자리총점":27.035,
            "가치 총점":31.4485,
            "매매실거래년":20200518.0,
            "매매실거래가":4000.0,
            "전세실거래년":20120623.0,
            "전세실거래가":2500.0,
            "전세가율":62.5,
            "장기전세가율평균":78.41,
            "전세가율거품지수":15.91,
            "검색코드":146377,
            "세대수":80.0,
            "준공년월":"1986-01-10",
            "준공년차":37.0,
            "가까운역이름":"NA",
            "가까운역거리":"NA",
            "역세권여부":"NA",
            "30분이내주요거점역":"NA",
            "30분거점역이름":"NA",
            "1시간이내주요거점역":"NA",
            "1시간거점역이름":"NA",
            "3km이내백화점수":0,
            "5km이내아울렛몰수":0,
            "1km이내대형먀트수":1,
            "500m이내은행수":2,
            "500m이내병원수":4,
            "5km이내대형병원수":5,
            "500m이내공원수":1,
            "3km이내혐오시설수":0,
            "초등학교학업성취도":89.99,
            "중학교학업성취도":82.2,
            "용적률":0,
            "건폐율":0,
            "Y":36.63638,
            "X":127.495995,
            "rank":87.0,
            "area_info":"20평(66.71), 20평(67.96), 20평(67.11), 20평(68.65), 20평(68.65)",
            "last_sales":"2020-05-18,4000.0,20평(66.71)",
            "rank_history":[
                [
                    "202203",
                    87
                ],
                [
                    "202202",
                    9999
                ]
            ],
            "rank_gap":9999
        },
        {
            "index":185,
            "아파트명":"삼진화랑",
            "투자타입":"일반",
            "전용면적(m2)":"83.66",
            "전용면적(평)":"25평",
            "법정동주소":"충청북도 청주시 상당구 영운동 52-3",
            "도로명주소":"충청북도 청주시 상당구 영운천로83번길 25",
            "세대수":0,
            "입주년차":0,
            "용적률점수":"--",
            "건폐율점수":"--",
            "세대당주차수":0,
            "난방방식":30,
            "공급면적":"--",
            "전용률":"--",
            "욕실수":50,
            "현관타입":10,
            "주거총점":9.0,
            "지역구공급총점":0.0,
            "역세권":"NA",
            "30분내 이동가능 거점":"NA",
            "1시간내 이동가능 거점":"NA",
            "교통총점":"NA",
            "백화점":0,
            "아울렛몰":0,
            "대형마트":80,
            "은행":0,
            "병원":10,
            "종합병원":100,
            "공원":80,
            "혐오시설":0,
            "인프라총점":35.4,
            "초등학군":89.99,
            "중학군":46.26,
            "학군총점":55.006,
            "인구수":20.81,
            "인구증감":-0.33,
            "인구총점":14.468,
            "일자리":12.26,
            "소득수준":61.51,
            "일자리총점":27.035,
            "가치 총점":31.0615,
            "매매실거래년":20211030.0,
            "매매실거래가":8350.0,
            "전세실거래년":20210222.0,
            "전세실거래가":7400.0,
            "전세가율":88.62,
            "장기전세가율평균":78.41,
            "전세가율거품지수":-10.21,
            "검색코드":15396,
            "세대수":86.0,
            "준공년월":"1994-06-10",
            "준공년차":29.0,
            "가까운역이름":"NA",
            "가까운역거리":"NA",
            "역세권여부":"NA",
            "30분이내주요거점역":"NA",
            "30분거점역이름":"NA",
            "1시간이내주요거점역":"NA",
            "1시간거점역이름":"NA",
            "3km이내백화점수":0,
            "5km이내아울렛몰수":0,
            "1km이내대형먀트수":1,
            "500m이내은행수":0,
            "500m이내병원수":3,
            "5km이내대형병원수":4,
            "500m이내공원수":1,
            "3km이내혐오시설수":0,
            "초등학교학업성취도":89.99,
            "중학교학업성취도":77.1,
            "용적률":202,
            "건폐율":31,
            "Y":36.62037,
            "X":127.506206,
            "rank":88.0,
            "area_info":"25평(83.66)",
            "last_sales":"2021-10-30,8350.0,25평(83.66)",
            "rank_history":[
                [
                    "202203",
                    88
                ],
                [
                    "202202",
                    9999
                ]
            ],
            "rank_gap":9999
        },
        {
            "index":205,
            "아파트명":"진흥",
            "투자타입":"재건축",
            "전용면적(m2)":"73.25",
            "전용면적(평)":"22평",
            "법정동주소":"충청북도 청주시 상당구 영운동 40-5",
            "도로명주소":"충청북도 청주시 상당구 영운천로91번길 35",
            "세대수":0,
            "입주년차":"--",
            "용적률점수":0,
            "건폐율점수":0,
            "세대당주차수":"--",
            "난방방식":"--",
            "공급면적":50,
            "전용률":80,
            "욕실수":"--",
            "현관타입":"--",
            "주거총점":6.5,
            "지역구공급총점":0.0,
            "역세권":"NA",
            "30분내 이동가능 거점":"NA",
            "1시간내 이동가능 거점":"NA",
            "교통총점":"NA",
            "백화점":0,
            "아울렛몰":0,
            "대형마트":80,
            "은행":0,
            "병원":30,
            "종합병원":100,
            "공원":80,
            "혐오시설":0,
            "인프라총점":37.4,
            "초등학군":90.01,
            "중학군":46.26,
            "학군총점":55.01,
            "인구수":20.81,
            "인구증감":-0.33,
            "인구총점":14.468,
            "일자리":12.26,
            "소득수준":61.51,
            "일자리총점":27.035,
            "가치 총점":30.9875,
            "매매실거래년":20220122.0,
            "매매실거래가":6100.0,
            "전세실거래년":20220118.0,
            "전세실거래가":6300.0,
            "전세가율":96.92,
            "장기전세가율평균":78.41,
            "전세가율거품지수":-18.51,
            "검색코드":15398,
            "세대수":110.0,
            "준공년월":"1987-01-28",
            "준공년차":36.0,
            "가까운역이름":"NA",
            "가까운역거리":"NA",
            "역세권여부":"NA",
            "30분이내주요거점역":"NA",
            "30분거점역이름":"NA",
            "1시간이내주요거점역":"NA",
            "1시간거점역이름":"NA",
            "3km이내백화점수":0,
            "5km이내아울렛몰수":0,
            "1km이내대형먀트수":1,
            "500m이내은행수":0,
            "500m이내병원수":7,
            "5km이내대형병원수":4,
            "500m이내공원수":1,
            "3km이내혐오시설수":0,
            "초등학교학업성취도":90.01,
            "중학교학업성취도":77.1,
            "용적률":0,
            "건폐율":0,
            "Y":36.621019,
            "X":127.506236,
            "rank":89.0,
            "area_info":"22평(73.25), 23평(76.15)",
            "last_sales":"2022-01-22,6100.0,23평(76.15)",
            "rank_history":[
                [
                    "202203",
                    89
                ],
                [
                    "202202",
                    78
                ],
                [
                    "202201",
                    75
                ]
            ],
            "rank_gap":-11
        },
        {
            "index":192,
            "아파트명":"신라송림",
            "투자타입":"일반",
            "전용면적(m2)":"62.16",
            "전용면적(평)":"18평",
            "법정동주소":"충청북도 청주시 상당구 영운동 145-11",
            "도로명주소":"충청북도 청주시 상당구 단재로77번길 21-22",
            "세대수":30,
            "입주년차":0,
            "용적률점수":"--",
            "건폐율점수":"--",
            "세대당주차수":0,
            "난방방식":30,
            "공급면적":"--",
            "전용률":"--",
            "욕실수":50,
            "현관타입":10,
            "주거총점":19.5,
            "지역구공급총점":0.0,
            "역세권":"NA",
            "30분내 이동가능 거점":"NA",
            "1시간내 이동가능 거점":"NA",
            "교통총점":"NA",
            "백화점":0,
            "아울렛몰":0,
            "대형마트":0,
            "은행":0,
            "병원":10,
            "종합병원":100,
            "공원":80,
            "혐오시설":0,
            "인프라총점":23.4,
            "초등학군":90.05,
            "중학군":49.82,
            "학군총점":57.866,
            "인구수":20.81,
            "인구증감":-0.33,
            "인구총점":14.468,
            "일자리":12.26,
            "소득수준":61.51,
            "일자리총점":27.035,
            "가치 총점":30.6515,
            "매매실거래년":20220211.0,
            "매매실거래가":13500.0,
            "전세실거래년":null,
            "전세실거래가":null,
            "전세가율":null,
            "장기전세가율평균":78.41,
            "전세가율거품지수":null,
            "검색코드":12726,
            "세대수":393.0,
            "준공년월":"1995-12-09",
            "준공년차":28.0,
            "가까운역이름":"NA",
            "가까운역거리":"NA",
            "역세권여부":"NA",
            "30분이내주요거점역":"NA",
            "30분거점역이름":"NA",
            "1시간이내주요거점역":"NA",
            "1시간거점역이름":"NA",
            "3km이내백화점수":0,
            "5km이내아울렛몰수":0,
            "1km이내대형먀트수":0,
            "500m이내은행수":0,
            "500m이내병원수":2,
            "5km이내대형병원수":4,
            "500m이내공원수":1,
            "3km이내혐오시설수":0,
            "초등학교학업성취도":90.05,
            "중학교학업성취도":81.7,
            "용적률":275,
            "건폐율":24,
            "Y":36.62254,
            "X":127.497315,
            "rank":90.0,
            "area_info":"18평(62.16), 23평(76.04), 25평(83.31), 27평(91.32), 31평(103.58), 31평(105.67)",
            "last_sales":"2022-02-11,13500.0,31평(103.58)",
            "rank_history":[
                [
                    "202203",
                    90
                ],
                [
                    "202202",
                    79
                ],
                [
                    "202201",
                    80
                ]
            ],
            "rank_gap":-11
        },
        {
            "index":198,
            "아파트명":"영운두산하이츠타운(두산독신자)",
            "투자타입":"재건축",
            "전용면적(m2)":"35.01",
            "전용면적(평)":"10평",
            "법정동주소":"충청북도 청주시 상당구 영운동 135-19",
            "도로명주소":"충청북도 청주시 상당구 단재로95번길 40",
            "세대수":0,
            "입주년차":"--",
            "용적률점수":0,
            "건폐율점수":80,
            "세대당주차수":"--",
            "난방방식":"--",
            "공급면적":50,
            "전용률":40,
            "욕실수":"--",
            "현관타입":"--",
            "주거총점":20.5,
            "지역구공급총점":0.0,
            "역세권":"NA",
            "30분내 이동가능 거점":"NA",
            "1시간내 이동가능 거점":"NA",
            "교통총점":"NA",
            "백화점":0,
            "아울렛몰":0,
            "대형마트":0,
            "은행":0,
            "병원":10,
            "종합병원":100,
            "공원":80,
            "혐오시설":0,
            "인프라총점":23.4,
            "초등학군":90.05,
            "중학군":46.26,
            "학군총점":55.018,
            "인구수":20.81,
            "인구증감":-0.33,
            "인구총점":14.468,
            "일자리":12.26,
            "소득수준":61.51,
            "일자리총점":27.035,
            "가치 총점":30.2895,
            "매매실거래년":20220224.0,
            "매매실거래가":2250.0,
            "전세실거래년":20211230.0,
            "전세실거래가":2200.0,
            "전세가율":97.78,
            "장기전세가율평균":78.41,
            "전세가율거품지수":-19.37,
            "검색코드":102059,
            "세대수":296.0,
            "준공년월":"1992-06-29",
            "준공년차":31.0,
            "가까운역이름":"NA",
            "가까운역거리":"NA",
            "역세권여부":"NA",
            "30분이내주요거점역":"NA",
            "30분거점역이름":"NA",
            "1시간이내주요거점역":"NA",
            "1시간거점역이름":"NA",
            "3km이내백화점수":0,
            "5km이내아울렛몰수":0,
            "1km이내대형먀트수":0,
            "500m이내은행수":0,
            "500m이내병원수":3,
            "5km이내대형병원수":4,
            "500m이내공원수":1,
            "3km이내혐오시설수":0,
            "초등학교학업성취도":90.05,
            "중학교학업성취도":77.1,
            "용적률":299,
            "건폐율":24,
            "Y":36.621168,
            "X":127.498889,
            "rank":91.0,
            "area_info":"10평(35.01)",
            "last_sales":"2022-02-24,2250.0,10평(35.01)",
            "rank_history":[
                [
                    "202203",
                    91
                ],
                [
                    "202202",
                    80
                ],
                [
                    "202201",
                    78
                ]
            ],
            "rank_gap":-11
        },
        {
            "index":182,
            "아파트명":"삼진",
            "투자타입":"재건축",
            "전용면적(m2)":"63.79",
            "전용면적(평)":"19평",
            "법정동주소":"충청북도 청주시 상당구 영운동 41-3",
            "도로명주소":"충청북도 청주시 상당구 영운천로69번길 57",
            "세대수":0,
            "입주년차":"--",
            "용적률점수":0,
            "건폐율점수":0,
            "세대당주차수":"--",
            "난방방식":"--",
            "공급면적":50,
            "전용률":80,
            "욕실수":"--",
            "현관타입":"--",
            "주거총점":6.5,
            "지역구공급총점":0.0,
            "역세권":"NA",
            "30분내 이동가능 거점":"NA",
            "1시간내 이동가능 거점":"NA",
            "교통총점":"NA",
            "백화점":0,
            "아울렛몰":0,
            "대형마트":80,
            "은행":0,
            "병원":30,
            "종합병원":100,
            "공원":0,
            "혐오시설":0,
            "인프라총점":35.0,
            "초등학군":90.05,
            "중학군":46.26,
            "학군총점":55.018,
            "인구수":20.81,
            "인구증감":-0.33,
            "인구총점":14.468,
            "일자리":12.26,
            "소득수준":61.51,
            "일자리총점":27.035,
            "가치 총점":30.0295,
            "매매실거래년":20210928.0,
            "매매실거래가":5500.0,
            "전세실거래년":20200805.0,
            "전세실거래가":4800.0,
            "전세가율":96.0,
            "장기전세가율평균":78.41,
            "전세가율거품지수":-17.59,
            "검색코드":107264,
            "세대수":132.0,
            "준공년월":"1992-05-28",
            "준공년차":31.0,
            "가까운역이름":"NA",
            "가까운역거리":"NA",
            "역세권여부":"NA",
            "30분이내주요거점역":"NA",
            "30분거점역이름":"NA",
            "1시간이내주요거점역":"NA",
            "1시간거점역이름":"NA",
            "3km이내백화점수":0,
            "5km이내아울렛몰수":0,
            "1km이내대형먀트수":1,
            "500m이내은행수":0,
            "500m이내병원수":8,
            "5km이내대형병원수":4,
            "500m이내공원수":0,
            "3km이내혐오시설수":0,
            "초등학교학업성취도":90.05,
            "중학교학업성취도":77.1,
            "용적률":0,
            "건폐율":0,
            "Y":36.620905,
            "X":127.50504,
            "rank":92.0,
            "area_info":"19평(63.79), 19평(63.11), 19평(65.9)",
            "last_sales":"2021-09-28,5500.0,19평(65.9)",
            "rank_history":[
                [
                    "202203",
                    92
                ],
                [
                    "202202",
                    81
                ],
                [
                    "202201",
                    79
                ]
            ],
            "rank_gap":-11
        },
        {
            "index":15,
            "아파트명":"삼일",
            "투자타입":"재건축",
            "전용면적(m2)":"66.39",
            "전용면적(평)":"20평",
            "법정동주소":"충청북도 청주시 상당구 금천동 122-15",
            "도로명주소":"충청북도 청주시 상당구 쇠내로126번길 40",
            "세대수":0,
            "입주년차":"--",
            "용적률점수":0,
            "건폐율점수":0,
            "세대당주차수":"--",
            "난방방식":"--",
            "공급면적":50,
            "전용률":80,
            "욕실수":"--",
            "현관타입":"--",
            "주거총점":6.5,
            "지역구공급총점":0.0,
            "역세권":"NA",
            "30분내 이동가능 거점":"NA",
            "1시간내 이동가능 거점":"NA",
            "교통총점":"NA",
            "백화점":0,
            "아울렛몰":0,
            "대형마트":80,
            "은행":0,
            "병원":30,
            "종합병원":100,
            "공원":0,
            "혐오시설":0,
            "인프라총점":35.0,
            "초등학군":90.01,
            "중학군":46.26,
            "학군총점":55.01,
            "인구수":20.81,
            "인구증감":-0.33,
            "인구총점":14.468,
            "일자리":12.26,
            "소득수준":61.51,
            "일자리총점":27.035,
            "가치 총점":30.0275,
            "매매실거래년":20220219.0,
            "매매실거래가":6800.0,
            "전세실거래년":20140915.0,
            "전세실거래가":3500.0,
            "전세가율":47.95,
            "장기전세가율평균":78.41,
            "전세가율거품지수":30.46,
            "검색코드":6998,
            "세대수":299.0,
            "준공년월":"1987-11-18",
            "준공년차":36.0,
            "가까운역이름":"NA",
            "가까운역거리":"NA",
            "역세권여부":"NA",
            "30분이내주요거점역":"NA",
            "30분거점역이름":"NA",
            "1시간이내주요거점역":"NA",
            "1시간거점역이름":"NA",
            "3km이내백화점수":0,
            "5km이내아울렛몰수":0,
            "1km이내대형먀트수":1,
            "500m이내은행수":0,
            "500m이내병원수":8,
            "5km이내대형병원수":4,
            "500m이내공원수":0,
            "3km이내혐오시설수":0,
            "초등학교학업성취도":90.01,
            "중학교학업성취도":77.1,
            "용적률":0,
            "건폐율":0,
            "Y":36.621591,
            "X":127.505192,
            "rank":93.0,
            "area_info":"20평(66.39), 21평(71.59), 23평(78.16)",
            "last_sales":"2022-02-19,6800.0,23평(78.16)",
            "rank_history":[
                [
                    "202203",
                    93
                ],
                [
                    "202202",
                    82
                ],
                [
                    "202201",
                    77
                ]
            ],
            "rank_gap":-11
        },
        {
            "index":82,
            "아파트명":"무지개",
            "투자타입":"재건축",
            "전용면적(m2)":"66.6",
            "전용면적(평)":"20평",
            "법정동주소":"충청북도 청주시 상당구 대성동 4",
            "도로명주소":"충청북도 청주시 상당구 용담로 94",
            "세대수":0,
            "입주년차":"--",
            "용적률점수":0,
            "건폐율점수":0,
            "세대당주차수":"--",
            "난방방식":"--",
            "공급면적":50,
            "전용률":100,
            "욕실수":"--",
            "현관타입":"--",
            "주거총점":7.5,
            "지역구공급총점":0.0,
            "역세권":"NA",
            "30분내 이동가능 거점":"NA",
            "1시간내 이동가능 거점":"NA",
            "교통총점":"NA",
            "백화점":0,
            "아울렛몰":0,
            "대형마트":0,
            "은행":20,
            "병원":80,
            "종합병원":100,
            "공원":100,
            "혐오시설":0,
            "인프라총점":33.0,
            "초등학군":89.99,
            "중학군":47.96,
            "학군총점":56.366,
            "인구수":20.81,
            "인구증감":-0.33,
            "인구총점":14.468,
            "일자리":12.26,
            "소득수준":61.51,
            "일자리총점":27.035,
            "가치 총점":29.9165,
            "매매실거래년":20211223.0,
            "매매실거래가":7300.0,
            "전세실거래년":20170521.0,
            "전세실거래가":5500.0,
            "전세가율":110.0,
            "장기전세가율평균":78.41,
            "전세가율거품지수":-31.59,
            "검색코드":108569,
            "세대수":50.0,
            "준공년월":"1985-08-19",
            "준공년차":38.0,
            "가까운역이름":"NA",
            "가까운역거리":"NA",
            "역세권여부":"NA",
            "30분이내주요거점역":"NA",
            "30분거점역이름":"NA",
            "1시간이내주요거점역":"NA",
            "1시간거점역이름":"NA",
            "3km이내백화점수":0,
            "5km이내아울렛몰수":0,
            "1km이내대형먀트수":0,
            "500m이내은행수":2,
            "500m이내병원수":40,
            "5km이내대형병원수":5,
            "500m이내공원수":2,
            "3km이내혐오시설수":0,
            "초등학교학업성취도":89.99,
            "중학교학업성취도":79.0,
            "용적률":0,
            "건폐율":0,
            "Y":36.632776,
            "X":127.501229,
            "rank":94.0,
            "area_info":"20평(66.6), 21평(69.61)",
            "last_sales":"2021-12-23,7300.0,21평(69.61)",
            "rank_history":[
                [
                    "202203",
                    94
                ],
                [
                    "202202",
                    9999
                ]
            ],
            "rank_gap":9999
        },
        {
            "index":227,
            "아파트명":"모드니",
            "투자타입":"일반",
            "전용면적(m2)":"75.79",
            "전용면적(평)":"22평",
            "법정동주소":"충청북도 청주시 상당구 용담동 190-1",
            "도로명주소":"충청북도 청주시 상당구 용담로105번길 70",
            "세대수":0,
            "입주년차":60,
            "용적률점수":"--",
            "건폐율점수":"--",
            "세대당주차수":0,
            "난방방식":30,
            "공급면적":"--",
            "전용률":"--",
            "욕실수":50,
            "현관타입":10,
            "주거총점":21.0,
            "지역구공급총점":0.0,
            "역세권":"NA",
            "30분내 이동가능 거점":"NA",
            "1시간내 이동가능 거점":"NA",
            "교통총점":"NA",
            "백화점":0,
            "아울렛몰":0,
            "대형마트":0,
            "은행":0,
            "병원":10,
            "종합병원":100,
            "공원":0,
            "혐오시설":0,
            "인프라총점":21.0,
            "초등학군":89.99,
            "중학군":47.96,
            "학군총점":56.366,
            "인구수":20.81,
            "인구증감":-0.33,
            "인구총점":14.468,
            "일자리":12.26,
            "소득수준":61.51,
            "일자리총점":27.035,
            "가치 총점":29.8415,
            "매매실거래년":20210429.0,
            "매매실거래가":5000.0,
            "전세실거래년":20210930.0,
            "전세실거래가":4500.0,
            "전세가율":81.82,
            "장기전세가율평균":78.41,
            "전세가율거품지수":-3.41,
            "검색코드":15400,
            "세대수":113.0,
            "준공년월":"2009-12-11",
            "준공년차":14.0,
            "가까운역이름":"NA",
            "가까운역거리":"NA",
            "역세권여부":"NA",
            "30분이내주요거점역":"NA",
            "30분거점역이름":"NA",
            "1시간이내주요거점역":"NA",
            "1시간거점역이름":"NA",
            "3km이내백화점수":0,
            "5km이내아울렛몰수":0,
            "1km이내대형먀트수":0,
            "500m이내은행수":1,
            "500m이내병원수":4,
            "5km이내대형병원수":5,
            "500m이내공원수":0,
            "3km이내혐오시설수":0,
            "초등학교학업성취도":89.99,
            "중학교학업성취도":79.0,
            "용적률":0,
            "건폐율":0,
            "Y":36.63667,
            "X":127.50071,
            "rank":95.0,
            "area_info":"22평(75.79), 28평(93.06), 29평(97.35), 29평(98.28)",
            "last_sales":"2021-04-29,5000.0,29평(98.28)",
            "rank_history":[
                [
                    "202203",
                    95
                ],
                [
                    "202202",
                    83
                ],
                [
                    "202201",
                    82
                ]
            ],
            "rank_gap":-12
        },
        {
            "index":39,
            "아파트명":"진주",
            "투자타입":"재건축",
            "전용면적(m2)":"67.68",
            "전용면적(평)":"20평",
            "법정동주소":"충청북도 청주시 상당구 금천동 167-3",
            "도로명주소":"충청북도 청주시 상당구 단재로 55",
            "세대수":0,
            "입주년차":"--",
            "용적률점수":0,
            "건폐율점수":0,
            "세대당주차수":"--",
            "난방방식":"--",
            "공급면적":50,
            "전용률":100,
            "욕실수":"--",
            "현관타입":"--",
            "주거총점":7.5,
            "지역구공급총점":0.0,
            "역세권":"NA",
            "30분내 이동가능 거점":"NA",
            "1시간내 이동가능 거점":"NA",
            "교통총점":"NA",
            "백화점":0,
            "아울렛몰":0,
            "대형마트":0,
            "은행":0,
            "병원":60,
            "종합병원":100,
            "공원":100,
            "혐오시설":0,
            "인프라총점":29.0,
            "초등학군":90.04,
            "중학군":49.82,
            "학군총점":57.864,
            "인구수":20.81,
            "인구증감":-0.33,
            "인구총점":14.468,
            "일자리":12.26,
            "소득수준":61.51,
            "일자리총점":27.035,
            "가치 총점":28.691,
            "매매실거래년":20201031.0,
            "매매실거래가":7950.0,
            "전세실거래년":null,
            "전세실거래가":null,
            "전세가율":null,
            "장기전세가율평균":78.41,
            "전세가율거품지수":null,
            "검색코드":113384,
            "세대수":120.0,
            "준공년월":"1984-01-21",
            "준공년차":39.0,
            "가까운역이름":"NA",
            "가까운역거리":"NA",
            "역세권여부":"NA",
            "30분이내주요거점역":"NA",
            "30분거점역이름":"NA",
            "1시간이내주요거점역":"NA",
            "1시간거점역이름":"NA",
            "3km이내백화점수":0,
            "5km이내아울렛몰수":0,
            "1km이내대형먀트수":0,
            "500m이내은행수":0,
            "500m이내병원수":24,
            "5km이내대형병원수":4,
            "500m이내공원수":2,
            "3km이내혐오시설수":0,
            "초등학교학업성취도":90.04,
            "중학교학업성취도":81.7,
            "용적률":0,
            "건폐율":0,
            "Y":36.62444,
            "X":127.494832,
            "rank":96.0,
            "area_info":"20평(67.68), 21평(70.23), 21평(71.64), 21평(72.57)",
            "last_sales":"2020-10-31,7950.0,21평(72.57)",
            "rank_history":[
                [
                    "202203",
                    96
                ],
                [
                    "202202",
                    84
                ],
                [
                    "202201",
                    83
                ]
            ],
            "rank_gap":-12
        },
        {
            "index":22,
            "아파트명":"장미",
            "투자타입":"재건축",
            "전용면적(m2)":"58.83",
            "전용면적(평)":"17평",
            "법정동주소":"충청북도 청주시 상당구 금천동 103-2",
            "도로명주소":"충청북도 청주시 상당구 꽃산서로8번길 16",
            "세대수":0,
            "입주년차":"--",
            "용적률점수":0,
            "건폐율점수":20,
            "세대당주차수":"--",
            "난방방식":"--",
            "공급면적":50,
            "전용률":40,
            "욕실수":"--",
            "현관타입":"--",
            "주거총점":8.5,
            "지역구공급총점":0.0,
            "역세권":"NA",
            "30분내 이동가능 거점":"NA",
            "1시간내 이동가능 거점":"NA",
            "교통총점":"NA",
            "백화점":0,
            "아울렛몰":0,
            "대형마트":0,
            "은행":0,
            "병원":60,
            "종합병원":100,
            "공원":80,
            "혐오시설":0,
            "인프라총점":28.4,
            "초등학군":90.01,
            "중학군":47.96,
            "학군총점":56.37,
            "인구수":20.81,
            "인구증감":-0.33,
            "인구총점":14.468,
            "일자리":12.26,
            "소득수준":61.51,
            "일자리총점":27.035,
            "가치 총점":28.4275,
            "매매실거래년":20211008.0,
            "매매실거래가":5300.0,
            "전세실거래년":null,
            "전세실거래가":null,
            "전세가율":null,
            "장기전세가율평균":78.41,
            "전세가율거품지수":null,
            "검색코드":110257,
            "세대수":70.0,
            "준공년월":"1990-03-28",
            "준공년차":33.0,
            "가까운역이름":"NA",
            "가까운역거리":"NA",
            "역세권여부":"NA",
            "30분이내주요거점역":"NA",
            "30분거점역이름":"NA",
            "1시간이내주요거점역":"NA",
            "1시간거점역이름":"NA",
            "3km이내백화점수":0,
            "5km이내아울렛몰수":0,
            "1km이내대형먀트수":0,
            "500m이내은행수":0,
            "500m이내병원수":10,
            "5km이내대형병원수":4,
            "500m이내공원수":1,
            "3km이내혐오시설수":0,
            "초등학교학업성취도":90.01,
            "중학교학업성취도":79.0,
            "용적률":230,
            "건폐율":46,
            "Y":36.624746,
            "X":127.505295,
            "rank":97.0,
            "area_info":"17평(58.83), 18평(59.55), 23평(76.65), 24평(79.89)",
            "last_sales":"2021-10-08,5300.0,24평(79.89)",
            "rank_history":[
                [
                    "202203",
                    97
                ],
                [
                    "202202",
                    9999
                ]
            ],
            "rank_gap":9999
        },
        {
            "index":43,
            "아파트명":"진흥",
            "투자타입":"재건축",
            "전용면적(m2)":"72.19",
            "전용면적(평)":"21평",
            "법정동주소":"충청북도 청주시 상당구 금천동 181-1",
            "도로명주소":"충청북도 청주시 상당구 쇠내로59번길 41",
            "세대수":0,
            "입주년차":"--",
            "용적률점수":0,
            "건폐율점수":0,
            "세대당주차수":"--",
            "난방방식":"--",
            "공급면적":50,
            "전용률":60,
            "욕실수":"--",
            "현관타입":"--",
            "주거총점":5.5,
            "지역구공급총점":0.0,
            "역세권":"NA",
            "30분내 이동가능 거점":"NA",
            "1시간내 이동가능 거점":"NA",
            "교통총점":"NA",
            "백화점":0,
            "아울렛몰":0,
            "대형마트":0,
            "은행":0,
            "병원":30,
            "종합병원":100,
            "공원":100,
            "혐오시설":0,
            "인프라총점":26.0,
            "초등학군":90.01,
            "중학군":49.82,
            "학군총점":57.858,
            "인구수":20.81,
            "인구증감":-0.33,
            "인구총점":14.468,
            "일자리":12.26,
            "소득수준":61.51,
            "일자리총점":27.035,
            "가치 총점":26.7895,
            "매매실거래년":20151107.0,
            "매매실거래가":10500.0,
            "전세실거래년":null,
            "전세실거래가":null,
            "전세가율":null,
            "장기전세가율평균":78.41,
            "전세가율거품지수":null,
            "검색코드":12784,
            "세대수":50.0,
            "준공년월":"1987-11-13",
            "준공년차":36.0,
            "가까운역이름":"NA",
            "가까운역거리":"NA",
            "역세권여부":"NA",
            "30분이내주요거점역":"NA",
            "30분거점역이름":"NA",
            "1시간이내주요거점역":"NA",
            "1시간거점역이름":"NA",
            "3km이내백화점수":0,
            "5km이내아울렛몰수":0,
            "1km이내대형먀트수":0,
            "500m이내은행수":1,
            "500m이내병원수":9,
            "5km이내대형병원수":4,
            "500m이내공원수":5,
            "3km이내혐오시설수":0,
            "초등학교학업성취도":90.01,
            "중학교학업성취도":81.7,
            "용적률":0,
            "건폐율":0,
            "Y":36.626648,
            "X":127.50109,
            "rank":98.0,
            "area_info":"21평(72.19), 22평(73.01), 24평(80.72), 25평(83.62), 27평(92.51)",
            "last_sales":"2015-11-07,10500.0,27평(92.51)",
            "rank_history":[
                [
                    "202203",
                    98
                ],
                [
                    "202202",
                    9999
                ]
            ],
            "rank_gap":9999
        },
        {
            "index":173,
            "아파트명":"덕일파크",
            "투자타입":"재건축",
            "전용면적(m2)":"91.92",
            "전용면적(평)":"27평",
            "법정동주소":"충청북도 청주시 상당구 수동 115-9",
            "도로명주소":"충청북도 청주시 상당구 대성로180번길 64",
            "세대수":0,
            "입주년차":"--",
            "용적률점수":0,
            "건폐율점수":0,
            "세대당주차수":"--",
            "난방방식":"--",
            "공급면적":70,
            "전용률":80,
            "욕실수":"--",
            "현관타입":"--",
            "주거총점":7.5,
            "지역구공급총점":0.0,
            "역세권":"NA",
            "30분내 이동가능 거점":"NA",
            "1시간내 이동가능 거점":"NA",
            "교통총점":"NA",
            "백화점":0,
            "아울렛몰":0,
            "대형마트":0,
            "은행":0,
            "병원":10,
            "종합병원":100,
            "공원":100,
            "혐오시설":0,
            "인프라총점":24.0,
            "초등학군":89.96,
            "중학군":50.32,
            "학군총점":58.248,
            "인구수":20.81,
            "인구증감":-0.33,
            "인구총점":14.468,
            "일자리":12.26,
            "소득수준":61.51,
            "일자리총점":27.035,
            "가치 총점":26.787,
            "매매실거래년":20220212.0,
            "매매실거래가":13700.0,
            "전세실거래년":20120218.0,
            "전세실거래가":7200.0,
            "전세가율":66.98,
            "장기전세가율평균":78.41,
            "전세가율거품지수":11.43,
            "검색코드":108800,
            "세대수":76.0,
            "준공년월":"1986-12-31",
            "준공년차":37.0,
            "가까운역이름":"NA",
            "가까운역거리":"NA",
            "역세권여부":"NA",
            "30분이내주요거점역":"NA",
            "30분거점역이름":"NA",
            "1시간이내주요거점역":"NA",
            "1시간거점역이름":"NA",
            "3km이내백화점수":0,
            "5km이내아울렛몰수":0,
            "1km이내대형먀트수":0,
            "500m이내은행수":0,
            "500m이내병원수":4,
            "5km이내대형병원수":5,
            "500m이내공원수":2,
            "3km이내혐오시설수":0,
            "초등학교학업성취도":89.96,
            "중학교학업성취도":82.2,
            "용적률":0,
            "건폐율":0,
            "Y":36.6426,
            "X":127.494792,
            "rank":99.0,
            "area_info":"27평(91.92), 40평(135.06)",
            "last_sales":"2022-02-12,13700.0,40평(135.06)",
            "rank_history":[
                [
                    "202203",
                    99
                ],
                [
                    "202202",
                    9999
                ]
            ],
            "rank_gap":9999
        },
        {
            "index":60,
            "아파트명":"효성2차",
            "투자타입":"일반",
            "전용면적(m2)":"39.54",
            "전용면적(평)":"11평",
            "법정동주소":"충청북도 청주시 상당구 금천동 137",
            "도로명주소":"충청북도 청주시 상당구 수영로196번길 12-17",
            "세대수":0,
            "입주년차":0,
            "용적률점수":"--",
            "건폐율점수":"--",
            "세대당주차수":0,
            "난방방식":30,
            "공급면적":"--",
            "전용률":"--",
            "욕실수":50,
            "현관타입":10,
            "주거총점":9.0,
            "지역구공급총점":0.0,
            "역세권":"NA",
            "30분내 이동가능 거점":"NA",
            "1시간내 이동가능 거점":"NA",
            "교통총점":"NA",
            "백화점":0,
            "아울렛몰":0,
            "대형마트":0,
            "은행":0,
            "병원":30,
            "종합병원":100,
            "공원":0,
            "혐오시설":0,
            "인프라총점":23.0,
            "초등학군":90.05,
            "중학군":46.26,
            "학군총점":55.018,
            "인구수":20.81,
            "인구증감":-0.33,
            "인구총점":14.468,
            "일자리":12.26,
            "소득수준":61.51,
            "일자리총점":27.035,
            "가치 총점":26.1045,
            "매매실거래년":20220221.0,
            "매매실거래가":2600.0,
            "전세실거래년":20220208.0,
            "전세실거래가":3000.0,
            "전세가율":115.38,
            "장기전세가율평균":78.41,
            "전세가율거품지수":-36.97,
            "검색코드":12783,
            "세대수":253.0,
            "준공년월":"1998-07-11",
            "준공년차":25.0,
            "가까운역이름":"NA",
            "가까운역거리":"NA",
            "역세권여부":"NA",
            "30분이내주요거점역":"NA",
            "30분거점역이름":"NA",
            "1시간이내주요거점역":"NA",
            "1시간거점역이름":"NA",
            "3km이내백화점수":0,
            "5km이내아울렛몰수":0,
            "1km이내대형먀트수":0,
            "500m이내은행수":0,
            "500m이내병원수":8,
            "5km이내대형병원수":4,
            "500m이내공원수":0,
            "3km이내혐오시설수":0,
            "초등학교학업성취도":90.05,
            "중학교학업성취도":77.1,
            "용적률":191,
            "건폐율":21,
            "Y":36.621289,
            "X":127.504009,
            "rank":100.0,
            "area_info":"11평(39.54)",
            "last_sales":"2022-02-21,2600.0,11평(39.54)",
            "rank_history":[
                [
                    "202203",
                    100
                ],
                [
                    "202202",
                    85
                ],
                [
                    "202201",
                    84
                ]
            ],
            "rank_gap":-15
        },
        {
            "index":204,
            "아파트명":"정화(135-8)",
            "투자타입":"재건축",
            "전용면적(m2)":"71.49",
            "전용면적(평)":"21평",
            "법정동주소":"충청북도 청주시 상당구 영운동 135-8",
            "도로명주소":"충청북도 청주시 상당구 수영로137번길 116",
            "세대수":0,
            "입주년차":"--",
            "용적률점수":0,
            "건폐율점수":0,
            "세대당주차수":"--",
            "난방방식":"--",
            "공급면적":50,
            "전용률":80,
            "욕실수":"--",
            "현관타입":"--",
            "주거총점":6.5,
            "지역구공급총점":0.0,
            "역세권":"NA",
            "30분내 이동가능 거점":"NA",
            "1시간내 이동가능 거점":"NA",
            "교통총점":"NA",
            "백화점":0,
            "아울렛몰":0,
            "대형마트":0,
            "은행":0,
            "병원":10,
            "종합병원":100,
            "공원":80,
            "혐오시설":0,
            "인프라총점":23.4,
            "초등학군":90.05,
            "중학군":49.82,
            "학군총점":57.866,
            "인구수":20.81,
            "인구증감":-0.33,
            "인구총점":14.468,
            "일자리":12.26,
            "소득수준":61.51,
            "일자리총점":27.035,
            "가치 총점":26.1015,
            "매매실거래년":20210924.0,
            "매매실거래가":3650.0,
            "전세실거래년":20210618.0,
            "전세실거래가":3400.0,
            "전세가율":93.15,
            "장기전세가율평균":78.41,
            "전세가율거품지수":-14.74,
            "검색코드":112701,
            "세대수":54.0,
            "준공년월":"1985-10-31",
            "준공년차":38.0,
            "가까운역이름":"NA",
            "가까운역거리":"NA",
            "역세권여부":"NA",
            "30분이내주요거점역":"NA",
            "30분거점역이름":"NA",
            "1시간이내주요거점역":"NA",
            "1시간거점역이름":"NA",
            "3km이내백화점수":0,
            "5km이내아울렛몰수":0,
            "1km이내대형먀트수":0,
            "500m이내은행수":0,
            "500m이내병원수":2,
            "5km이내대형병원수":4,
            "500m이내공원수":1,
            "3km이내혐오시설수":0,
            "초등학교학업성취도":90.05,
            "중학교학업성취도":81.7,
            "용적률":0,
            "건폐율":0,
            "Y":36.621941,
            "X":127.498381,
            "rank":101.0,
            "area_info":"21평(71.49)",
            "last_sales":"2021-09-24,3650.0,21평(71.49)",
            "rank_history":[
                [
                    "202203",
                    101
                ],
                [
                    "202202",
                    9999
                ]
            ],
            "rank_gap":9999
        },
        {
            "index":207,
            "아파트명":"청주",
            "투자타입":"재건축",
            "전용면적(m2)":"60.14",
            "전용면적(평)":"18평",
            "법정동주소":"충청북도 청주시 상당구 영운동 81-1",
            "도로명주소":"충청북도 청주시 상당구 영운천로 33-4",
            "세대수":0,
            "입주년차":"--",
            "용적률점수":0,
            "건폐율점수":0,
            "세대당주차수":"--",
            "난방방식":"--",
            "공급면적":50,
            "전용률":100,
            "욕실수":"--",
            "현관타입":"--",
            "주거총점":7.5,
            "지역구공급총점":0.0,
            "역세권":"NA",
            "30분내 이동가능 거점":"NA",
            "1시간내 이동가능 거점":"NA",
            "교통총점":"NA",
            "백화점":0,
            "아울렛몰":0,
            "대형마트":0,
            "은행":0,
            "병원":10,
            "종합병원":100,
            "공원":80,
            "혐오시설":0,
            "인프라총점":23.4,
            "초등학군":90.05,
            "중학군":46.26,
            "학군총점":55.018,
            "인구수":20.81,
            "인구증감":-0.33,
            "인구총점":14.468,
            "일자리":12.26,
            "소득수준":61.51,
            "일자리총점":27.035,
            "가치 총점":25.7395,
            "매매실거래년":20220223.0,
            "매매실거래가":6100.0,
            "전세실거래년":20181118.0,
            "전세실거래가":3000.0,
            "전세가율":42.86,
            "장기전세가율평균":78.41,
            "전세가율거품지수":35.55,
            "검색코드":7033,
            "세대수":160.0,
            "준공년월":"1985-10-28",
            "준공년차":38.0,
            "가까운역이름":"NA",
            "가까운역거리":"NA",
            "역세권여부":"NA",
            "30분이내주요거점역":"NA",
            "30분거점역이름":"NA",
            "1시간이내주요거점역":"NA",
            "1시간거점역이름":"NA",
            "3km이내백화점수":0,
            "5km이내아울렛몰수":0,
            "1km이내대형먀트수":0,
            "500m이내은행수":0,
            "500m이내병원수":2,
            "5km이내대형병원수":4,
            "500m이내공원수":1,
            "3km이내혐오시설수":0,
            "초등학교학업성취도":90.05,
            "중학교학업성취도":77.1,
            "용적률":0,
            "건폐율":0,
            "Y":36.61804,
            "X":127.503013,
            "rank":102.0,
            "area_info":"18평(60.14), 18평(61.58), 20평(66.44), 21평(72.29)",
            "last_sales":"2022-02-23,6100.0,20평(66.44)",
            "rank_history":[
                [
                    "202203",
                    102
                ],
                [
                    "202202",
                    86
                ],
                [
                    "202201",
                    85
                ]
            ],
            "rank_gap":-16
        },
        {
            "index":245,
            "아파트명":"진양",
            "투자타입":"재건축",
            "전용면적(m2)":"66.39",
            "전용면적(평)":"20평",
            "법정동주소":"충청북도 청주시 상당구 용담동 156-18",
            "도로명주소":"충청북도 청주시 상당구 교동로 127",
            "세대수":0,
            "입주년차":"--",
            "용적률점수":0,
            "건폐율점수":0,
            "세대당주차수":"--",
            "난방방식":"--",
            "공급면적":50,
            "전용률":100,
            "욕실수":"--",
            "현관타입":"--",
            "주거총점":7.5,
            "지역구공급총점":0.0,
            "역세권":"NA",
            "30분내 이동가능 거점":"NA",
            "1시간내 이동가능 거점":"NA",
            "교통총점":"NA",
            "백화점":0,
            "아울렛몰":0,
            "대형마트":0,
            "은행":0,
            "병원":10,
            "종합병원":100,
            "공원":0,
            "혐오시설":0,
            "인프라총점":21.0,
            "초등학군":89.99,
            "중학군":50.6,
            "학군총점":58.478,
            "인구수":20.81,
            "인구증감":-0.33,
            "인구총점":14.468,
            "일자리":12.26,
            "소득수준":61.51,
            "일자리총점":27.035,
            "가치 총점":25.6445,
            "매매실거래년":20220219.0,
            "매매실거래가":6000.0,
            "전세실거래년":20191129.0,
            "전세실거래가":6000.0,
            "전세가율":105.26,
            "장기전세가율평균":78.41,
            "전세가율거품지수":-26.85,
            "검색코드":12782,
            "세대수":90.0,
            "준공년월":"1985-12-30",
            "준공년차":38.0,
            "가까운역이름":"NA",
            "가까운역거리":"NA",
            "역세권여부":"NA",
            "30분이내주요거점역":"NA",
            "30분거점역이름":"NA",
            "1시간이내주요거점역":"NA",
            "1시간거점역이름":"NA",
            "3km이내백화점수":0,
            "5km이내아울렛몰수":0,
            "1km이내대형먀트수":0,
            "500m이내은행수":0,
            "500m이내병원수":2,
            "5km이내대형병원수":5,
            "500m이내공원수":0,
            "3km이내혐오시설수":0,
            "초등학교학업성취도":89.99,
            "중학교학업성취도":83.4,
            "용적률":0,
            "건폐율":0,
            "Y":36.637208,
            "X":127.502822,
            "rank":103.0,
            "area_info":"20평(66.39), 21평(71.88)",
            "last_sales":"2022-02-19,6000.0,21평(71.88)",
            "rank_history":[
                [
                    "202203",
                    103
                ],
                [
                    "202202",
                    9999
                ]
            ],
            "rank_gap":9999
        },
        {
            "index":219,
            "아파트명":"형제",
            "투자타입":"재건축",
            "전용면적(m2)":"99.26",
            "전용면적(평)":"30평",
            "법정동주소":"충청북도 청주시 상당구 영운동 80",
            "도로명주소":"충청북도 청주시 상당구 영운천로 37",
            "세대수":0,
            "입주년차":"--",
            "용적률점수":0,
            "건폐율점수":0,
            "세대당주차수":"--",
            "난방방식":"--",
            "공급면적":90,
            "전용률":60,
            "욕실수":"--",
            "현관타입":"--",
            "주거총점":7.5,
            "지역구공급총점":0.0,
            "역세권":"NA",
            "30분내 이동가능 거점":"NA",
            "1시간내 이동가능 거점":"NA",
            "교통총점":"NA",
            "백화점":0,
            "아울렛몰":0,
            "대형마트":0,
            "은행":0,
            "병원":0,
            "종합병원":100,
            "공원":100,
            "혐오시설":0,
            "인프라총점":23.0,
            "초등학군":90.01,
            "중학군":46.26,
            "학군총점":55.01,
            "인구수":20.81,
            "인구증감":-0.33,
            "인구총점":14.468,
            "일자리":12.26,
            "소득수준":61.51,
            "일자리총점":27.035,
            "가치 총점":25.5775,
            "매매실거래년":20201114.0,
            "매매실거래가":8000.0,
            "전세실거래년":20210613.0,
            "전세실거래가":7000.0,
            "전세가율":87.5,
            "장기전세가율평균":78.41,
            "전세가율거품지수":-9.09,
            "검색코드":105088,
            "세대수":60.0,
            "준공년월":"1989-12-30",
            "준공년차":34.0,
            "가까운역이름":"NA",
            "가까운역거리":"NA",
            "역세권여부":"NA",
            "30분이내주요거점역":"NA",
            "30분거점역이름":"NA",
            "1시간이내주요거점역":"NA",
            "1시간거점역이름":"NA",
            "3km이내백화점수":0,
            "5km이내아울렛몰수":0,
            "1km이내대형먀트수":0,
            "500m이내은행수":0,
            "500m이내병원수":1,
            "5km이내대형병원수":4,
            "500m이내공원수":2,
            "3km이내혐오시설수":0,
            "초등학교학업성취도":90.01,
            "중학교학업성취도":77.1,
            "용적률":0,
            "건폐율":0,
            "Y":36.61751,
            "X":127.503374,
            "rank":104.0,
            "area_info":"30평(99.26), 32평(107.24)",
            "last_sales":"2020-11-14,8000.0,30평(99.26)",
            "rank_history":[
                [
                    "202203",
                    104
                ],
                [
                    "202202",
                    9999
                ]
            ],
            "rank_gap":9999
        },
        {
            "index":181,
            "아파트명":"미림",
            "투자타입":"재건축",
            "전용면적(m2)":"71.49",
            "전용면적(평)":"21평",
            "법정동주소":"충청북도 청주시 상당구 영운동 179-11",
            "도로명주소":"충청북도 청주시 상당구 수영로101번길 49",
            "세대수":0,
            "입주년차":"--",
            "용적률점수":0,
            "건폐율점수":0,
            "세대당주차수":"--",
            "난방방식":"--",
            "공급면적":50,
            "전용률":60,
            "욕실수":"--",
            "현관타입":"--",
            "주거총점":5.5,
            "지역구공급총점":0.0,
            "역세권":"NA",
            "30분내 이동가능 거점":"NA",
            "1시간내 이동가능 거점":"NA",
            "교통총점":"NA",
            "백화점":0,
            "아울렛몰":0,
            "대형마트":0,
            "은행":0,
            "병원":10,
            "종합병원":100,
            "공원":100,
            "혐오시설":0,
            "인프라총점":24.0,
            "초등학군":90.05,
            "중학군":46.26,
            "학군총점":55.018,
            "인구수":20.81,
            "인구증감":-0.33,
            "인구총점":14.468,
            "일자리":12.26,
            "소득수준":61.51,
            "일자리총점":27.035,
            "가치 총점":25.2795,
            "매매실거래년":20220210.0,
            "매매실거래가":6800.0,
            "전세실거래년":20211018.0,
            "전세실거래가":4000.0,
            "전세가율":58.82,
            "장기전세가율평균":78.41,
            "전세가율거품지수":19.59,
            "검색코드":7032,
            "세대수":250.0,
            "준공년월":"1991-08-27",
            "준공년차":32.0,
            "가까운역이름":"NA",
            "가까운역거리":"NA",
            "역세권여부":"NA",
            "30분이내주요거점역":"NA",
            "30분거점역이름":"NA",
            "1시간이내주요거점역":"NA",
            "1시간거점역이름":"NA",
            "3km이내백화점수":0,
            "5km이내아울렛몰수":0,
            "1km이내대형먀트수":0,
            "500m이내은행수":0,
            "500m이내병원수":2,
            "5km이내대형병원수":4,
            "500m이내공원수":2,
            "3km이내혐오시설수":0,
            "초등학교학업성취도":90.05,
            "중학교학업성취도":77.1,
            "용적률":0,
            "건폐율":0,
            "Y":36.617547,
            "X":127.495056,
            "rank":105.0,
            "area_info":"21평(71.49)",
            "last_sales":"2022-02-10,6800.0,21평(71.49)",
            "rank_history":[
                [
                    "202203",
                    105
                ],
                [
                    "202202",
                    87
                ],
                [
                    "202201",
                    86
                ]
            ],
            "rank_gap":-18
        }
    ]
}