{
    "schema":{
        "fields":[
            {
                "name":"index",
                "type":"integer"
            },
            {
                "name":"아파트명",
                "type":"string"
            },
            {
                "name":"투자타입",
                "type":"string"
            },
            {
                "name":"전용면적(m2)",
                "type":"string"
            },
            {
                "name":"전용면적(평)",
                "type":"string"
            },
            {
                "name":"법정동주소",
                "type":"string"
            },
            {
                "name":"도로명주소",
                "type":"string"
            },
            {
                "name":"세대수",
                "type":"integer"
            },
            {
                "name":"입주년차",
                "type":"string"
            },
            {
                "name":"용적률점수",
                "type":"string"
            },
            {
                "name":"건폐율점수",
                "type":"string"
            },
            {
                "name":"세대당주차수",
                "type":"string"
            },
            {
                "name":"난방방식",
                "type":"string"
            },
            {
                "name":"공급면적",
                "type":"string"
            },
            {
                "name":"전용률",
                "type":"string"
            },
            {
                "name":"욕실수",
                "type":"string"
            },
            {
                "name":"현관타입",
                "type":"string"
            },
            {
                "name":"주거총점",
                "type":"number"
            },
            {
                "name":"지역구공급총점",
                "type":"number"
            },
            {
                "name":"역세권",
                "type":"string"
            },
            {
                "name":"30분내 이동가능 거점",
                "type":"string"
            },
            {
                "name":"1시간내 이동가능 거점",
                "type":"string"
            },
            {
                "name":"교통총점",
                "type":"string"
            },
            {
                "name":"백화점",
                "type":"integer"
            },
            {
                "name":"아울렛몰",
                "type":"integer"
            },
            {
                "name":"대형마트",
                "type":"integer"
            },
            {
                "name":"은행",
                "type":"integer"
            },
            {
                "name":"병원",
                "type":"integer"
            },
            {
                "name":"종합병원",
                "type":"integer"
            },
            {
                "name":"공원",
                "type":"integer"
            },
            {
                "name":"혐오시설",
                "type":"integer"
            },
            {
                "name":"인프라총점",
                "type":"number"
            },
            {
                "name":"초등학군",
                "type":"number"
            },
            {
                "name":"중학군",
                "type":"number"
            },
            {
                "name":"학군총점",
                "type":"number"
            },
            {
                "name":"인구수",
                "type":"number"
            },
            {
                "name":"인구증감",
                "type":"number"
            },
            {
                "name":"인구총점",
                "type":"number"
            },
            {
                "name":"일자리",
                "type":"number"
            },
            {
                "name":"소득수준",
                "type":"number"
            },
            {
                "name":"일자리총점",
                "type":"number"
            },
            {
                "name":"가치 총점",
                "type":"number"
            },
            {
                "name":"매매실거래년",
                "type":"string"
            },
            {
                "name":"매매실거래가",
                "type":"number"
            },
            {
                "name":"전세실거래년",
                "type":"number"
            },
            {
                "name":"전세실거래가",
                "type":"number"
            },
            {
                "name":"전세가율",
                "type":"number"
            },
            {
                "name":"장기전세가율평균",
                "type":"number"
            },
            {
                "name":"전세가율거품지수",
                "type":"number"
            },
            {
                "name":"검색코드",
                "type":"integer"
            },
            {
                "name":"세대수",
                "type":"number"
            },
            {
                "name":"준공년월",
                "type":"string"
            },
            {
                "name":"준공년차",
                "type":"number"
            },
            {
                "name":"가까운역이름",
                "type":"string"
            },
            {
                "name":"가까운역거리",
                "type":"string"
            },
            {
                "name":"역세권여부",
                "type":"string"
            },
            {
                "name":"30분이내주요거점역",
                "type":"string"
            },
            {
                "name":"30분거점역이름",
                "type":"string"
            },
            {
                "name":"1시간이내주요거점역",
                "type":"string"
            },
            {
                "name":"1시간거점역이름",
                "type":"string"
            },
            {
                "name":"3km이내백화점수",
                "type":"integer"
            },
            {
                "name":"5km이내아울렛몰수",
                "type":"integer"
            },
            {
                "name":"1km이내대형먀트수",
                "type":"integer"
            },
            {
                "name":"500m이내은행수",
                "type":"integer"
            },
            {
                "name":"500m이내병원수",
                "type":"integer"
            },
            {
                "name":"5km이내대형병원수",
                "type":"integer"
            },
            {
                "name":"500m이내공원수",
                "type":"integer"
            },
            {
                "name":"3km이내혐오시설수",
                "type":"integer"
            },
            {
                "name":"초등학교학업성취도",
                "type":"number"
            },
            {
                "name":"중학교학업성취도",
                "type":"number"
            },
            {
                "name":"용적률",
                "type":"integer"
            },
            {
                "name":"건폐율",
                "type":"integer"
            },
            {
                "name":"Y",
                "type":"number"
            },
            {
                "name":"X",
                "type":"number"
            },
            {
                "name":"rank",
                "type":"number"
            },
            {
                "name":"area_info",
                "type":"string"
            },
            {
                "name":"last_sales",
                "type":"string"
            },
            {
                "name":"rank_history",
                "type":"string"
            },
            {
                "name":"rank_gap",
                "type":"integer"
            }
        ],
        "primaryKey":[
            "index"
        ],
        "pandas_version":"1.4.0"
    },
    "data":[
        {
            "index":8,
            "아파트명":"교현주공",
            "투자타입":"재건축",
            "전용면적(m2)":"40.43",
            "전용면적(평)":"12평",
            "법정동주소":"충청북도 충주시 교현동 518",
            "도로명주소":"충청북도 충주시 예성로 273",
            "세대수":80,
            "입주년차":"--",
            "용적률점수":100,
            "건폐율점수":100,
            "세대당주차수":"--",
            "난방방식":"--",
            "공급면적":50,
            "전용률":80,
            "욕실수":"--",
            "현관타입":"--",
            "주거총점":90.5,
            "지역구공급총점":50.0,
            "역세권":"NA",
            "30분내 이동가능 거점":"NA",
            "1시간내 이동가능 거점":"NA",
            "교통총점":"NA",
            "백화점":0,
            "아울렛몰":0,
            "대형마트":80,
            "은행":20,
            "병원":0,
            "종합병원":100,
            "공원":100,
            "혐오시설":0,
            "인프라총점":37.0,
            "초등학군":89.98,
            "중학군":44.04,
            "학군총점":53.228,
            "인구수":22.01,
            "인구증감":1.54,
            "인구총점":15.869,
            "일자리":14.86,
            "소득수준":58.62,
            "일자리총점":27.988,
            "가치 총점":59.782,
            "매매실거래년":20220126.0,
            "매매실거래가":14500.0,
            "전세실거래년":20210608.0,
            "전세실거래가":2000.0,
            "전세가율":15.5,
            "장기전세가율평균":75.45,
            "전세가율거품지수":59.95,
            "검색코드":15477,
            "세대수":720.0,
            "준공년월":"1979-12-17",
            "준공년차":44.0,
            "가까운역이름":"NA",
            "가까운역거리":"NA",
            "역세권여부":"NA",
            "30분이내주요거점역":"NA",
            "30분거점역이름":"NA",
            "1시간이내주요거점역":"NA",
            "1시간거점역이름":"NA",
            "3km이내백화점수":0,
            "5km이내아울렛몰수":0,
            "1km이내대형먀트수":1,
            "500m이내은행수":2,
            "500m이내병원수":1,
            "5km이내대형병원수":2,
            "500m이내공원수":4,
            "3km이내혐오시설수":0,
            "초등학교학업성취도":89.98,
            "중학교학업성취도":73.4,
            "용적률":84,
            "건폐율":18,
            "Y":36.981192,
            "X":127.933241,
            "rank":1.0,
            "area_info":"12평(40.43), 12평(40.99), 12평(40.96), 12평(41.52), 14평(49.19), 14평(49.45)",
            "last_sales":"2022-01-26,14500.0,12평(40.99)",
            "rank_history":[
                [
                    "202203",
                    1
                ],
                [
                    "202202",
                    1
                ],
                [
                    "202201",
                    1
                ]
            ],
            "rank_gap":0
        },
        {
            "index":198,
            "아파트명":"연수힐스테이트",
            "투자타입":"일반",
            "전용면적(m2)":"116.05",
            "전용면적(평)":"35평",
            "법정동주소":"충청북도 충주시 연수동 1627",
            "도로명주소":"충청북도 충주시 연수동산로 26",
            "세대수":80,
            "입주년차":40,
            "용적률점수":"--",
            "건폐율점수":"--",
            "세대당주차수":60,
            "난방방식":30,
            "공급면적":"--",
            "전용률":"--",
            "욕실수":100,
            "현관타입":100,
            "주거총점":68.0,
            "지역구공급총점":50.0,
            "역세권":"NA",
            "30분내 이동가능 거점":"NA",
            "1시간내 이동가능 거점":"NA",
            "교통총점":"NA",
            "백화점":0,
            "아울렛몰":0,
            "대형마트":100,
            "은행":0,
            "병원":60,
            "종합병원":100,
            "공원":100,
            "혐오시설":0,
            "인프라총점":44.0,
            "초등학군":90.0,
            "중학군":49.14,
            "학군총점":57.312,
            "인구수":22.01,
            "인구증감":1.54,
            "인구총점":15.869,
            "일자리":14.86,
            "소득수준":58.62,
            "일자리총점":27.988,
            "가치 총점":55.728,
            "매매실거래년":20220226.0,
            "매매실거래가":32500.0,
            "전세실거래년":20220215.0,
            "전세실거래가":31000.0,
            "전세가율":95.38,
            "장기전세가율평균":75.45,
            "전세가율거품지수":-19.93,
            "검색코드":22921,
            "세대수":871.0,
            "준공년월":"2007-07-06",
            "준공년차":16.0,
            "가까운역이름":"NA",
            "가까운역거리":"NA",
            "역세권여부":"NA",
            "30분이내주요거점역":"NA",
            "30분거점역이름":"NA",
            "1시간이내주요거점역":"NA",
            "1시간거점역이름":"NA",
            "3km이내백화점수":0,
            "5km이내아울렛몰수":0,
            "1km이내대형먀트수":2,
            "500m이내은행수":0,
            "500m이내병원수":24,
            "5km이내대형병원수":2,
            "500m이내공원수":8,
            "3km이내혐오시설수":0,
            "초등학교학업성취도":90.0,
            "중학교학업성취도":81.7,
            "용적률":219,
            "건폐율":18,
            "Y":36.985136,
            "X":127.943887,
            "rank":2.0,
            "area_info":"35평(116.05), 45평(149.24), 53평(175.48)",
            "last_sales":"2022-02-26,32500.0,35평(116.05)",
            "rank_history":[
                [
                    "202203",
                    2
                ],
                [
                    "202202",
                    2
                ],
                [
                    "202201",
                    2
                ]
            ],
            "rank_gap":0
        },
        {
            "index":66,
            "아파트명":"충일",
            "투자타입":"재건축",
            "전용면적(m2)":"49.86",
            "전용면적(평)":"15평",
            "법정동주소":"충청북도 충주시 교현동 155",
            "도로명주소":"충청북도 충주시 만리산9길 54",
            "세대수":30,
            "입주년차":"--",
            "용적률점수":100,
            "건폐율점수":60,
            "세대당주차수":"--",
            "난방방식":"--",
            "공급면적":50,
            "전용률":100,
            "욕실수":"--",
            "현관타입":"--",
            "주거총점":68.5,
            "지역구공급총점":50.0,
            "역세권":"NA",
            "30분내 이동가능 거점":"NA",
            "1시간내 이동가능 거점":"NA",
            "교통총점":"NA",
            "백화점":0,
            "아울렛몰":0,
            "대형마트":80,
            "은행":0,
            "병원":30,
            "종합병원":100,
            "공원":80,
            "혐오시설":0,
            "인프라총점":37.4,
            "초등학군":90.03,
            "중학군":53.86,
            "학군총점":61.094,
            "인구수":22.01,
            "인구증감":1.54,
            "인구총점":15.869,
            "일자리":14.86,
            "소득수준":58.62,
            "일자리총점":27.988,
            "가치 총점":54.2085,
            "매매실거래년":20220124.0,
            "매매실거래가":4850.0,
            "전세실거래년":20220212.0,
            "전세실거래가":4500.0,
            "전세가율":92.78,
            "장기전세가율평균":75.45,
            "전세가율거품지수":-17.33,
            "검색코드":7548,
            "세대수":360.0,
            "준공년월":"1986-08-25",
            "준공년차":37.0,
            "가까운역이름":"NA",
            "가까운역거리":"NA",
            "역세권여부":"NA",
            "30분이내주요거점역":"NA",
            "30분거점역이름":"NA",
            "1시간이내주요거점역":"NA",
            "1시간거점역이름":"NA",
            "3km이내백화점수":0,
            "5km이내아울렛몰수":0,
            "1km이내대형먀트수":1,
            "500m이내은행수":0,
            "500m이내병원수":5,
            "5km이내대형병원수":2,
            "500m이내공원수":1,
            "3km이내혐오시설수":0,
            "초등학교학업성취도":90.03,
            "중학교학업성취도":88.7,
            "용적률":141,
            "건폐율":32,
            "Y":36.973088,
            "X":127.944289,
            "rank":3.0,
            "area_info":"15평(49.86)",
            "last_sales":"2022-01-24,4850.0,15평(49.86)",
            "rank_history":[
                [
                    "202203",
                    3
                ],
                [
                    "202202",
                    3
                ],
                [
                    "202201",
                    13
                ]
            ],
            "rank_gap":0
        },
        {
            "index":135,
            "아파트명":"충주푸르지오2차",
            "투자타입":"일반",
            "전용면적(m2)":"84.53",
            "전용면적(평)":"25평",
            "법정동주소":"충청북도 충주시 안림동 1171",
            "도로명주소":"충청북도 충주시 봉현로 366",
            "세대수":80,
            "입주년차":80,
            "용적률점수":"--",
            "건폐율점수":"--",
            "세대당주차수":30,
            "난방방식":30,
            "공급면적":"--",
            "전용률":"--",
            "욕실수":100,
            "현관타입":100,
            "주거총점":71.5,
            "지역구공급총점":50.0,
            "역세권":"NA",
            "30분내 이동가능 거점":"NA",
            "1시간내 이동가능 거점":"NA",
            "교통총점":"NA",
            "백화점":0,
            "아울렛몰":0,
            "대형마트":80,
            "은행":0,
            "병원":10,
            "종합병원":100,
            "공원":0,
            "혐오시설":0,
            "인프라총점":33.0,
            "초등학군":90.0,
            "중학군":53.86,
            "학군총점":61.088,
            "인구수":22.01,
            "인구증감":1.54,
            "인구총점":15.869,
            "일자리":14.86,
            "소득수준":58.62,
            "일자리총점":27.988,
            "가치 총점":53.497,
            "매매실거래년":20220205.0,
            "매매실거래가":39800.0,
            "전세실거래년":20220205.0,
            "전세실거래가":29000.0,
            "전세가율":90.62,
            "장기전세가율평균":75.45,
            "전세가율거품지수":-15.17,
            "검색코드":108427,
            "세대수":825.0,
            "준공년월":"2016-10-10",
            "준공년차":7.0,
            "가까운역이름":"NA",
            "가까운역거리":"NA",
            "역세권여부":"NA",
            "30분이내주요거점역":"NA",
            "30분거점역이름":"NA",
            "1시간이내주요거점역":"NA",
            "1시간거점역이름":"NA",
            "3km이내백화점수":0,
            "5km이내아울렛몰수":0,
            "1km이내대형먀트수":1,
            "500m이내은행수":0,
            "500m이내병원수":3,
            "5km이내대형병원수":2,
            "500m이내공원수":0,
            "3km이내혐오시설수":0,
            "초등학교학업성취도":90.0,
            "중학교학업성취도":88.7,
            "용적률":235,
            "건폐율":15,
            "Y":36.976543,
            "X":127.944365,
            "rank":4.0,
            "area_info":"25평(84.53), 25평(85.29), 29평(99.06), 30평(100.09), 33평(112.35), 33평(112.03), 33평(112.13)",
            "last_sales":"2022-02-05,39800.0,33평(112.13)",
            "rank_history":[
                [
                    "202203",
                    4
                ],
                [
                    "202202",
                    4
                ],
                [
                    "202201",
                    3
                ]
            ],
            "rank_gap":0
        },
        {
            "index":120,
            "아파트명":"충주푸르지오",
            "투자타입":"일반",
            "전용면적(m2)":"115.19",
            "전용면적(평)":"34평",
            "법정동주소":"충청북도 충주시 봉방동 1046",
            "도로명주소":"충청북도 충주시 봉계1길 7",
            "세대수":50,
            "입주년차":80,
            "용적률점수":"--",
            "건폐율점수":"--",
            "세대당주차수":60,
            "난방방식":30,
            "공급면적":"--",
            "전용률":"--",
            "욕실수":100,
            "현관타입":100,
            "주거총점":65.5,
            "지역구공급총점":50.0,
            "역세권":"NA",
            "30분내 이동가능 거점":"NA",
            "1시간내 이동가능 거점":"NA",
            "교통총점":"NA",
            "백화점":0,
            "아울렛몰":0,
            "대형마트":80,
            "은행":0,
            "병원":60,
            "종합병원":80,
            "공원":100,
            "혐오시설":0,
            "인프라총점":37.0,
            "초등학군":90.01,
            "중학군":50.22,
            "학군총점":58.178,
            "인구수":22.01,
            "인구증감":1.54,
            "인구총점":15.869,
            "일자리":14.86,
            "소득수준":58.62,
            "일자리총점":27.988,
            "가치 총점":52.2695,
            "매매실거래년":20220215.0,
            "매매실거래가":39700.0,
            "전세실거래년":20220215.0,
            "전세실거래가":33000.0,
            "전세가율":83.12,
            "장기전세가율평균":75.45,
            "전세가율거품지수":-7.67,
            "검색코드":104897,
            "세대수":637.0,
            "준공년월":"2014-07-29",
            "준공년차":9.0,
            "가까운역이름":"NA",
            "가까운역거리":"NA",
            "역세권여부":"NA",
            "30분이내주요거점역":"NA",
            "30분거점역이름":"NA",
            "1시간이내주요거점역":"NA",
            "1시간거점역이름":"NA",
            "3km이내백화점수":0,
            "5km이내아울렛몰수":0,
            "1km이내대형먀트수":1,
            "500m이내은행수":0,
            "500m이내병원수":27,
            "5km이내대형병원수":1,
            "500m이내공원수":4,
            "3km이내혐오시설수":0,
            "초등학교학업성취도":90.01,
            "중학교학업성취도":83.3,
            "용적률":249,
            "건폐율":17,
            "Y":36.978791,
            "X":127.912688,
            "rank":5.0,
            "area_info":"34평(115.19), 35평(116.95), 35평(116.29)",
            "last_sales":"2022-02-15,39700.0,34평(115.19)",
            "rank_history":[
                [
                    "202203",
                    5
                ],
                [
                    "202202",
                    5
                ],
                [
                    "202201",
                    5
                ]
            ],
            "rank_gap":0
        },
        {
            "index":171,
            "아파트명":"연수리슈빌",
            "투자타입":"일반",
            "전용면적(m2)":"116.73",
            "전용면적(평)":"35평",
            "법정동주소":"충청북도 충주시 연수동 1629",
            "도로명주소":"충청북도 충주시 연수동산로 12",
            "세대수":50,
            "입주년차":40,
            "용적률점수":"--",
            "건폐율점수":"--",
            "세대당주차수":60,
            "난방방식":30,
            "공급면적":"--",
            "전용률":"--",
            "욕실수":100,
            "현관타입":100,
            "주거총점":57.5,
            "지역구공급총점":50.0,
            "역세권":"NA",
            "30분내 이동가능 거점":"NA",
            "1시간내 이동가능 거점":"NA",
            "교통총점":"NA",
            "백화점":0,
            "아울렛몰":0,
            "대형마트":100,
            "은행":0,
            "병원":60,
            "종합병원":100,
            "공원":100,
            "혐오시설":0,
            "인프라총점":44.0,
            "초등학군":90.0,
            "중학군":49.14,
            "학군총점":57.312,
            "인구수":22.01,
            "인구증감":1.54,
            "인구총점":15.869,
            "일자리":14.86,
            "소득수준":58.62,
            "일자리총점":27.988,
            "가치 총점":52.053,
            "매매실거래년":20220225.0,
            "매매실거래가":26000.0,
            "전세실거래년":20210726.0,
            "전세실거래가":28000.0,
            "전세가율":83.58,
            "장기전세가율평균":75.45,
            "전세가율거품지수":-8.13,
            "검색코드":22917,
            "세대수":594.0,
            "준공년월":"2007-07-12",
            "준공년차":16.0,
            "가까운역이름":"NA",
            "가까운역거리":"NA",
            "역세권여부":"NA",
            "30분이내주요거점역":"NA",
            "30분거점역이름":"NA",
            "1시간이내주요거점역":"NA",
            "1시간거점역이름":"NA",
            "3km이내백화점수":0,
            "5km이내아울렛몰수":0,
            "1km이내대형먀트수":2,
            "500m이내은행수":0,
            "500m이내병원수":18,
            "5km이내대형병원수":2,
            "500m이내공원수":8,
            "3km이내혐오시설수":0,
            "초등학교학업성취도":90.0,
            "중학교학업성취도":81.7,
            "용적률":219,
            "건폐율":17,
            "Y":36.983739,
            "X":127.943584,
            "rank":6.0,
            "area_info":"35평(116.73), 39평(132.08), 49평(165.24)",
            "last_sales":"2022-02-25,26000.0,39평(132.08)",
            "rank_history":[
                [
                    "202203",
                    6
                ],
                [
                    "202202",
                    6
                ],
                [
                    "202201",
                    4
                ]
            ],
            "rank_gap":0
        },
        {
            "index":108,
            "아파트명":"중앙현대",
            "투자타입":"재건축",
            "전용면적(m2)":"95.4",
            "전용면적(평)":"28평",
            "법정동주소":"충청북도 충주시 문화동 2154",
            "도로명주소":"충청북도 충주시 성터10길 7",
            "세대수":0,
            "입주년차":"--",
            "용적률점수":100,
            "건폐율점수":80,
            "세대당주차수":"--",
            "난방방식":"--",
            "공급면적":70,
            "전용률":60,
            "욕실수":"--",
            "현관타입":"--",
            "주거총점":62.5,
            "지역구공급총점":50.0,
            "역세권":"NA",
            "30분내 이동가능 거점":"NA",
            "1시간내 이동가능 거점":"NA",
            "교통총점":"NA",
            "백화점":0,
            "아울렛몰":0,
            "대형마트":100,
            "은행":0,
            "병원":10,
            "종합병원":100,
            "공원":100,
            "혐오시설":0,
            "인프라총점":39.0,
            "초등학군":89.97,
            "중학군":50.22,
            "학군총점":58.17,
            "인구수":22.01,
            "인구증감":1.54,
            "인구총점":15.869,
            "일자리":14.86,
            "소득수준":58.62,
            "일자리총점":27.988,
            "가치 총점":52.0175,
            "매매실거래년":20211203.0,
            "매매실거래가":10800.0,
            "전세실거래년":20150629.0,
            "전세실거래가":9000.0,
            "전세가율":83.33,
            "장기전세가율평균":75.45,
            "전세가율거품지수":-7.88,
            "검색코드":101026,
            "세대수":70.0,
            "준공년월":"1989-09-11",
            "준공년차":34.0,
            "가까운역이름":"NA",
            "가까운역거리":"NA",
            "역세권여부":"NA",
            "30분이내주요거점역":"NA",
            "30분거점역이름":"NA",
            "1시간이내주요거점역":"NA",
            "1시간거점역이름":"NA",
            "3km이내백화점수":0,
            "5km이내아울렛몰수":0,
            "1km이내대형먀트수":2,
            "500m이내은행수":0,
            "500m이내병원수":3,
            "5km이내대형병원수":2,
            "500m이내공원수":2,
            "3km이내혐오시설수":0,
            "초등학교학업성취도":89.97,
            "중학교학업성취도":83.3,
            "용적률":118,
            "건폐율":24,
            "Y":36.969794,
            "X":127.921099,
            "rank":7.0,
            "area_info":"28평(95.4), 33평(110.3), 47평(158.1)",
            "last_sales":"2021-12-03,10800.0,28평(95.4)",
            "rank_history":[
                [
                    "202203",
                    7
                ],
                [
                    "202202",
                    9999
                ]
            ],
            "rank_gap":9999
        },
        {
            "index":117,
            "아파트명":"시영(영천)",
            "투자타입":"재건축",
            "전용면적(m2)":"51.82",
            "전용면적(평)":"15평",
            "법정동주소":"충청북도 충주시 봉방동 140-15",
            "도로명주소":"충청북도 충주시 봉방3길 9",
            "세대수":0,
            "입주년차":"--",
            "용적률점수":100,
            "건폐율점수":80,
            "세대당주차수":"--",
            "난방방식":"--",
            "공급면적":50,
            "전용률":80,
            "욕실수":"--",
            "현관타입":"--",
            "주거총점":62.5,
            "지역구공급총점":50.0,
            "역세권":"NA",
            "30분내 이동가능 거점":"NA",
            "1시간내 이동가능 거점":"NA",
            "교통총점":"NA",
            "백화점":0,
            "아울렛몰":0,
            "대형마트":100,
            "은행":0,
            "병원":10,
            "종합병원":100,
            "공원":80,
            "혐오시설":0,
            "인프라총점":38.4,
            "초등학군":90.01,
            "중학군":50.22,
            "학군총점":58.178,
            "인구수":22.01,
            "인구증감":1.54,
            "인구총점":15.869,
            "일자리":14.86,
            "소득수준":58.62,
            "일자리총점":27.988,
            "가치 총점":51.7795,
            "매매실거래년":20220208.0,
            "매매실거래가":5500.0,
            "전세실거래년":20180719.0,
            "전세실거래가":2300.0,
            "전세가율":41.82,
            "장기전세가율평균":75.45,
            "전세가율거품지수":33.63,
            "검색코드":15488,
            "세대수":108.0,
            "준공년월":"1990-11-19",
            "준공년차":33.0,
            "가까운역이름":"NA",
            "가까운역거리":"NA",
            "역세권여부":"NA",
            "30분이내주요거점역":"NA",
            "30분거점역이름":"NA",
            "1시간이내주요거점역":"NA",
            "1시간거점역이름":"NA",
            "3km이내백화점수":0,
            "5km이내아울렛몰수":0,
            "1km이내대형먀트수":2,
            "500m이내은행수":0,
            "500m이내병원수":4,
            "5km이내대형병원수":2,
            "500m이내공원수":1,
            "3km이내혐오시설수":0,
            "초등학교학업성취도":90.01,
            "중학교학업성취도":83.3,
            "용적률":134,
            "건폐율":28,
            "Y":36.973065,
            "X":127.920837,
            "rank":8.0,
            "area_info":"15평(51.82), 20평(69.01)",
            "last_sales":"2022-02-08,5500.0,15평(51.82)",
            "rank_history":[
                [
                    "202203",
                    8
                ],
                [
                    "202202",
                    8
                ],
                [
                    "202201",
                    8
                ]
            ],
            "rank_gap":0
        },
        {
            "index":304,
            "아파트명":"코오롱,동신",
            "투자타입":"일반",
            "전용면적(m2)":"94.92",
            "전용면적(평)":"28평",
            "법정동주소":"충청북도 충주시 칠금동 825",
            "도로명주소":"충청북도 충주시 금릉로 14",
            "세대수":90,
            "입주년차":0,
            "용적률점수":"--",
            "건폐율점수":"--",
            "세대당주차수":30,
            "난방방식":30,
            "공급면적":"--",
            "전용률":"--",
            "욕실수":100,
            "현관타입":100,
            "주거총점":59.0,
            "지역구공급총점":50.0,
            "역세권":"NA",
            "30분내 이동가능 거점":"NA",
            "1시간내 이동가능 거점":"NA",
            "교통총점":"NA",
            "백화점":0,
            "아울렛몰":0,
            "대형마트":80,
            "은행":0,
            "병원":80,
            "종합병원":100,
            "공원":100,
            "혐오시설":0,
            "인프라총점":43.0,
            "초등학군":90.01,
            "중학군":46.98,
            "학군총점":55.586,
            "인구수":22.01,
            "인구증감":1.54,
            "인구총점":15.869,
            "일자리":14.86,
            "소득수준":58.62,
            "일자리총점":27.988,
            "가치 총점":51.7465,
            "매매실거래년":20220223.0,
            "매매실거래가":22000.0,
            "전세실거래년":20220212.0,
            "전세실거래가":18000.0,
            "전세가율":81.82,
            "장기전세가율평균":75.45,
            "전세가율거품지수":-6.37,
            "검색코드":7659,
            "세대수":920.0,
            "준공년월":"1997-10-28",
            "준공년차":26.0,
            "가까운역이름":"NA",
            "가까운역거리":"NA",
            "역세권여부":"NA",
            "30분이내주요거점역":"NA",
            "30분거점역이름":"NA",
            "1시간이내주요거점역":"NA",
            "1시간거점역이름":"NA",
            "3km이내백화점수":0,
            "5km이내아울렛몰수":0,
            "1km이내대형먀트수":1,
            "500m이내은행수":0,
            "500m이내병원수":49,
            "5km이내대형병원수":2,
            "500m이내공원수":4,
            "3km이내혐오시설수":0,
            "초등학교학업성취도":90.01,
            "중학교학업성취도":78.3,
            "용적률":195,
            "건폐율":14,
            "Y":36.983921,
            "X":127.916108,
            "rank":9.0,
            "area_info":"28평(94.92), 31평(104.89)",
            "last_sales":"2022-02-23,22000.0,28평(94.92)",
            "rank_history":[
                [
                    "202203",
                    9
                ],
                [
                    "202202",
                    7
                ],
                [
                    "202201",
                    7
                ]
            ],
            "rank_gap":-2
        },
        {
            "index":337,
            "아파트명":"충주호암힐데스하임",
            "투자타입":"일반",
            "전용면적(m2)":"108.55",
            "전용면적(평)":"32평",
            "법정동주소":"충청북도 충주시 호암동 1191",
            "도로명주소":"충청북도 충주시 호암토성2로 1",
            "세대수":80,
            "입주년차":100,
            "용적률점수":"--",
            "건폐율점수":"--",
            "세대당주차수":60,
            "난방방식":30,
            "공급면적":"--",
            "전용률":"--",
            "욕실수":100,
            "현관타입":100,
            "주거총점":80.0,
            "지역구공급총점":50.0,
            "역세권":"NA",
            "30분내 이동가능 거점":"NA",
            "1시간내 이동가능 거점":"NA",
            "교통총점":"NA",
            "백화점":0,
            "아울렛몰":0,
            "대형마트":0,
            "은행":0,
            "병원":10,
            "종합병원":100,
            "공원":80,
            "혐오시설":0,
            "인프라총점":23.4,
            "초등학군":90.01,
            "중학군":45.7,
            "학군총점":54.562,
            "인구수":22.01,
            "인구증감":1.54,
            "인구총점":15.869,
            "일자리":14.86,
            "소득수준":58.62,
            "일자리총점":27.988,
            "가치 총점":51.0005,
            "매매실거래년":20220219.0,
            "매매실거래가":65000.0,
            "전세실거래년":20211217.0,
            "전세실거래가":39000.0,
            "전세가율":86.67,
            "장기전세가율평균":75.45,
            "전세가율거품지수":-11.22,
            "검색코드":117273,
            "세대수":870.0,
            "준공년월":"2019-09-27",
            "준공년차":4.0,
            "가까운역이름":"NA",
            "가까운역거리":"NA",
            "역세권여부":"NA",
            "30분이내주요거점역":"NA",
            "30분거점역이름":"NA",
            "1시간이내주요거점역":"NA",
            "1시간거점역이름":"NA",
            "3km이내백화점수":0,
            "5km이내아울렛몰수":0,
            "1km이내대형먀트수":0,
            "500m이내은행수":0,
            "500m이내병원수":2,
            "5km이내대형병원수":2,
            "500m이내공원수":1,
            "3km이내혐오시설수":0,
            "초등학교학업성취도":90.01,
            "중학교학업성취도":75.9,
            "용적률":199,
            "건폐율":18,
            "Y":36.956067,
            "X":127.933068,
            "rank":10.0,
            "area_info":"32평(108.55), 32평(108.08), 32평(108.33), 32평(108.1), 38평(126.27), 38평(126.19), 42평(140.51), 42평(140.61), 45평(150.91), 50평(166.77)",
            "last_sales":"2022-02-19,65000.0,45평(150.91)",
            "rank_history":[
                [
                    "202203",
                    10
                ],
                [
                    "202202",
                    9
                ],
                [
                    "202201",
                    6
                ]
            ],
            "rank_gap":-1
        },
        {
            "index":332,
            "아파트명":"충주호암두진하트리움",
            "투자타입":"일반",
            "전용면적(m2)":"90.73",
            "전용면적(평)":"27평",
            "법정동주소":"충청북도 충주시 호암동 1063",
            "도로명주소":"충청북도 충주시 호암수청2로 78",
            "세대수":80,
            "입주년차":100,
            "용적률점수":"--",
            "건폐율점수":"--",
            "세대당주차수":60,
            "난방방식":30,
            "공급면적":"--",
            "전용률":"--",
            "욕실수":100,
            "현관타입":100,
            "주거총점":80.0,
            "지역구공급총점":50.0,
            "역세권":"NA",
            "30분내 이동가능 거점":"NA",
            "1시간내 이동가능 거점":"NA",
            "교통총점":"NA",
            "백화점":0,
            "아울렛몰":0,
            "대형마트":0,
            "은행":0,
            "병원":10,
            "종합병원":100,
            "공원":80,
            "혐오시설":0,
            "인프라총점":23.4,
            "초등학군":90.01,
            "중학군":45.7,
            "학군총점":54.562,
            "인구수":22.01,
            "인구증감":1.54,
            "인구총점":15.869,
            "일자리":14.86,
            "소득수준":58.62,
            "일자리총점":27.988,
            "가치 총점":51.0005,
            "매매실거래년":20220204.0,
            "매매실거래가":36000.0,
            "전세실거래년":20220115.0,
            "전세실거래가":32000.0,
            "전세가율":87.67,
            "장기전세가율평균":75.45,
            "전세가율거품지수":-12.22,
            "검색코드":116853,
            "세대수":851.0,
            "준공년월":"2019-10-24",
            "준공년차":4.0,
            "가까운역이름":"NA",
            "가까운역거리":"NA",
            "역세권여부":"NA",
            "30분이내주요거점역":"NA",
            "30분거점역이름":"NA",
            "1시간이내주요거점역":"NA",
            "1시간거점역이름":"NA",
            "3km이내백화점수":0,
            "5km이내아울렛몰수":0,
            "1km이내대형먀트수":0,
            "500m이내은행수":0,
            "500m이내병원수":4,
            "5km이내대형병원수":2,
            "500m이내공원수":1,
            "3km이내혐오시설수":0,
            "초등학교학업성취도":90.01,
            "중학교학업성취도":75.9,
            "용적률":193,
            "건폐율":16,
            "Y":36.953682,
            "X":127.926908,
            "rank":10.0,
            "area_info":"27평(90.73), 27평(91.07), 30평(101.79), 33평(110.93), 33평(110.4)",
            "last_sales":"2022-02-04,36000.0,27평(91.07)",
            "rank_history":[
                [
                    "202203",
                    10
                ],
                [
                    "202202",
                    9
                ],
                [
                    "202201",
                    6
                ]
            ],
            "rank_gap":-1
        },
        {
            "index":63,
            "아파트명":"중흥S-클래스",
            "투자타입":"일반",
            "전용면적(m2)":"118.2",
            "전용면적(평)":"35평",
            "법정동주소":"충청북도 충주시 교현동 1358",
            "도로명주소":"충청북도 충주시 금봉8길 23",
            "세대수":50,
            "입주년차":40,
            "용적률점수":"--",
            "건폐율점수":"--",
            "세대당주차수":60,
            "난방방식":30,
            "공급면적":"--",
            "전용률":"--",
            "욕실수":100,
            "현관타입":100,
            "주거총점":57.5,
            "지역구공급총점":50.0,
            "역세권":"NA",
            "30분내 이동가능 거점":"NA",
            "1시간내 이동가능 거점":"NA",
            "교통총점":"NA",
            "백화점":0,
            "아울렛몰":0,
            "대형마트":80,
            "은행":0,
            "병원":30,
            "종합병원":100,
            "공원":100,
            "혐오시설":0,
            "인프라총점":38.0,
            "초등학군":90.0,
            "중학군":53.86,
            "학군총점":61.088,
            "인구수":22.01,
            "인구증감":1.54,
            "인구총점":15.869,
            "일자리":14.86,
            "소득수준":58.62,
            "일자리총점":27.988,
            "가치 총점":50.597,
            "매매실거래년":20220216.0,
            "매매실거래가":27000.0,
            "전세실거래년":20220209.0,
            "전세실거래가":30000.0,
            "전세가율":111.11,
            "장기전세가율평균":75.45,
            "전세가율거품지수":-35.66,
            "검색코드":26024,
            "세대수":516.0,
            "준공년월":"2008-11-21",
            "준공년차":15.0,
            "가까운역이름":"NA",
            "가까운역거리":"NA",
            "역세권여부":"NA",
            "30분이내주요거점역":"NA",
            "30분거점역이름":"NA",
            "1시간이내주요거점역":"NA",
            "1시간거점역이름":"NA",
            "3km이내백화점수":0,
            "5km이내아울렛몰수":0,
            "1km이내대형먀트수":1,
            "500m이내은행수":0,
            "500m이내병원수":5,
            "5km이내대형병원수":2,
            "500m이내공원수":2,
            "3km이내혐오시설수":0,
            "초등학교학업성취도":90.0,
            "중학교학업성취도":88.7,
            "용적률":231,
            "건폐율":23,
            "Y":36.967913,
            "X":127.940687,
            "rank":11.0,
            "area_info":"35평(118.2), 35평(118.52), 46평(155.07)",
            "last_sales":"2022-02-16,27000.0,35평(118.2)",
            "rank_history":[
                [
                    "202203",
                    11
                ],
                [
                    "202202",
                    10
                ],
                [
                    "202201",
                    22
                ]
            ],
            "rank_gap":-1
        },
        {
            "index":238,
            "아파트명":"신원10차",
            "투자타입":"재건축",
            "전용면적(m2)":"53.07",
            "전용면적(평)":"16평",
            "법정동주소":"충청북도 충주시 용산동 475",
            "도로명주소":"충청북도 충주시 염밭로 79-4",
            "세대수":0,
            "입주년차":"--",
            "용적률점수":100,
            "건폐율점수":60,
            "세대당주차수":"--",
            "난방방식":"--",
            "공급면적":50,
            "전용률":60,
            "욕실수":"--",
            "현관타입":"--",
            "주거총점":57.5,
            "지역구공급총점":50.0,
            "역세권":"NA",
            "30분내 이동가능 거점":"NA",
            "1시간내 이동가능 거점":"NA",
            "교통총점":"NA",
            "백화점":0,
            "아울렛몰":0,
            "대형마트":80,
            "은행":0,
            "병원":60,
            "종합병원":100,
            "공원":100,
            "혐오시설":0,
            "인프라총점":41.0,
            "초등학군":90.0,
            "중학군":47.4,
            "학군총점":55.92,
            "인구수":22.01,
            "인구증감":1.54,
            "인구총점":15.869,
            "일자리":14.86,
            "소득수준":58.62,
            "일자리총점":27.988,
            "가치 총점":50.505,
            "매매실거래년":20220221.0,
            "매매실거래가":6500.0,
            "전세실거래년":20211231.0,
            "전세실거래가":3000.0,
            "전세가율":67.87,
            "장기전세가율평균":75.45,
            "전세가율거품지수":7.58,
            "검색코드":7619,
            "세대수":140.0,
            "준공년월":"1992-04-18",
            "준공년차":31.0,
            "가까운역이름":"NA",
            "가까운역거리":"NA",
            "역세권여부":"NA",
            "30분이내주요거점역":"NA",
            "30분거점역이름":"NA",
            "1시간이내주요거점역":"NA",
            "1시간거점역이름":"NA",
            "3km이내백화점수":0,
            "5km이내아울렛몰수":0,
            "1km이내대형먀트수":1,
            "500m이내은행수":0,
            "500m이내병원수":12,
            "5km이내대형병원수":2,
            "500m이내공원수":3,
            "3km이내혐오시설수":0,
            "초등학교학업성취도":90.0,
            "중학교학업성취도":78.6,
            "용적률":140,
            "건폐율":31,
            "Y":36.965048,
            "X":127.942138,
            "rank":12.0,
            "area_info":"16평(53.07), 21평(71.91), 23평(78.47)",
            "last_sales":"2022-02-21,6500.0,23평(78.47)",
            "rank_history":[
                [
                    "202203",
                    12
                ],
                [
                    "202202",
                    11
                ],
                [
                    "202201",
                    18
                ]
            ],
            "rank_gap":-1
        },
        {
            "index":54,
            "아파트명":"신원7차",
            "투자타입":"재건축",
            "전용면적(m2)":"40.61",
            "전용면적(평)":"12평",
            "법정동주소":"충청북도 충주시 교현동 144-32",
            "도로명주소":"충청북도 충주시 신호1길 29",
            "세대수":0,
            "입주년차":"--",
            "용적률점수":100,
            "건폐율점수":60,
            "세대당주차수":"--",
            "난방방식":"--",
            "공급면적":50,
            "전용률":40,
            "욕실수":"--",
            "현관타입":"--",
            "주거총점":56.5,
            "지역구공급총점":50.0,
            "역세권":"NA",
            "30분내 이동가능 거점":"NA",
            "1시간내 이동가능 거점":"NA",
            "교통총점":"NA",
            "백화점":0,
            "아울렛몰":0,
            "대형마트":100,
            "은행":0,
            "병원":10,
            "종합병원":100,
            "공원":80,
            "혐오시설":0,
            "인프라총점":38.4,
            "초등학군":90.03,
            "중학군":53.86,
            "학군총점":61.094,
            "인구수":22.01,
            "인구증감":1.54,
            "인구총점":15.869,
            "일자리":14.86,
            "소득수준":58.62,
            "일자리총점":27.988,
            "가치 총점":50.4085,
            "매매실거래년":20220215.0,
            "매매실거래가":2900.0,
            "전세실거래년":20170710.0,
            "전세실거래가":2000.0,
            "전세가율":68.97,
            "장기전세가율평균":75.45,
            "전세가율거품지수":6.48,
            "검색코드":7536,
            "세대수":185.0,
            "준공년월":"1990-10-16",
            "준공년차":33.0,
            "가까운역이름":"NA",
            "가까운역거리":"NA",
            "역세권여부":"NA",
            "30분이내주요거점역":"NA",
            "30분거점역이름":"NA",
            "1시간이내주요거점역":"NA",
            "1시간거점역이름":"NA",
            "3km이내백화점수":0,
            "5km이내아울렛몰수":0,
            "1km이내대형먀트수":2,
            "500m이내은행수":0,
            "500m이내병원수":3,
            "5km이내대형병원수":2,
            "500m이내공원수":1,
            "3km이내혐오시설수":0,
            "초등학교학업성취도":90.03,
            "중학교학업성취도":88.7,
            "용적률":149,
            "건폐율":30,
            "Y":36.974926,
            "X":127.943726,
            "rank":13.0,
            "area_info":"12평(40.61), 14평(46.93), 14평(48.03), 14평(48.95), 15평(50.48), 17평(58.16), 20평(67.41), 20평(67.85), 22평(73.69)",
            "last_sales":"2022-02-15,2900.0,12평(40.61)",
            "rank_history":[
                [
                    "202203",
                    13
                ],
                [
                    "202202",
                    12
                ],
                [
                    "202201",
                    10
                ]
            ],
            "rank_gap":-1
        },
        {
            "index":244,
            "아파트명":"용산신원8차",
            "투자타입":"재건축",
            "전용면적(m2)":"45.75",
            "전용면적(평)":"13평",
            "법정동주소":"충청북도 충주시 용산동 1610-1",
            "도로명주소":"충청북도 충주시 금봉3길 8",
            "세대수":0,
            "입주년차":"--",
            "용적률점수":100,
            "건폐율점수":60,
            "세대당주차수":"--",
            "난방방식":"--",
            "공급면적":50,
            "전용률":60,
            "욕실수":"--",
            "현관타입":"--",
            "주거총점":57.5,
            "지역구공급총점":50.0,
            "역세권":"NA",
            "30분내 이동가능 거점":"NA",
            "1시간내 이동가능 거점":"NA",
            "교통총점":"NA",
            "백화점":0,
            "아울렛몰":0,
            "대형마트":80,
            "은행":0,
            "병원":60,
            "종합병원":100,
            "공원":80,
            "혐오시설":0,
            "인프라총점":40.4,
            "초등학군":90.01,
            "중학군":47.4,
            "학군총점":55.922,
            "인구수":22.01,
            "인구증감":1.54,
            "인구총점":15.869,
            "일자리":14.86,
            "소득수준":58.62,
            "일자리총점":27.988,
            "가치 총점":50.2655,
            "매매실거래년":20210403.0,
            "매매실거래가":7000.0,
            "전세실거래년":null,
            "전세실거래가":null,
            "전세가율":null,
            "장기전세가율평균":75.45,
            "전세가율거품지수":null,
            "검색코드":7623,
            "세대수":134.0,
            "준공년월":"1991-07-29",
            "준공년차":32.0,
            "가까운역이름":"NA",
            "가까운역거리":"NA",
            "역세권여부":"NA",
            "30분이내주요거점역":"NA",
            "30분거점역이름":"NA",
            "1시간이내주요거점역":"NA",
            "1시간거점역이름":"NA",
            "3km이내백화점수":0,
            "5km이내아울렛몰수":0,
            "1km이내대형먀트수":1,
            "500m이내은행수":0,
            "500m이내병원수":10,
            "5km이내대형병원수":2,
            "500m이내공원수":1,
            "3km이내혐오시설수":0,
            "초등학교학업성취도":90.01,
            "중학교학업성취도":78.6,
            "용적률":147,
            "건폐율":31,
            "Y":36.962236,
            "X":127.941107,
            "rank":14.0,
            "area_info":"13평(45.75), 15평(50.47), 16평(54.91), 20평(66.87), 20평(69.23), 22평(72.91), 23평(77.61), 23평(77.04)",
            "last_sales":"2021-04-03,7000.0,23평(77.04)",
            "rank_history":[
                [
                    "202203",
                    14
                ],
                [
                    "202202",
                    13
                ],
                [
                    "202201",
                    28
                ]
            ],
            "rank_gap":-1
        },
        {
            "index":174,
            "아파트명":"연수세영리첼1단지",
            "투자타입":"일반",
            "전용면적(m2)":"112.7",
            "전용면적(평)":"34평",
            "법정동주소":"충청북도 충주시 연수동 1625",
            "도로명주소":"충청북도 충주시 연수동산로 37",
            "세대수":0,
            "입주년차":80,
            "용적률점수":"--",
            "건폐율점수":"--",
            "세대당주차수":60,
            "난방방식":30,
            "공급면적":"--",
            "전용률":"--",
            "욕실수":100,
            "현관타입":100,
            "주거총점":48.0,
            "지역구공급총점":50.0,
            "역세권":"NA",
            "30분내 이동가능 거점":"NA",
            "1시간내 이동가능 거점":"NA",
            "교통총점":"NA",
            "백화점":0,
            "아울렛몰":0,
            "대형마트":100,
            "은행":0,
            "병원":80,
            "종합병원":100,
            "공원":100,
            "혐오시설":0,
            "인프라총점":46.0,
            "초등학군":90.01,
            "중학군":49.14,
            "학군총점":57.314,
            "인구수":22.01,
            "인구증감":1.54,
            "인구총점":15.869,
            "일자리":14.86,
            "소득수준":58.62,
            "일자리총점":27.988,
            "가치 총점":49.5285,
            "매매실거래년":20220121.0,
            "매매실거래가":33500.0,
            "전세실거래년":null,
            "전세실거래가":null,
            "전세가율":null,
            "장기전세가율평균":75.45,
            "전세가율거품지수":null,
            "검색코드":103535,
            "세대수":299.0,
            "준공년월":"2014-06-27",
            "준공년차":9.0,
            "가까운역이름":"NA",
            "가까운역거리":"NA",
            "역세권여부":"NA",
            "30분이내주요거점역":"NA",
            "30분거점역이름":"NA",
            "1시간이내주요거점역":"NA",
            "1시간거점역이름":"NA",
            "3km이내백화점수":0,
            "5km이내아울렛몰수":0,
            "1km이내대형먀트수":2,
            "500m이내은행수":0,
            "500m이내병원수":34,
            "5km이내대형병원수":2,
            "500m이내공원수":7,
            "3km이내혐오시설수":0,
            "초등학교학업성취도":90.01,
            "중학교학업성취도":81.7,
            "용적률":207,
            "건폐율":24,
            "Y":36.986108,
            "X":127.940988,
            "rank":15.0,
            "area_info":"34평(112.7), 34평(113.06), 34평(114.39)",
            "last_sales":"2022-01-21,33500.0,34평(114.39)",
            "rank_history":[
                [
                    "202203",
                    15
                ],
                [
                    "202202",
                    14
                ],
                [
                    "202201",
                    11
                ]
            ],
            "rank_gap":-1
        },
        {
            "index":322,
            "아파트명":"우미린에듀시티",
            "투자타입":"일반",
            "전용면적(m2)":"110.52",
            "전용면적(평)":"33평",
            "법정동주소":"충청북도 충주시 호암동 1052",
            "도로명주소":"충청북도 충주시 호암수청1로 13",
            "세대수":80,
            "입주년차":100,
            "용적률점수":"--",
            "건폐율점수":"--",
            "세대당주차수":60,
            "난방방식":30,
            "공급면적":"--",
            "전용률":"--",
            "욕실수":100,
            "현관타입":100,
            "주거총점":80.0,
            "지역구공급총점":50.0,
            "역세권":"NA",
            "30분내 이동가능 거점":"NA",
            "1시간내 이동가능 거점":"NA",
            "교통총점":"NA",
            "백화점":0,
            "아울렛몰":0,
            "대형마트":0,
            "은행":0,
            "병원":10,
            "종합병원":80,
            "공원":80,
            "혐오시설":0,
            "인프라총점":19.4,
            "초등학군":90.01,
            "중학군":45.7,
            "학군총점":54.562,
            "인구수":22.01,
            "인구증감":1.54,
            "인구총점":15.869,
            "일자리":14.86,
            "소득수준":58.62,
            "일자리총점":27.988,
            "가치 총점":49.4005,
            "매매실거래년":20220127.0,
            "매매실거래가":55500.0,
            "전세실거래년":20220120.0,
            "전세실거래가":38000.0,
            "전세가율":81.2,
            "장기전세가율평균":75.45,
            "전세가율거품지수":-5.75,
            "검색코드":116852,
            "세대수":892.0,
            "준공년월":"2019-08-21",
            "준공년차":4.0,
            "가까운역이름":"NA",
            "가까운역거리":"NA",
            "역세권여부":"NA",
            "30분이내주요거점역":"NA",
            "30분거점역이름":"NA",
            "1시간이내주요거점역":"NA",
            "1시간거점역이름":"NA",
            "3km이내백화점수":0,
            "5km이내아울렛몰수":0,
            "1km이내대형먀트수":0,
            "500m이내은행수":0,
            "500m이내병원수":4,
            "5km이내대형병원수":1,
            "500m이내공원수":1,
            "3km이내혐오시설수":0,
            "초등학교학업성취도":90.01,
            "중학교학업성취도":75.9,
            "용적률":192,
            "건폐율":13,
            "Y":36.954338,
            "X":127.923337,
            "rank":16.0,
            "area_info":"33평(110.52), 33평(111.5), 36평(121.88), 37평(122.37), 37평(122.55), 37평(123.47), 45평(150.6)",
            "last_sales":"2022-01-27,55500.0,37평(122.37)",
            "rank_history":[
                [
                    "202203",
                    16
                ],
                [
                    "202202",
                    15
                ],
                [
                    "202201",
                    9
                ]
            ],
            "rank_gap":-1
        },
        {
            "index":177,
            "아파트명":"연수세영리첼2단지",
            "투자타입":"일반",
            "전용면적(m2)":"109.97",
            "전용면적(평)":"33평",
            "법정동주소":"충청북도 충주시 연수동 1626",
            "도로명주소":"충청북도 충주시 연수동산로 38",
            "세대수":0,
            "입주년차":80,
            "용적률점수":"--",
            "건폐율점수":"--",
            "세대당주차수":60,
            "난방방식":30,
            "공급면적":"--",
            "전용률":"--",
            "욕실수":100,
            "현관타입":100,
            "주거총점":48.0,
            "지역구공급총점":50.0,
            "역세권":"NA",
            "30분내 이동가능 거점":"NA",
            "1시간내 이동가능 거점":"NA",
            "교통총점":"NA",
            "백화점":0,
            "아울렛몰":0,
            "대형마트":100,
            "은행":0,
            "병원":60,
            "종합병원":100,
            "공원":100,
            "혐오시설":0,
            "인프라총점":44.0,
            "초등학군":90.01,
            "중학군":49.14,
            "학군총점":57.314,
            "인구수":22.01,
            "인구증감":1.54,
            "인구총점":15.869,
            "일자리":14.86,
            "소득수준":58.62,
            "일자리총점":27.988,
            "가치 총점":48.7285,
            "매매실거래년":20211031.0,
            "매매실거래가":30700.0,
            "전세실거래년":null,
            "전세실거래가":null,
            "전세가율":null,
            "장기전세가율평균":75.45,
            "전세가율거품지수":null,
            "검색코드":103536,
            "세대수":240.0,
            "준공년월":"2014-04-29",
            "준공년차":9.0,
            "가까운역이름":"NA",
            "가까운역거리":"NA",
            "역세권여부":"NA",
            "30분이내주요거점역":"NA",
            "30분거점역이름":"NA",
            "1시간이내주요거점역":"NA",
            "1시간거점역이름":"NA",
            "3km이내백화점수":0,
            "5km이내아울렛몰수":0,
            "1km이내대형먀트수":2,
            "500m이내은행수":0,
            "500m이내병원수":29,
            "5km이내대형병원수":2,
            "500m이내공원수":6,
            "3km이내혐오시설수":0,
            "초등학교학업성취도":90.01,
            "중학교학업성취도":81.7,
            "용적률":202,
            "건폐율":21,
            "Y":36.986136,
            "X":127.942729,
            "rank":17.0,
            "area_info":"33평(109.97), 33평(112.18)",
            "last_sales":"2021-10-31,30700.0,33평(112.18)",
            "rank_history":[
                [
                    "202203",
                    17
                ],
                [
                    "202202",
                    16
                ],
                [
                    "202201",
                    11
                ]
            ],
            "rank_gap":-1
        },
        {
            "index":295,
            "아파트명":"부영2차",
            "투자타입":"일반",
            "전용면적(m2)":"67.9",
            "전용면적(평)":"20평",
            "법정동주소":"충청북도 충주시 칠금동 1015",
            "도로명주소":"충청북도 충주시 칠금중앙로 30",
            "세대수":90,
            "입주년차":0,
            "용적률점수":"--",
            "건폐율점수":"--",
            "세대당주차수":0,
            "난방방식":30,
            "공급면적":"--",
            "전용률":"--",
            "욕실수":50,
            "현관타입":50,
            "주거총점":44.5,
            "지역구공급총점":50.0,
            "역세권":"NA",
            "30분내 이동가능 거점":"NA",
            "1시간내 이동가능 거점":"NA",
            "교통총점":"NA",
            "백화점":0,
            "아울렛몰":0,
            "대형마트":100,
            "은행":0,
            "병원":80,
            "종합병원":100,
            "공원":100,
            "혐오시설":0,
            "인프라총점":46.0,
            "초등학군":90.01,
            "중학군":50.22,
            "학군총점":58.178,
            "인구수":22.01,
            "인구증감":1.54,
            "인구총점":15.869,
            "일자리":14.86,
            "소득수준":58.62,
            "일자리총점":27.988,
            "가치 총점":48.5195,
            "매매실거래년":20220219.0,
            "매매실거래가":11700.0,
            "전세실거래년":20220218.0,
            "전세실거래가":9000.0,
            "전세가율":76.92,
            "장기전세가율평균":75.45,
            "전세가율거품지수":-1.47,
            "검색코드":26332,
            "세대수":1240.0,
            "준공년월":"1996-12-06",
            "준공년차":27.0,
            "가까운역이름":"NA",
            "가까운역거리":"NA",
            "역세권여부":"NA",
            "30분이내주요거점역":"NA",
            "30분거점역이름":"NA",
            "1시간이내주요거점역":"NA",
            "1시간거점역이름":"NA",
            "3km이내백화점수":0,
            "5km이내아울렛몰수":0,
            "1km이내대형먀트수":2,
            "500m이내은행수":0,
            "500m이내병원수":49,
            "5km이내대형병원수":2,
            "500m이내공원수":5,
            "3km이내혐오시설수":0,
            "초등학교학업성취도":90.01,
            "중학교학업성취도":83.3,
            "용적률":208,
            "건폐율":19,
            "Y":36.981146,
            "X":127.917639,
            "rank":18.0,
            "area_info":"20평(67.9), 24평(80.69)",
            "last_sales":"2022-02-19,11700.0,20평(67.9)",
            "rank_history":[
                [
                    "202203",
                    18
                ],
                [
                    "202202",
                    17
                ],
                [
                    "202201",
                    16
                ]
            ],
            "rank_gap":-1
        },
        {
            "index":207,
            "아파트명":"충주센트럴푸르지오",
            "투자타입":"일반",
            "전용면적(m2)":"112.51",
            "전용면적(평)":"34평",
            "법정동주소":"충청북도 충주시 연수동 1767",
            "도로명주소":"충청북도 충주시 연수서편2길 11",
            "세대수":50,
            "입주년차":80,
            "용적률점수":"--",
            "건폐율점수":"--",
            "세대당주차수":60,
            "난방방식":30,
            "공급면적":"--",
            "전용률":"--",
            "욕실수":100,
            "현관타입":100,
            "주거총점":65.5,
            "지역구공급총점":50.0,
            "역세권":"NA",
            "30분내 이동가능 거점":"NA",
            "1시간내 이동가능 거점":"NA",
            "교통총점":"NA",
            "백화점":0,
            "아울렛몰":0,
            "대형마트":0,
            "은행":20,
            "병원":60,
            "종합병원":100,
            "공원":80,
            "혐오시설":0,
            "인프라총점":30.4,
            "초등학군":90.01,
            "중학군":44.04,
            "학군총점":53.234,
            "인구수":22.01,
            "인구증감":1.54,
            "인구총점":15.869,
            "일자리":14.86,
            "소득수준":58.62,
            "일자리총점":27.988,
            "가치 총점":48.3935,
            "매매실거래년":20220212.0,
            "매매실거래가":45500.0,
            "전세실거래년":20220219.0,
            "전세실거래가":25200.0,
            "전세가율":55.38,
            "장기전세가율평균":75.45,
            "전세가율거품지수":20.07,
            "검색코드":111568,
            "세대수":608.0,
            "준공년월":"2018-10-05",
            "준공년차":5.0,
            "가까운역이름":"NA",
            "가까운역거리":"NA",
            "역세권여부":"NA",
            "30분이내주요거점역":"NA",
            "30분거점역이름":"NA",
            "1시간이내주요거점역":"NA",
            "1시간거점역이름":"NA",
            "3km이내백화점수":0,
            "5km이내아울렛몰수":0,
            "1km이내대형먀트수":0,
            "500m이내은행수":2,
            "500m이내병원수":19,
            "5km이내대형병원수":2,
            "500m이내공원수":1,
            "3km이내혐오시설수":0,
            "초등학교학업성취도":90.01,
            "중학교학업성취도":73.4,
            "용적률":401,
            "건폐율":48,
            "Y":36.990322,
            "X":127.93036,
            "rank":19.0,
            "area_info":"34평(112.51), 34평(112.4)",
            "last_sales":"2022-02-12,45500.0,34평(112.51)",
            "rank_history":[
                [
                    "202203",
                    19
                ],
                [
                    "202202",
                    18
                ],
                [
                    "202201",
                    14
                ]
            ],
            "rank_gap":-1
        },
        {
            "index":230,
            "아파트명":"남산동일하이빌",
            "투자타입":"일반",
            "전용면적(m2)":"111.42",
            "전용면적(평)":"33평",
            "법정동주소":"충청북도 충주시 용산동 2627",
            "도로명주소":"충청북도 충주시 염밭로 22",
            "세대수":50,
            "입주년차":40,
            "용적률점수":"--",
            "건폐율점수":"--",
            "세대당주차수":60,
            "난방방식":30,
            "공급면적":"--",
            "전용률":"--",
            "욕실수":100,
            "현관타입":100,
            "주거총점":57.5,
            "지역구공급총점":50.0,
            "역세권":"NA",
            "30분내 이동가능 거점":"NA",
            "1시간내 이동가능 거점":"NA",
            "교통총점":"NA",
            "백화점":0,
            "아울렛몰":0,
            "대형마트":80,
            "은행":0,
            "병원":30,
            "종합병원":100,
            "공원":0,
            "혐오시설":0,
            "인프라총점":35.0,
            "초등학군":90.01,
            "중학군":47.4,
            "학군총점":55.922,
            "인구수":22.01,
            "인구증감":1.54,
            "인구총점":15.869,
            "일자리":14.86,
            "소득수준":58.62,
            "일자리총점":27.988,
            "가치 총점":48.1055,
            "매매실거래년":20220120.0,
            "매매실거래가":34900.0,
            "전세실거래년":20211101.0,
            "전세실거래가":26000.0,
            "전세가율":93.86,
            "장기전세가율평균":75.45,
            "전세가율거품지수":-18.41,
            "검색코드":26026,
            "세대수":669.0,
            "준공년월":"2008-04-04",
            "준공년차":15.0,
            "가까운역이름":"NA",
            "가까운역거리":"NA",
            "역세권여부":"NA",
            "30분이내주요거점역":"NA",
            "30분거점역이름":"NA",
            "1시간이내주요거점역":"NA",
            "1시간거점역이름":"NA",
            "3km이내백화점수":0,
            "5km이내아울렛몰수":0,
            "1km이내대형먀트수":1,
            "500m이내은행수":0,
            "500m이내병원수":5,
            "5km이내대형병원수":2,
            "500m이내공원수":0,
            "3km이내혐오시설수":0,
            "초등학교학업성취도":90.01,
            "중학교학업성취도":78.6,
            "용적률":227,
            "건폐율":20,
            "Y":36.959805,
            "X":127.944826,
            "rank":20.0,
            "area_info":"33평(111.42), 35평(117.84), 42평(139.63), 44평(145.86), 46평(154.61), 58평(194.39)",
            "last_sales":"2022-01-20,34900.0,46평(154.61)",
            "rank_history":[
                [
                    "202203",
                    20
                ],
                [
                    "202202",
                    19
                ],
                [
                    "202201",
                    30
                ]
            ],
            "rank_gap":-1
        },
        {
            "index":134,
            "아파트명":"충주엘리시아",
            "투자타입":"일반",
            "전용면적(m2)":"115.37",
            "전용면적(평)":"34평",
            "법정동주소":"충청북도 충주시 안림동 1166",
            "도로명주소":"충청북도 충주시 국원초1길 48",
            "세대수":30,
            "입주년차":40,
            "용적률점수":"--",
            "건폐율점수":"--",
            "세대당주차수":30,
            "난방방식":30,
            "공급면적":"--",
            "전용률":"--",
            "욕실수":100,
            "현관타입":100,
            "주거총점":46.0,
            "지역구공급총점":50.0,
            "역세권":"NA",
            "30분내 이동가능 거점":"NA",
            "1시간내 이동가능 거점":"NA",
            "교통총점":"NA",
            "백화점":0,
            "아울렛몰":0,
            "대형마트":100,
            "은행":0,
            "병원":60,
            "종합병원":100,
            "공원":100,
            "혐오시설":0,
            "인프라총점":44.0,
            "초등학군":90.0,
            "중학군":49.14,
            "학군총점":57.312,
            "인구수":22.01,
            "인구증감":1.54,
            "인구총점":15.869,
            "일자리":14.86,
            "소득수준":58.62,
            "일자리총점":27.988,
            "가치 총점":48.028,
            "매매실거래년":20220220.0,
            "매매실거래가":29700.0,
            "전세실거래년":20211215.0,
            "전세실거래가":16800.0,
            "전세가율":56.57,
            "장기전세가율평균":75.45,
            "전세가율거품지수":18.88,
            "검색코드":23610,
            "세대수":397.0,
            "준공년월":"2007-02-28",
            "준공년차":16.0,
            "가까운역이름":"NA",
            "가까운역거리":"NA",
            "역세권여부":"NA",
            "30분이내주요거점역":"NA",
            "30분거점역이름":"NA",
            "1시간이내주요거점역":"NA",
            "1시간거점역이름":"NA",
            "3km이내백화점수":0,
            "5km이내아울렛몰수":0,
            "1km이내대형먀트수":2,
            "500m이내은행수":0,
            "500m이내병원수":12,
            "5km이내대형병원수":2,
            "500m이내공원수":3,
            "3km이내혐오시설수":0,
            "초등학교학업성취도":90.0,
            "중학교학업성취도":81.7,
            "용적률":194,
            "건폐율":20,
            "Y":36.980081,
            "X":127.944362,
            "rank":21.0,
            "area_info":"34평(115.37)",
            "last_sales":"2022-02-20,29700.0,34평(115.37)",
            "rank_history":[
                [
                    "202203",
                    21
                ],
                [
                    "202202",
                    20
                ],
                [
                    "202201",
                    17
                ]
            ],
            "rank_gap":-1
        },
        {
            "index":179,
            "아파트명":"연수아이파크",
            "투자타입":"일반",
            "전용면적(m2)":"117.97",
            "전용면적(평)":"35평",
            "법정동주소":"충청북도 충주시 연수동 605",
            "도로명주소":"충청북도 충주시 연수로1길 12",
            "세대수":50,
            "입주년차":40,
            "용적률점수":"--",
            "건폐율점수":"--",
            "세대당주차수":60,
            "난방방식":30,
            "공급면적":"--",
            "전용률":"--",
            "욕실수":100,
            "현관타입":100,
            "주거총점":57.5,
            "지역구공급총점":50.0,
            "역세권":"NA",
            "30분내 이동가능 거점":"NA",
            "1시간내 이동가능 거점":"NA",
            "교통총점":"NA",
            "백화점":0,
            "아울렛몰":0,
            "대형마트":80,
            "은행":0,
            "병원":30,
            "종합병원":100,
            "공원":0,
            "혐오시설":0,
            "인프라총점":35.0,
            "초등학군":90.01,
            "중학군":44.04,
            "학군총점":53.234,
            "인구수":22.01,
            "인구증감":1.54,
            "인구총점":15.869,
            "일자리":14.86,
            "소득수준":58.62,
            "일자리총점":27.988,
            "가치 총점":47.4335,
            "매매실거래년":20210730.0,
            "매매실거래가":42000.0,
            "전세실거래년":null,
            "전세실거래가":null,
            "전세가율":null,
            "장기전세가율평균":75.45,
            "전세가율거품지수":null,
            "검색코드":19452,
            "세대수":537.0,
            "준공년월":"2006-06-23",
            "준공년차":17.0,
            "가까운역이름":"NA",
            "가까운역거리":"NA",
            "역세권여부":"NA",
            "30분이내주요거점역":"NA",
            "30분거점역이름":"NA",
            "1시간이내주요거점역":"NA",
            "1시간거점역이름":"NA",
            "3km이내백화점수":0,
            "5km이내아울렛몰수":0,
            "1km이내대형먀트수":1,
            "500m이내은행수":0,
            "500m이내병원수":7,
            "5km이내대형병원수":2,
            "500m이내공원수":0,
            "3km이내혐오시설수":0,
            "초등학교학업성취도":90.01,
            "중학교학업성취도":73.4,
            "용적률":215,
            "건폐율":20,
            "Y":36.992729,
            "X":127.937073,
            "rank":22.0,
            "area_info":"35평(117.97), 40평(134.9), 44평(148.6), 48평(161.24), 53평(176.88), 55평(183.67), 60평(199.33), 65평(217.84)",
            "last_sales":"2021-07-30,42000.0,65평(217.84)",
            "rank_history":[
                [
                    "202203",
                    22
                ],
                [
                    "202202",
                    21
                ],
                [
                    "202201",
                    12
                ]
            ],
            "rank_gap":-1
        },
        {
            "index":297,
            "아파트명":"삼일무지개",
            "투자타입":"일반",
            "전용면적(m2)":"92.4",
            "전용면적(평)":"27평",
            "법정동주소":"충청북도 충주시 칠금동 626",
            "도로명주소":"충청북도 충주시 금릉로 17",
            "세대수":50,
            "입주년차":0,
            "용적률점수":"--",
            "건폐율점수":"--",
            "세대당주차수":60,
            "난방방식":30,
            "공급면적":"--",
            "전용률":"--",
            "욕실수":50,
            "현관타입":100,
            "주거총점":44.5,
            "지역구공급총점":50.0,
            "역세권":"NA",
            "30분내 이동가능 거점":"NA",
            "1시간내 이동가능 거점":"NA",
            "교통총점":"NA",
            "백화점":0,
            "아울렛몰":0,
            "대형마트":80,
            "은행":0,
            "병원":80,
            "종합병원":100,
            "공원":100,
            "혐오시설":0,
            "인프라총점":43.0,
            "초등학군":90.01,
            "중학군":46.98,
            "학군총점":55.586,
            "인구수":22.01,
            "인구증감":1.54,
            "인구총점":15.869,
            "일자리":14.86,
            "소득수준":58.62,
            "일자리총점":27.988,
            "가치 총점":46.6715,
            "매매실거래년":20220223.0,
            "매매실거래가":17000.0,
            "전세실거래년":20220212.0,
            "전세실거래가":17000.0,
            "전세가율":100.0,
            "장기전세가율평균":75.45,
            "전세가율거품지수":-24.55,
            "검색코드":7653,
            "세대수":433.0,
            "준공년월":"1996-09-10",
            "준공년차":27.0,
            "가까운역이름":"NA",
            "가까운역거리":"NA",
            "역세권여부":"NA",
            "30분이내주요거점역":"NA",
            "30분거점역이름":"NA",
            "1시간이내주요거점역":"NA",
            "1시간거점역이름":"NA",
            "3km이내백화점수":0,
            "5km이내아울렛몰수":0,
            "1km이내대형먀트수":1,
            "500m이내은행수":0,
            "500m이내병원수":39,
            "5km이내대형병원수":2,
            "500m이내공원수":3,
            "3km이내혐오시설수":0,
            "초등학교학업성취도":90.01,
            "중학교학업성취도":78.3,
            "용적률":219,
            "건폐율":20,
            "Y":36.985571,
            "X":127.91769,
            "rank":23.0,
            "area_info":"27평(92.4), 36평(121.53), 51평(169.89), 75평(248.97), 77평(254.82)",
            "last_sales":"2022-02-23,17000.0,27평(92.4)",
            "rank_history":[
                [
                    "202203",
                    23
                ],
                [
                    "202202",
                    22
                ],
                [
                    "202201",
                    19
                ]
            ],
            "rank_gap":-1
        },
        {
            "index":256,
            "아파트명":"청운로얄",
            "투자타입":"재건축",
            "전용면적(m2)":"96.48",
            "전용면적(평)":"29평",
            "법정동주소":"충청북도 충주시 용산동 1579",
            "도로명주소":"충청북도 충주시 염밭로 59",
            "세대수":0,
            "입주년차":"--",
            "용적률점수":80,
            "건폐율점수":40,
            "세대당주차수":"--",
            "난방방식":"--",
            "공급면적":70,
            "전용률":60,
            "욕실수":"--",
            "현관타입":"--",
            "주거총점":46.5,
            "지역구공급총점":50.0,
            "역세권":"NA",
            "30분내 이동가능 거점":"NA",
            "1시간내 이동가능 거점":"NA",
            "교통총점":"NA",
            "백화점":0,
            "아울렛몰":0,
            "대형마트":80,
            "은행":0,
            "병원":60,
            "종합병원":100,
            "공원":100,
            "혐오시설":0,
            "인프라총점":41.0,
            "초등학군":90.01,
            "중학군":47.4,
            "학군총점":55.922,
            "인구수":22.01,
            "인구증감":1.54,
            "인구총점":15.869,
            "일자리":14.86,
            "소득수준":58.62,
            "일자리총점":27.988,
            "가치 총점":46.6555,
            "매매실거래년":20220112.0,
            "매매실거래가":7700.0,
            "전세실거래년":20200718.0,
            "전세실거래가":6500.0,
            "전세가율":84.42,
            "장기전세가율평균":75.45,
            "전세가율거품지수":-8.97,
            "검색코드":7638,
            "세대수":80.0,
            "준공년월":"1991-02-18",
            "준공년차":32.0,
            "가까운역이름":"NA",
            "가까운역거리":"NA",
            "역세권여부":"NA",
            "30분이내주요거점역":"NA",
            "30분거점역이름":"NA",
            "1시간이내주요거점역":"NA",
            "1시간거점역이름":"NA",
            "3km이내백화점수":0,
            "5km이내아울렛몰수":0,
            "1km이내대형먀트수":1,
            "500m이내은행수":0,
            "500m이내병원수":10,
            "5km이내대형병원수":2,
            "500m이내공원수":3,
            "3km이내혐오시설수":0,
            "초등학교학업성취도":90.01,
            "중학교학업성취도":78.6,
            "용적률":174,
            "건폐율":37,
            "Y":36.963084,
            "X":127.942903,
            "rank":24.0,
            "area_info":"29평(96.48)",
            "last_sales":"2022-01-12,7700.0,29평(96.48)",
            "rank_history":[
                [
                    "202203",
                    24
                ],
                [
                    "202202",
                    9999
                ]
            ],
            "rank_gap":9999
        },
        {
            "index":104,
            "아파트명":"문화럭키",
            "투자타입":"일반",
            "전용면적(m2)":"84.95",
            "전용면적(평)":"25평",
            "법정동주소":"충청북도 충주시 문화동 2260",
            "도로명주소":"충청북도 충주시 중원대로 3379",
            "세대수":80,
            "입주년차":0,
            "용적률점수":"--",
            "건폐율점수":"--",
            "세대당주차수":0,
            "난방방식":30,
            "공급면적":"--",
            "전용률":"--",
            "욕실수":50,
            "현관타입":100,
            "주거총점":46.0,
            "지역구공급총점":50.0,
            "역세권":"NA",
            "30분내 이동가능 거점":"NA",
            "1시간내 이동가능 거점":"NA",
            "교통총점":"NA",
            "백화점":0,
            "아울렛몰":0,
            "대형마트":100,
            "은행":0,
            "병원":10,
            "종합병원":100,
            "공원":100,
            "혐오시설":0,
            "인프라총점":39.0,
            "초등학군":89.97,
            "중학군":50.22,
            "학군총점":58.17,
            "인구수":22.01,
            "인구증감":1.54,
            "인구총점":15.869,
            "일자리":14.86,
            "소득수준":58.62,
            "일자리총점":27.988,
            "가치 총점":46.2425,
            "매매실거래년":20220112.0,
            "매매실거래가":25800.0,
            "전세실거래년":20211208.0,
            "전세실거래가":13500.0,
            "전세가율":84.38,
            "장기전세가율평균":75.45,
            "전세가율거품지수":-8.93,
            "검색코드":7565,
            "세대수":812.0,
            "준공년월":"1993-12-07",
            "준공년차":30.0,
            "가까운역이름":"NA",
            "가까운역거리":"NA",
            "역세권여부":"NA",
            "30분이내주요거점역":"NA",
            "30분거점역이름":"NA",
            "1시간이내주요거점역":"NA",
            "1시간거점역이름":"NA",
            "3km이내백화점수":0,
            "5km이내아울렛몰수":0,
            "1km이내대형먀트수":2,
            "500m이내은행수":0,
            "500m이내병원수":3,
            "5km이내대형병원수":2,
            "500m이내공원수":2,
            "3km이내혐오시설수":0,
            "초등학교학업성취도":89.97,
            "중학교학업성취도":83.3,
            "용적률":0,
            "건폐율":0,
            "Y":36.968884,
            "X":127.921516,
            "rank":25.0,
            "area_info":"25평(84.95), 29평(97.72), 41평(137.79), 51평(171.27)",
            "last_sales":"2022-01-12,25800.0,41평(137.79)",
            "rank_history":[
                [
                    "202203",
                    25
                ],
                [
                    "202202",
                    23
                ],
                [
                    "202201",
                    24
                ]
            ],
            "rank_gap":-2
        },
        {
            "index":257,
            "아파트명":"충주3차푸르지오",
            "투자타입":"일반",
            "전용면적(m2)":"113.76",
            "전용면적(평)":"34평",
            "법정동주소":"충청북도 충주시 용산동 2628",
            "도로명주소":"충청북도 충주시 염밭로 13",
            "세대수":50,
            "입주년차":80,
            "용적률점수":"--",
            "건폐율점수":"--",
            "세대당주차수":60,
            "난방방식":30,
            "공급면적":"--",
            "전용률":"--",
            "욕실수":100,
            "현관타입":100,
            "주거총점":65.5,
            "지역구공급총점":50.0,
            "역세권":"NA",
            "30분내 이동가능 거점":"NA",
            "1시간내 이동가능 거점":"NA",
            "교통총점":"NA",
            "백화점":0,
            "아울렛몰":0,
            "대형마트":0,
            "은행":0,
            "병원":30,
            "종합병원":100,
            "공원":0,
            "혐오시설":0,
            "인프라총점":23.0,
            "초등학군":90.01,
            "중학군":47.4,
            "학군총점":55.922,
            "인구수":22.01,
            "인구증감":1.54,
            "인구총점":15.869,
            "일자리":14.86,
            "소득수준":58.62,
            "일자리총점":27.988,
            "가치 총점":46.1055,
            "매매실거래년":20220125.0,
            "매매실거래가":40000.0,
            "전세실거래년":20220128.0,
            "전세실거래가":35000.0,
            "전세가율":87.5,
            "장기전세가율평균":75.45,
            "전세가율거품지수":-12.05,
            "검색코드":111521,
            "세대수":474.0,
            "준공년월":"2018-04-26",
            "준공년차":5.0,
            "가까운역이름":"NA",
            "가까운역거리":"NA",
            "역세권여부":"NA",
            "30분이내주요거점역":"NA",
            "30분거점역이름":"NA",
            "1시간이내주요거점역":"NA",
            "1시간거점역이름":"NA",
            "3km이내백화점수":0,
            "5km이내아울렛몰수":0,
            "1km이내대형먀트수":0,
            "500m이내은행수":0,
            "500m이내병원수":5,
            "5km이내대형병원수":2,
            "500m이내공원수":0,
            "3km이내혐오시설수":0,
            "초등학교학업성취도":90.01,
            "중학교학업성취도":78.6,
            "용적률":210,
            "건폐율":19,
            "Y":36.958491,
            "X":127.943451,
            "rank":26.0,
            "area_info":"34평(113.76), 34평(113.94)",
            "last_sales":"2022-01-25,40000.0,34평(113.76)",
            "rank_history":[
                [
                    "202203",
                    26
                ],
                [
                    "202202",
                    24
                ],
                [
                    "202201",
                    21
                ]
            ],
            "rank_gap":-2
        },
        {
            "index":163,
            "아파트명":"연수계룡리슈빌2차",
            "투자타입":"일반",
            "전용면적(m2)":"52.45",
            "전용면적(평)":"15평",
            "법정동주소":"충청북도 충주시 연수동 1763",
            "도로명주소":"충청북도 충주시 연수서편2길 32",
            "세대수":50,
            "입주년차":80,
            "용적률점수":"--",
            "건폐율점수":"--",
            "세대당주차수":30,
            "난방방식":30,
            "공급면적":"--",
            "전용률":"--",
            "욕실수":50,
            "현관타입":10,
            "주거총점":47.0,
            "지역구공급총점":50.0,
            "역세권":"NA",
            "30분내 이동가능 거점":"NA",
            "1시간내 이동가능 거점":"NA",
            "교통총점":"NA",
            "백화점":0,
            "아울렛몰":0,
            "대형마트":80,
            "은행":0,
            "병원":60,
            "종합병원":100,
            "공원":80,
            "혐오시설":0,
            "인프라총점":40.4,
            "초등학군":90.01,
            "중학군":44.04,
            "학군총점":53.234,
            "인구수":22.01,
            "인구증감":1.54,
            "인구총점":15.869,
            "일자리":14.86,
            "소득수준":58.62,
            "일자리총점":27.988,
            "가치 총점":45.9185,
            "매매실거래년":20211231.0,
            "매매실거래가":26400.0,
            "전세실거래년":20210915.0,
            "전세실거래가":12900.0,
            "전세가율":104.88,
            "장기전세가율평균":75.45,
            "전세가율거품지수":-29.43,
            "검색코드":108363,
            "세대수":439.0,
            "준공년월":"2016-02-16",
            "준공년차":7.0,
            "가까운역이름":"NA",
            "가까운역거리":"NA",
            "역세권여부":"NA",
            "30분이내주요거점역":"NA",
            "30분거점역이름":"NA",
            "1시간이내주요거점역":"NA",
            "1시간거점역이름":"NA",
            "3km이내백화점수":0,
            "5km이내아울렛몰수":0,
            "1km이내대형먀트수":1,
            "500m이내은행수":1,
            "500m이내병원수":20,
            "5km이내대형병원수":2,
            "500m이내공원수":1,
            "3km이내혐오시설수":0,
            "초등학교학업성취도":90.01,
            "중학교학업성취도":73.4,
            "용적률":191,
            "건폐율":22,
            "Y":36.989105,
            "X":127.932599,
            "rank":27.0,
            "area_info":"15평(52.45), 17평(57.36), 24평(82.31), 24평(82.49), 25평(83.19), 29평(98.72), 29평(99.1), 33평(111.88)",
            "last_sales":"2021-12-31,26400.0,25평(83.19)",
            "rank_history":[
                [
                    "202203",
                    27
                ],
                [
                    "202202",
                    25
                ],
                [
                    "202201",
                    15
                ]
            ],
            "rank_gap":-2
        },
        {
            "index":358,
            "아파트명":"힐스테이트호암",
            "투자타입":"일반",
            "전용면적(m2)":"81.8",
            "전용면적(평)":"24평",
            "법정동주소":"충청북도 충주시 호암동 1050번지 일원 (충주호암 A1블럭)",
            "도로명주소":"충청북도 충주시 호암수청1로 29",
            "세대수":50,
            "입주년차":100,
            "용적률점수":"--",
            "건폐율점수":"--",
            "세대당주차수":30,
            "난방방식":30,
            "공급면적":"--",
            "전용률":"--",
            "욕실수":100,
            "현관타입":100,
            "주거총점":65.0,
            "지역구공급총점":50.0,
            "역세권":"NA",
            "30분내 이동가능 거점":"NA",
            "1시간내 이동가능 거점":"NA",
            "교통총점":"NA",
            "백화점":0,
            "아울렛몰":0,
            "대형마트":0,
            "은행":0,
            "병원":10,
            "종합병원":100,
            "공원":80,
            "혐오시설":0,
            "인프라총점":23.4,
            "초등학군":90.01,
            "중학군":45.7,
            "학군총점":54.562,
            "인구수":22.01,
            "인구증감":1.54,
            "인구총점":15.869,
            "일자리":14.86,
            "소득수준":58.62,
            "일자리총점":27.988,
            "가치 총점":45.7505,
            "매매실거래년":"18000101",
            "매매실거래가":null,
            "전세실거래년":null,
            "전세실거래가":null,
            "전세가율":null,
            "장기전세가율평균":75.45,
            "전세가율거품지수":null,
            "검색코드":136234,
            "세대수":637.0,
            "준공년월":"2021-09-01",
            "준공년차":2.0,
            "가까운역이름":"NA",
            "가까운역거리":"NA",
            "역세권여부":"NA",
            "30분이내주요거점역":"NA",
            "30분거점역이름":"NA",
            "1시간이내주요거점역":"NA",
            "1시간거점역이름":"NA",
            "3km이내백화점수":0,
            "5km이내아울렛몰수":0,
            "1km이내대형먀트수":0,
            "500m이내은행수":0,
            "500m이내병원수":4,
            "5km이내대형병원수":2,
            "500m이내공원수":1,
            "3km이내혐오시설수":0,
            "초등학교학업성취도":90.01,
            "중학교학업성취도":75.9,
            "용적률":199,
            "건폐율":20,
            "Y":36.955593,
            "X":127.92429,
            "rank":28.0,
            "area_info":"24평(81.8), 24평(82.17), 24평(82.13), 24평(82.17)",
            "last_sales":"1800-01-01,nan,24평(81.8)",
            "rank_history":[
                [
                    "202203",
                    28
                ],
                [
                    "202202",
                    26
                ],
                [
                    "202201",
                    20
                ]
            ],
            "rank_gap":-2
        },
        {
            "index":293,
            "아파트명":"부영1차",
            "투자타입":"일반",
            "전용면적(m2)":"66.12",
            "전용면적(평)":"20평",
            "법정동주소":"충청북도 충주시 칠금동 821",
            "도로명주소":"충청북도 충주시 금릉로 46",
            "세대수":80,
            "입주년차":0,
            "용적률점수":"--",
            "건폐율점수":"--",
            "세대당주차수":0,
            "난방방식":30,
            "공급면적":"--",
            "전용률":"--",
            "욕실수":50,
            "현관타입":50,
            "주거총점":41.0,
            "지역구공급총점":50.0,
            "역세권":"NA",
            "30분내 이동가능 거점":"NA",
            "1시간내 이동가능 거점":"NA",
            "교통총점":"NA",
            "백화점":0,
            "아울렛몰":0,
            "대형마트":80,
            "은행":0,
            "병원":80,
            "종합병원":100,
            "공원":100,
            "혐오시설":0,
            "인프라총점":43.0,
            "초등학군":90.01,
            "중학군":46.98,
            "학군총점":55.586,
            "인구수":22.01,
            "인구증감":1.54,
            "인구총점":15.869,
            "일자리":14.86,
            "소득수준":58.62,
            "일자리총점":27.988,
            "가치 총점":45.4465,
            "매매실거래년":20220221.0,
            "매매실거래가":14900.0,
            "전세실거래년":20220221.0,
            "전세실거래가":11000.0,
            "전세가율":102.8,
            "장기전세가율평균":75.45,
            "전세가율거품지수":-27.35,
            "검색코드":26331,
            "세대수":720.0,
            "준공년월":"1996-07-23",
            "준공년차":27.0,
            "가까운역이름":"NA",
            "가까운역거리":"NA",
            "역세권여부":"NA",
            "30분이내주요거점역":"NA",
            "30분거점역이름":"NA",
            "1시간이내주요거점역":"NA",
            "1시간거점역이름":"NA",
            "3km이내백화점수":0,
            "5km이내아울렛몰수":0,
            "1km이내대형먀트수":1,
            "500m이내은행수":1,
            "500m이내병원수":40,
            "5km이내대형병원수":2,
            "500m이내공원수":6,
            "3km이내혐오시설수":0,
            "초등학교학업성취도":90.01,
            "중학교학업성취도":78.3,
            "용적률":207,
            "건폐율":19,
            "Y":36.983516,
            "X":127.920696,
            "rank":29.0,
            "area_info":"20평(66.12), 24평(79.34)",
            "last_sales":"2022-02-21,14900.0,24평(79.34)",
            "rank_history":[
                [
                    "202203",
                    29
                ],
                [
                    "202202",
                    27
                ],
                [
                    "202201",
                    23
                ]
            ],
            "rank_gap":-2
        },
        {
            "index":259,
            "아파트명":"충주용산주공3단지",
            "투자타입":"일반",
            "전용면적(m2)":"48.64",
            "전용면적(평)":"14평",
            "법정동주소":"충청북도 충주시 용산동 1680",
            "도로명주소":"충청북도 충주시 남산로 114",
            "세대수":90,
            "입주년차":20,
            "용적률점수":"--",
            "건폐율점수":"--",
            "세대당주차수":0,
            "난방방식":30,
            "공급면적":"--",
            "전용률":"--",
            "욕실수":50,
            "현관타입":50,
            "주거총점":48.5,
            "지역구공급총점":50.0,
            "역세권":"NA",
            "30분내 이동가능 거점":"NA",
            "1시간내 이동가능 거점":"NA",
            "교통총점":"NA",
            "백화점":0,
            "아울렛몰":0,
            "대형마트":80,
            "은행":0,
            "병원":10,
            "종합병원":100,
            "공원":100,
            "혐오시설":0,
            "인프라총점":36.0,
            "초등학군":90.01,
            "중학군":47.4,
            "학군총점":55.922,
            "인구수":22.01,
            "인구증감":1.54,
            "인구총점":15.869,
            "일자리":14.86,
            "소득수준":58.62,
            "일자리총점":27.988,
            "가치 총점":45.3555,
            "매매실거래년":20220212.0,
            "매매실거래가":7900.0,
            "전세실거래년":20220106.0,
            "전세실거래가":5500.0,
            "전세가율":69.62,
            "장기전세가율평균":75.45,
            "전세가율거품지수":5.83,
            "검색코드":27190,
            "세대수":980.0,
            "준공년월":"2003-07-18",
            "준공년차":20.0,
            "가까운역이름":"NA",
            "가까운역거리":"NA",
            "역세권여부":"NA",
            "30분이내주요거점역":"NA",
            "30분거점역이름":"NA",
            "1시간이내주요거점역":"NA",
            "1시간거점역이름":"NA",
            "3km이내백화점수":0,
            "5km이내아울렛몰수":0,
            "1km이내대형먀트수":1,
            "500m이내은행수":0,
            "500m이내병원수":4,
            "5km이내대형병원수":2,
            "500m이내공원수":2,
            "3km이내혐오시설수":0,
            "초등학교학업성취도":90.01,
            "중학교학업성취도":78.6,
            "용적률":145,
            "건폐율":12,
            "Y":36.961571,
            "X":127.945903,
            "rank":30.0,
            "area_info":"14평(48.64), 21평(69.81), 20평(69.19), 24평(80.14)",
            "last_sales":"2022-02-12,7900.0,14평(48.64)",
            "rank_history":[
                [
                    "202203",
                    30
                ],
                [
                    "202202",
                    28
                ],
                [
                    "202201",
                    37
                ]
            ],
            "rank_gap":-2
        },
        {
            "index":156,
            "아파트명":"세원",
            "투자타입":"재건축",
            "전용면적(m2)":"69.43",
            "전용면적(평)":"21평",
            "법정동주소":"충청북도 충주시 연수동 930",
            "도로명주소":"충청북도 충주시 번영대로 120",
            "세대수":80,
            "입주년차":"--",
            "용적률점수":0,
            "건폐율점수":60,
            "세대당주차수":"--",
            "난방방식":"--",
            "공급면적":50,
            "전용률":60,
            "욕실수":"--",
            "현관타입":"--",
            "주거총점":41.5,
            "지역구공급총점":50.0,
            "역세권":"NA",
            "30분내 이동가능 거점":"NA",
            "1시간내 이동가능 거점":"NA",
            "교통총점":"NA",
            "백화점":0,
            "아울렛몰":0,
            "대형마트":80,
            "은행":20,
            "병원":60,
            "종합병원":100,
            "공원":100,
            "혐오시설":0,
            "인프라총점":43.0,
            "초등학군":89.98,
            "중학군":44.04,
            "학군총점":53.228,
            "인구수":22.01,
            "인구증감":1.54,
            "인구총점":15.869,
            "일자리":14.86,
            "소득수준":58.62,
            "일자리총점":27.988,
            "가치 총점":45.032,
            "매매실거래년":20220225.0,
            "매매실거래가":8200.0,
            "전세실거래년":20220216.0,
            "전세실거래가":7000.0,
            "전세가율":102.94,
            "장기전세가율평균":75.45,
            "전세가율거품지수":-27.49,
            "검색코드":7591,
            "세대수":753.0,
            "준공년월":"1991-12-19",
            "준공년차":32.0,
            "가까운역이름":"NA",
            "가까운역거리":"NA",
            "역세권여부":"NA",
            "30분이내주요거점역":"NA",
            "30분거점역이름":"NA",
            "1시간이내주요거점역":"NA",
            "1시간거점역이름":"NA",
            "3km이내백화점수":0,
            "5km이내아울렛몰수":0,
            "1km이내대형먀트수":1,
            "500m이내은행수":2,
            "500m이내병원수":17,
            "5km이내대형병원수":2,
            "500m이내공원수":4,
            "3km이내혐오시설수":0,
            "초등학교학업성취도":89.98,
            "중학교학업성취도":73.4,
            "용적률":283,
            "건폐율":34,
            "Y":36.986391,
            "X":127.931035,
            "rank":31.0,
            "area_info":"21평(69.43), 24평(81.45)",
            "last_sales":"2022-02-25,8200.0,24평(81.45)",
            "rank_history":[
                [
                    "202203",
                    31
                ],
                [
                    "202202",
                    30
                ],
                [
                    "202201",
                    25
                ]
            ],
            "rank_gap":-1
        },
        {
            "index":302,
            "아파트명":"세영첼시빌",
            "투자타입":"일반",
            "전용면적(m2)":"105.52",
            "전용면적(평)":"31평",
            "법정동주소":"충청북도 충주시 칠금동 628",
            "도로명주소":"충청북도 충주시 금릉로 33",
            "세대수":30,
            "입주년차":20,
            "용적률점수":"--",
            "건폐율점수":"--",
            "세대당주차수":30,
            "난방방식":30,
            "공급면적":"--",
            "전용률":"--",
            "욕실수":100,
            "현관타입":100,
            "주거총점":42.0,
            "지역구공급총점":50.0,
            "역세권":"NA",
            "30분내 이동가능 거점":"NA",
            "1시간내 이동가능 거점":"NA",
            "교통총점":"NA",
            "백화점":0,
            "아울렛몰":0,
            "대형마트":80,
            "은행":0,
            "병원":60,
            "종합병원":100,
            "공원":100,
            "혐오시설":0,
            "인프라총점":41.0,
            "초등학군":90.01,
            "중학군":46.98,
            "학군총점":55.586,
            "인구수":22.01,
            "인구증감":1.54,
            "인구총점":15.869,
            "일자리":14.86,
            "소득수준":58.62,
            "일자리총점":27.988,
            "가치 총점":44.9965,
            "매매실거래년":20220208.0,
            "매매실거래가":28400.0,
            "전세실거래년":20210320.0,
            "전세실거래가":19500.0,
            "전세가율":68.66,
            "장기전세가율평균":75.45,
            "전세가율거품지수":6.79,
            "검색코드":13021,
            "세대수":312.0,
            "준공년월":"2002-03-14",
            "준공년차":21.0,
            "가까운역이름":"NA",
            "가까운역거리":"NA",
            "역세권여부":"NA",
            "30분이내주요거점역":"NA",
            "30분거점역이름":"NA",
            "1시간이내주요거점역":"NA",
            "1시간거점역이름":"NA",
            "3km이내백화점수":0,
            "5km이내아울렛몰수":0,
            "1km이내대형먀트수":1,
            "500m이내은행수":0,
            "500m이내병원수":21,
            "5km이내대형병원수":2,
            "500m이내공원수":4,
            "3km이내혐오시설수":0,
            "초등학교학업성취도":90.01,
            "중학교학업성취도":78.3,
            "용적률":189,
            "건폐율":18,
            "Y":36.98587,
            "X":127.92006,
            "rank":32.0,
            "area_info":"31평(105.52), 46평(153.01)",
            "last_sales":"2022-02-08,28400.0,31평(105.52)",
            "rank_history":[
                [
                    "202203",
                    32
                ],
                [
                    "202202",
                    29
                ],
                [
                    "202201",
                    26
                ]
            ],
            "rank_gap":-3
        },
        {
            "index":4,
            "아파트명":"교현신원11차",
            "투자타입":"재건축",
            "전용면적(m2)":"54.68",
            "전용면적(평)":"16평",
            "법정동주소":"충청북도 충주시 교현동 130-1",
            "도로명주소":"충청북도 충주시 만리산12길 13",
            "세대수":0,
            "입주년차":"--",
            "용적률점수":80,
            "건폐율점수":40,
            "세대당주차수":"--",
            "난방방식":"--",
            "공급면적":50,
            "전용률":60,
            "욕실수":"--",
            "현관타입":"--",
            "주거총점":45.5,
            "지역구공급총점":50.0,
            "역세권":"NA",
            "30분내 이동가능 거점":"NA",
            "1시간내 이동가능 거점":"NA",
            "교통총점":"NA",
            "백화점":0,
            "아울렛몰":0,
            "대형마트":80,
            "은행":0,
            "병원":10,
            "종합병원":100,
            "공원":0,
            "혐오시설":0,
            "인프라총점":33.0,
            "초등학군":90.03,
            "중학군":53.86,
            "학군총점":61.094,
            "인구수":22.01,
            "인구증감":1.54,
            "인구총점":15.869,
            "일자리":14.86,
            "소득수준":58.62,
            "일자리총점":27.988,
            "가치 총점":44.3985,
            "매매실거래년":20220225.0,
            "매매실거래가":3200.0,
            "전세실거래년":20181217.0,
            "전세실거래가":2000.0,
            "전세가율":62.5,
            "장기전세가율평균":75.45,
            "전세가율거품지수":12.95,
            "검색코드":7534,
            "세대수":160.0,
            "준공년월":"1992-11-10",
            "준공년차":31.0,
            "가까운역이름":"NA",
            "가까운역거리":"NA",
            "역세권여부":"NA",
            "30분이내주요거점역":"NA",
            "30분거점역이름":"NA",
            "1시간이내주요거점역":"NA",
            "1시간거점역이름":"NA",
            "3km이내백화점수":0,
            "5km이내아울렛몰수":0,
            "1km이내대형먀트수":1,
            "500m이내은행수":0,
            "500m이내병원수":3,
            "5km이내대형병원수":2,
            "500m이내공원수":0,
            "3km이내혐오시설수":0,
            "초등학교학업성취도":90.03,
            "중학교학업성취도":88.7,
            "용적률":157,
            "건폐율":35,
            "Y":36.973295,
            "X":127.945243,
            "rank":33.0,
            "area_info":"16평(54.68), 23평(78.98), 24평(80.1), 33평(111.23)",
            "last_sales":"2022-02-25,3200.0,16평(54.68)",
            "rank_history":[
                [
                    "202203",
                    33
                ],
                [
                    "202202",
                    32
                ],
                [
                    "202201",
                    46
                ]
            ],
            "rank_gap":-1
        },
        {
            "index":218,
            "아파트명":"하나2차",
            "투자타입":"일반",
            "전용면적(m2)":"81.52",
            "전용면적(평)":"24평",
            "법정동주소":"충청북도 충주시 연수동 421-7",
            "도로명주소":"충청북도 충주시 국원초2길 20",
            "세대수":50,
            "입주년차":0,
            "용적률점수":"--",
            "건폐율점수":"--",
            "세대당주차수":0,
            "난방방식":30,
            "공급면적":"--",
            "전용률":"--",
            "욕실수":50,
            "현관타입":100,
            "주거총점":35.5,
            "지역구공급총점":50.0,
            "역세권":"NA",
            "30분내 이동가능 거점":"NA",
            "1시간내 이동가능 거점":"NA",
            "교통총점":"NA",
            "백화점":0,
            "아울렛몰":0,
            "대형마트":100,
            "은행":0,
            "병원":60,
            "종합병원":100,
            "공원":100,
            "혐오시설":0,
            "인프라총점":44.0,
            "초등학군":90.0,
            "중학군":49.14,
            "학군총점":57.312,
            "인구수":22.01,
            "인구증감":1.54,
            "인구총점":15.869,
            "일자리":14.86,
            "소득수준":58.62,
            "일자리총점":27.988,
            "가치 총점":44.353,
            "매매실거래년":20220225.0,
            "매매실거래가":10800.0,
            "전세실거래년":20220127.0,
            "전세실거래가":12000.0,
            "전세가율":111.11,
            "장기전세가율평균":75.45,
            "전세가율거품지수":-35.66,
            "검색코드":7601,
            "세대수":413.0,
            "준공년월":"1995-01-16",
            "준공년차":28.0,
            "가까운역이름":"NA",
            "가까운역거리":"NA",
            "역세권여부":"NA",
            "30분이내주요거점역":"NA",
            "30분거점역이름":"NA",
            "1시간이내주요거점역":"NA",
            "1시간거점역이름":"NA",
            "3km이내백화점수":0,
            "5km이내아울렛몰수":0,
            "1km이내대형먀트수":2,
            "500m이내은행수":0,
            "500m이내병원수":15,
            "5km이내대형병원수":2,
            "500m이내공원수":5,
            "3km이내혐오시설수":0,
            "초등학교학업성취도":90.0,
            "중학교학업성취도":81.7,
            "용적률":252,
            "건폐율":19,
            "Y":36.98108,
            "X":127.942901,
            "rank":34.0,
            "area_info":"24평(81.52), 32평(108.74), 32평(108.7)",
            "last_sales":"2022-02-25,10800.0,24평(81.52)",
            "rank_history":[
                [
                    "202203",
                    34
                ],
                [
                    "202202",
                    31
                ],
                [
                    "202201",
                    27
                ]
            ],
            "rank_gap":-3
        },
        {
            "index":214,
            "아파트명":"하나",
            "투자타입":"일반",
            "전용면적(m2)":"76.31",
            "전용면적(평)":"23평",
            "법정동주소":"충청북도 충주시 연수동 418",
            "도로명주소":"충청북도 충주시 갱고개로 116",
            "세대수":50,
            "입주년차":0,
            "용적률점수":"--",
            "건폐율점수":"--",
            "세대당주차수":0,
            "난방방식":30,
            "공급면적":"--",
            "전용률":"--",
            "욕실수":50,
            "현관타입":100,
            "주거총점":35.5,
            "지역구공급총점":50.0,
            "역세권":"NA",
            "30분내 이동가능 거점":"NA",
            "1시간내 이동가능 거점":"NA",
            "교통총점":"NA",
            "백화점":0,
            "아울렛몰":0,
            "대형마트":100,
            "은행":0,
            "병원":60,
            "종합병원":100,
            "공원":100,
            "혐오시설":0,
            "인프라총점":44.0,
            "초등학군":90.0,
            "중학군":49.14,
            "학군총점":57.312,
            "인구수":22.01,
            "인구증감":1.54,
            "인구총점":15.869,
            "일자리":14.86,
            "소득수준":58.62,
            "일자리총점":27.988,
            "가치 총점":44.353,
            "매매실거래년":20211115.0,
            "매매실거래가":10000.0,
            "전세실거래년":20211014.0,
            "전세실거래가":11000.0,
            "전세가율":110.0,
            "장기전세가율평균":75.45,
            "전세가율거품지수":-34.55,
            "검색코드":7596,
            "세대수":467.0,
            "준공년월":"1993-07-14",
            "준공년차":30.0,
            "가까운역이름":"NA",
            "가까운역거리":"NA",
            "역세권여부":"NA",
            "30분이내주요거점역":"NA",
            "30분거점역이름":"NA",
            "1시간이내주요거점역":"NA",
            "1시간거점역이름":"NA",
            "3km이내백화점수":0,
            "5km이내아울렛몰수":0,
            "1km이내대형먀트수":2,
            "500m이내은행수":1,
            "500m이내병원수":15,
            "5km이내대형병원수":2,
            "500m이내공원수":7,
            "3km이내혐오시설수":0,
            "초등학교학업성취도":90.0,
            "중학교학업성취도":81.7,
            "용적률":0,
            "건폐율":0,
            "Y":36.981196,
            "X":127.940868,
            "rank":34.0,
            "area_info":"23평(76.31), 23평(76.3), 31평(105.26), 47평(158.22)",
            "last_sales":"2021-11-15,10000.0,23평(76.31)",
            "rank_history":[
                [
                    "202203",
                    34
                ],
                [
                    "202202",
                    31
                ],
                [
                    "202201",
                    27
                ]
            ],
            "rank_gap":-3
        },
        {
            "index":202,
            "아파트명":"임광",
            "투자타입":"재건축",
            "전용면적(m2)":"101.59",
            "전용면적(평)":"30평",
            "법정동주소":"충청북도 충주시 연수동 931",
            "도로명주소":"충청북도 충주시 국원대로 166",
            "세대수":50,
            "입주년차":"--",
            "용적률점수":0,
            "건폐율점수":80,
            "세대당주차수":"--",
            "난방방식":"--",
            "공급면적":90,
            "전용률":80,
            "욕실수":"--",
            "현관타입":"--",
            "주거총점":39.5,
            "지역구공급총점":50.0,
            "역세권":"NA",
            "30분내 이동가능 거점":"NA",
            "1시간내 이동가능 거점":"NA",
            "교통총점":"NA",
            "백화점":0,
            "아울렛몰":0,
            "대형마트":80,
            "은행":20,
            "병원":60,
            "종합병원":100,
            "공원":100,
            "혐오시설":0,
            "인프라총점":43.0,
            "초등학군":89.98,
            "중학군":44.04,
            "학군총점":53.228,
            "인구수":22.01,
            "인구증감":1.54,
            "인구총점":15.869,
            "일자리":14.86,
            "소득수준":58.62,
            "일자리총점":27.988,
            "가치 총점":44.332,
            "매매실거래년":20220213.0,
            "매매실거래가":14800.0,
            "전세실거래년":20220204.0,
            "전세실거래가":13000.0,
            "전세가율":87.84,
            "장기전세가율평균":75.45,
            "전세가율거품지수":-12.39,
            "검색코드":7603,
            "세대수":484.0,
            "준공년월":"1991-11-26",
            "준공년차":32.0,
            "가까운역이름":"NA",
            "가까운역거리":"NA",
            "역세권여부":"NA",
            "30분이내주요거점역":"NA",
            "30분거점역이름":"NA",
            "1시간이내주요거점역":"NA",
            "1시간거점역이름":"NA",
            "3km이내백화점수":0,
            "5km이내아울렛몰수":0,
            "1km이내대형먀트수":1,
            "500m이내은행수":2,
            "500m이내병원수":16,
            "5km이내대형병원수":2,
            "500m이내공원수":5,
            "3km이내혐오시설수":0,
            "초등학교학업성취도":89.98,
            "중학교학업성취도":73.4,
            "용적률":236,
            "건폐율":23,
            "Y":36.986552,
            "X":127.929327,
            "rank":35.0,
            "area_info":"30평(101.59), 42평(139.46)",
            "last_sales":"2022-02-13,14800.0,30평(101.59)",
            "rank_history":[
                [
                    "202203",
                    35
                ],
                [
                    "202202",
                    33
                ],
                [
                    "202201",
                    29
                ]
            ],
            "rank_gap":-2
        },
        {
            "index":158,
            "아파트명":"세원한아름",
            "투자타입":"일반",
            "전용면적(m2)":"46.59",
            "전용면적(평)":"14평",
            "법정동주소":"충청북도 충주시 연수동 1220",
            "도로명주소":"충청북도 충주시 금릉로 101",
            "세대수":50,
            "입주년차":0,
            "용적률점수":"--",
            "건폐율점수":"--",
            "세대당주차수":0,
            "난방방식":100,
            "공급면적":"--",
            "전용률":"--",
            "욕실수":50,
            "현관타입":10,
            "주거총점":33.5,
            "지역구공급총점":50.0,
            "역세권":"NA",
            "30분내 이동가능 거점":"NA",
            "1시간내 이동가능 거점":"NA",
            "교통총점":"NA",
            "백화점":0,
            "아울렛몰":0,
            "대형마트":80,
            "은행":70,
            "병원":60,
            "종합병원":100,
            "공원":100,
            "혐오시설":0,
            "인프라총점":48.0,
            "초등학군":89.98,
            "중학군":44.04,
            "학군총점":53.228,
            "인구수":22.01,
            "인구증감":1.54,
            "인구총점":15.869,
            "일자리":14.86,
            "소득수준":58.62,
            "일자리총점":27.988,
            "가치 총점":44.232,
            "매매실거래년":20220115.0,
            "매매실거래가":6000.0,
            "전세실거래년":20210420.0,
            "전세실거래가":4500.0,
            "전세가율":75.0,
            "장기전세가율평균":75.45,
            "전세가율거품지수":0.45,
            "검색코드":7592,
            "세대수":560.0,
            "준공년월":"1996-10-10",
            "준공년차":27.0,
            "가까운역이름":"NA",
            "가까운역거리":"NA",
            "역세권여부":"NA",
            "30분이내주요거점역":"NA",
            "30분거점역이름":"NA",
            "1시간이내주요거점역":"NA",
            "1시간거점역이름":"NA",
            "3km이내백화점수":0,
            "5km이내아울렛몰수":0,
            "1km이내대형먀트수":1,
            "500m이내은행수":3,
            "500m이내병원수":19,
            "5km이내대형병원수":2,
            "500m이내공원수":6,
            "3km이내혐오시설수":0,
            "초등학교학업성취도":89.98,
            "중학교학업성취도":73.4,
            "용적률":203,
            "건폐율":19,
            "Y":36.985091,
            "X":127.927048,
            "rank":36.0,
            "area_info":"14평(46.59), 17평(58.6), 22평(75.85), 26평(86.47), 33평(109.59)",
            "last_sales":"2022-01-15,6000.0,14평(46.59)",
            "rank_history":[
                [
                    "202203",
                    36
                ],
                [
                    "202202",
                    34
                ],
                [
                    "202201",
                    43
                ]
            ],
            "rank_gap":-2
        },
        {
            "index":130,
            "아파트명":"안림LG",
            "투자타입":"일반",
            "전용면적(m2)":"82.25",
            "전용면적(평)":"24평",
            "법정동주소":"충청북도 충주시 안림동 1119",
            "도로명주소":"충청북도 충주시 금봉대로 397",
            "세대수":50,
            "입주년차":0,
            "용적률점수":"--",
            "건폐율점수":"--",
            "세대당주차수":30,
            "난방방식":30,
            "공급면적":"--",
            "전용률":"--",
            "욕실수":50,
            "현관타입":100,
            "주거총점":40.0,
            "지역구공급총점":50.0,
            "역세권":"NA",
            "30분내 이동가능 거점":"NA",
            "1시간내 이동가능 거점":"NA",
            "교통총점":"NA",
            "백화점":0,
            "아울렛몰":0,
            "대형마트":80,
            "은행":0,
            "병원":10,
            "종합병원":100,
            "공원":100,
            "혐오시설":0,
            "인프라총점":36.0,
            "초등학군":90.0,
            "중학군":53.86,
            "학군총점":61.088,
            "인구수":22.01,
            "인구증감":1.54,
            "인구총점":15.869,
            "일자리":14.86,
            "소득수준":58.62,
            "일자리총점":27.988,
            "가치 총점":43.672,
            "매매실거래년":20220218.0,
            "매매실거래가":17500.0,
            "전세실거래년":20220204.0,
            "전세실거래가":8000.0,
            "전세가율":57.97,
            "장기전세가율평균":75.45,
            "전세가율거품지수":17.48,
            "검색코드":7574,
            "세대수":546.0,
            "준공년월":"1996-08-16",
            "준공년차":27.0,
            "가까운역이름":"NA",
            "가까운역거리":"NA",
            "역세권여부":"NA",
            "30분이내주요거점역":"NA",
            "30분거점역이름":"NA",
            "1시간이내주요거점역":"NA",
            "1시간거점역이름":"NA",
            "3km이내백화점수":0,
            "5km이내아울렛몰수":0,
            "1km이내대형먀트수":1,
            "500m이내은행수":0,
            "500m이내병원수":3,
            "5km이내대형병원수":2,
            "500m이내공원수":2,
            "3km이내혐오시설수":0,
            "초등학교학업성취도":90.0,
            "중학교학업성취도":88.7,
            "용적률":194,
            "건폐율":16,
            "Y":36.970267,
            "X":127.944875,
            "rank":37.0,
            "area_info":"24평(82.25), 33평(109.68), 38평(128.66)",
            "last_sales":"2022-02-18,17500.0,33평(109.68)",
            "rank_history":[
                [
                    "202203",
                    37
                ],
                [
                    "202202",
                    35
                ],
                [
                    "202201",
                    48
                ]
            ],
            "rank_gap":-2
        },
        {
            "index":241,
            "아파트명":"영진보람",
            "투자타입":"일반",
            "전용면적(m2)":"78.99",
            "전용면적(평)":"23평",
            "법정동주소":"충청북도 충주시 용산동 335",
            "도로명주소":"충청북도 충주시 용산로 33",
            "세대수":50,
            "입주년차":0,
            "용적률점수":"--",
            "건폐율점수":"--",
            "세대당주차수":0,
            "난방방식":80,
            "공급면적":"--",
            "전용률":"--",
            "욕실수":50,
            "현관타입":100,
            "주거총점":40.5,
            "지역구공급총점":50.0,
            "역세권":"NA",
            "30분내 이동가능 거점":"NA",
            "1시간내 이동가능 거점":"NA",
            "교통총점":"NA",
            "백화점":0,
            "아울렛몰":0,
            "대형마트":80,
            "은행":0,
            "병원":30,
            "종합병원":100,
            "공원":100,
            "혐오시설":0,
            "인프라총점":38.0,
            "초등학군":90.0,
            "중학군":47.4,
            "학군총점":55.92,
            "인구수":22.01,
            "인구증감":1.54,
            "인구총점":15.869,
            "일자리":14.86,
            "소득수준":58.62,
            "일자리총점":27.988,
            "가치 총점":43.355,
            "매매실거래년":20220207.0,
            "매매실거래가":11600.0,
            "전세실거래년":20210914.0,
            "전세실거래가":9000.0,
            "전세가율":77.59,
            "장기전세가율평균":75.45,
            "전세가율거품지수":-2.14,
            "검색코드":7628,
            "세대수":630.0,
            "준공년월":"1996-04-17",
            "준공년차":27.0,
            "가까운역이름":"NA",
            "가까운역거리":"NA",
            "역세권여부":"NA",
            "30분이내주요거점역":"NA",
            "30분거점역이름":"NA",
            "1시간이내주요거점역":"NA",
            "1시간거점역이름":"NA",
            "3km이내백화점수":0,
            "5km이내아울렛몰수":0,
            "1km이내대형먀트수":1,
            "500m이내은행수":0,
            "500m이내병원수":9,
            "5km이내대형병원수":2,
            "500m이내공원수":2,
            "3km이내혐오시설수":0,
            "초등학교학업성취도":90.0,
            "중학교학업성취도":78.6,
            "용적률":191,
            "건폐율":24,
            "Y":36.965956,
            "X":127.93814,
            "rank":38.0,
            "area_info":"23평(78.99), 28평(94.37), 32평(106.62)",
            "last_sales":"2022-02-07,11600.0,23평(78.99)",
            "rank_history":[
                [
                    "202203",
                    38
                ],
                [
                    "202202",
                    36
                ],
                [
                    "202201",
                    42
                ]
            ],
            "rank_gap":-2
        },
        {
            "index":116,
            "아파트명":"세중참사랑",
            "투자타입":"일반",
            "전용면적(m2)":"107.89",
            "전용면적(평)":"32평",
            "법정동주소":"충청북도 충주시 봉방동 24-1",
            "도로명주소":"충청북도 충주시 봉방1길 17",
            "세대수":0,
            "입주년차":40,
            "용적률점수":"--",
            "건폐율점수":"--",
            "세대당주차수":30,
            "난방방식":30,
            "공급면적":"--",
            "전용률":"--",
            "욕실수":100,
            "현관타입":100,
            "주거총점":35.5,
            "지역구공급총점":50.0,
            "역세권":"NA",
            "30분내 이동가능 거점":"NA",
            "1시간내 이동가능 거점":"NA",
            "교통총점":"NA",
            "백화점":0,
            "아울렛몰":0,
            "대형마트":100,
            "은행":0,
            "병원":30,
            "종합병원":100,
            "공원":80,
            "혐오시설":0,
            "인프라총점":40.4,
            "초등학군":90.01,
            "중학군":50.22,
            "학군총점":58.178,
            "인구수":22.01,
            "인구증감":1.54,
            "인구총점":15.869,
            "일자리":14.86,
            "소득수준":58.62,
            "일자리총점":27.988,
            "가치 총점":43.1295,
            "매매실거래년":20220123.0,
            "매매실거래가":17500.0,
            "전세실거래년":20191216.0,
            "전세실거래가":8500.0,
            "전세가율":48.57,
            "장기전세가율평균":75.45,
            "전세가율거품지수":26.88,
            "검색코드":101027,
            "세대수":113.0,
            "준공년월":"2004-12-08",
            "준공년차":19.0,
            "가까운역이름":"NA",
            "가까운역거리":"NA",
            "역세권여부":"NA",
            "30분이내주요거점역":"NA",
            "30분거점역이름":"NA",
            "1시간이내주요거점역":"NA",
            "1시간거점역이름":"NA",
            "3km이내백화점수":0,
            "5km이내아울렛몰수":0,
            "1km이내대형먀트수":2,
            "500m이내은행수":0,
            "500m이내병원수":5,
            "5km이내대형병원수":2,
            "500m이내공원수":1,
            "3km이내혐오시설수":0,
            "초등학교학업성취도":90.01,
            "중학교학업성취도":83.3,
            "용적률":158,
            "건폐율":21,
            "Y":36.974264,
            "X":127.921319,
            "rank":39.0,
            "area_info":"32평(107.89)",
            "last_sales":"2022-01-23,17500.0,32평(107.89)",
            "rank_history":[
                [
                    "202203",
                    39
                ],
                [
                    "202202",
                    37
                ],
                [
                    "202201",
                    36
                ]
            ],
            "rank_gap":-2
        },
        {
            "index":252,
            "아파트명":"용산주공2단지",
            "투자타입":"일반",
            "전용면적(m2)":"58.78",
            "전용면적(평)":"17평",
            "법정동주소":"충청북도 충주시 용산동 1678",
            "도로명주소":"충청북도 충주시 남산로 125",
            "세대수":80,
            "입주년차":20,
            "용적률점수":"--",
            "건폐율점수":"--",
            "세대당주차수":0,
            "난방방식":30,
            "공급면적":"--",
            "전용률":"--",
            "욕실수":50,
            "현관타입":10,
            "주거총점":41.0,
            "지역구공급총점":50.0,
            "역세권":"NA",
            "30분내 이동가능 거점":"NA",
            "1시간내 이동가능 거점":"NA",
            "교통총점":"NA",
            "백화점":0,
            "아울렛몰":0,
            "대형마트":80,
            "은행":0,
            "병원":10,
            "종합병원":100,
            "공원":100,
            "혐오시설":0,
            "인프라총점":36.0,
            "초등학군":90.01,
            "중학군":47.4,
            "학군총점":55.922,
            "인구수":22.01,
            "인구증감":1.54,
            "인구총점":15.869,
            "일자리":14.86,
            "소득수준":58.62,
            "일자리총점":27.988,
            "가치 총점":42.7305,
            "매매실거래년":20220207.0,
            "매매실거래가":12700.0,
            "전세실거래년":20220205.0,
            "전세실거래가":7000.0,
            "전세가율":94.59,
            "장기전세가율평균":75.45,
            "전세가율거품지수":-19.14,
            "검색코드":17223,
            "세대수":780.0,
            "준공년월":"1999-06-12",
            "준공년차":24.0,
            "가까운역이름":"NA",
            "가까운역거리":"NA",
            "역세권여부":"NA",
            "30분이내주요거점역":"NA",
            "30분거점역이름":"NA",
            "1시간이내주요거점역":"NA",
            "1시간거점역이름":"NA",
            "3km이내백화점수":0,
            "5km이내아울렛몰수":0,
            "1km이내대형먀트수":1,
            "500m이내은행수":0,
            "500m이내병원수":3,
            "5km이내대형병원수":2,
            "500m이내공원수":3,
            "3km이내혐오시설수":0,
            "초등학교학업성취도":90.01,
            "중학교학업성취도":78.6,
            "용적률":120,
            "건폐율":11,
            "Y":36.96278,
            "X":127.94603,
            "rank":40.0,
            "area_info":"17평(58.78), 21평(69.58), 23평(76.78), 23평(78.12)",
            "last_sales":"2022-02-07,12700.0,23평(78.12)",
            "rank_history":[
                [
                    "202203",
                    40
                ],
                [
                    "202202",
                    39
                ],
                [
                    "202201",
                    50
                ]
            ],
            "rank_gap":-1
        },
        {
            "index":292,
            "아파트명":"금능현대",
            "투자타입":"일반",
            "전용면적(m2)":"77.49",
            "전용면적(평)":"23평",
            "법정동주소":"충청북도 충주시 칠금동 629",
            "도로명주소":"충청북도 충주시 금릉로 45",
            "세대수":50,
            "입주년차":0,
            "용적률점수":"--",
            "건폐율점수":"--",
            "세대당주차수":0,
            "난방방식":30,
            "공급면적":"--",
            "전용률":"--",
            "욕실수":50,
            "현관타입":100,
            "주거총점":35.5,
            "지역구공급총점":50.0,
            "역세권":"NA",
            "30분내 이동가능 거점":"NA",
            "1시간내 이동가능 거점":"NA",
            "교통총점":"NA",
            "백화점":0,
            "아울렛몰":0,
            "대형마트":80,
            "은행":0,
            "병원":60,
            "종합병원":100,
            "공원":100,
            "혐오시설":0,
            "인프라총점":41.0,
            "초등학군":90.0,
            "중학군":46.98,
            "학군총점":55.584,
            "인구수":22.01,
            "인구증감":1.54,
            "인구총점":15.869,
            "일자리":14.86,
            "소득수준":58.62,
            "일자리총점":27.988,
            "가치 총점":42.721,
            "매매실거래년":20220219.0,
            "매매실거래가":15600.0,
            "전세실거래년":20220213.0,
            "전세실거래가":9450.0,
            "전세가율":60.58,
            "장기전세가율평균":75.45,
            "전세가율거품지수":14.87,
            "검색코드":7647,
            "세대수":520.0,
            "준공년월":"1995001",
            "준공년차":28.0,
            "가까운역이름":"NA",
            "가까운역거리":"NA",
            "역세권여부":"NA",
            "30분이내주요거점역":"NA",
            "30분거점역이름":"NA",
            "1시간이내주요거점역":"NA",
            "1시간거점역이름":"NA",
            "3km이내백화점수":0,
            "5km이내아울렛몰수":0,
            "1km이내대형먀트수":1,
            "500m이내은행수":1,
            "500m이내병원수":14,
            "5km이내대형병원수":2,
            "500m이내공원수":5,
            "3km이내혐오시설수":0,
            "초등학교학업성취도":90.0,
            "중학교학업성취도":78.3,
            "용적률":217,
            "건폐율":27,
            "Y":36.98559,
            "X":127.92097,
            "rank":41.0,
            "area_info":"23평(77.49)",
            "last_sales":"2022-02-19,15600.0,23평(77.49)",
            "rank_history":[
                [
                    "202203",
                    41
                ],
                [
                    "202202",
                    38
                ],
                [
                    "202201",
                    31
                ]
            ],
            "rank_gap":-3
        },
        {
            "index":32,
            "아파트명":"삼익마에스트로",
            "투자타입":"일반",
            "전용면적(m2)":"66.97",
            "전용면적(평)":"20평",
            "법정동주소":"충청북도 충주시 교현동 164-8",
            "도로명주소":"충청북도 충주시 만리산15길 6",
            "세대수":0,
            "입주년차":80,
            "용적률점수":"--",
            "건폐율점수":"--",
            "세대당주차수":0,
            "난방방식":30,
            "공급면적":"--",
            "전용률":"--",
            "욕실수":50,
            "현관타입":100,
            "주거총점":34.0,
            "지역구공급총점":50.0,
            "역세권":"NA",
            "30분내 이동가능 거점":"NA",
            "1시간내 이동가능 거점":"NA",
            "교통총점":"NA",
            "백화점":0,
            "아울렛몰":0,
            "대형마트":100,
            "은행":0,
            "병원":10,
            "종합병원":100,
            "공원":80,
            "혐오시설":0,
            "인프라총점":38.4,
            "초등학군":90.03,
            "중학군":53.86,
            "학군총점":61.094,
            "인구수":22.01,
            "인구증감":1.54,
            "인구총점":15.869,
            "일자리":14.86,
            "소득수준":58.62,
            "일자리총점":27.988,
            "가치 총점":42.5335,
            "매매실거래년":"18000101",
            "매매실거래가":null,
            "전세실거래년":null,
            "전세실거래가":null,
            "전세가율":null,
            "장기전세가율평균":75.45,
            "전세가율거품지수":null,
            "검색코드":126258,
            "세대수":98.0,
            "준공년월":"2014-12-18",
            "준공년차":9.0,
            "가까운역이름":"NA",
            "가까운역거리":"NA",
            "역세권여부":"NA",
            "30분이내주요거점역":"NA",
            "30분거점역이름":"NA",
            "1시간이내주요거점역":"NA",
            "1시간거점역이름":"NA",
            "3km이내백화점수":0,
            "5km이내아울렛몰수":0,
            "1km이내대형먀트수":2,
            "500m이내은행수":0,
            "500m이내병원수":3,
            "5km이내대형병원수":2,
            "500m이내공원수":1,
            "3km이내혐오시설수":0,
            "초등학교학업성취도":90.03,
            "중학교학업성취도":88.7,
            "용적률":0,
            "건폐율":0,
            "Y":36.974239,
            "X":127.941672,
            "rank":42.0,
            "area_info":"20평(66.97), 20평(67.4), 21평(69.85), 21평(69.71), 21평(70.99), 21평(71.62), 22평(75.44), 22평(75.95), 23평(78.72), 23평(78.94), 23평(79.06), 23평(79.0), 24평(79.71), 24평(79.67), 24평(79.7), 24평(80.78), 24평(81.77), 24평(82.07), 25평(83.2), 25평(85.15)",
            "last_sales":"1800-01-01,nan,20평(66.97)",
            "rank_history":[
                [
                    "202203",
                    42
                ],
                [
                    "202202",
                    9999
                ]
            ],
            "rank_gap":9999
        },
        {
            "index":119,
            "아파트명":"좋은세상",
            "투자타입":"일반",
            "전용면적(m2)":"104.84",
            "전용면적(평)":"31평",
            "법정동주소":"충청북도 충주시 봉방동 149-3",
            "도로명주소":"충청북도 충주시 봉방4길 32",
            "세대수":0,
            "입주년차":40,
            "용적률점수":"--",
            "건폐율점수":"--",
            "세대당주차수":30,
            "난방방식":30,
            "공급면적":"--",
            "전용률":"--",
            "욕실수":100,
            "현관타입":100,
            "주거총점":35.5,
            "지역구공급총점":50.0,
            "역세권":"NA",
            "30분내 이동가능 거점":"NA",
            "1시간내 이동가능 거점":"NA",
            "교통총점":"NA",
            "백화점":0,
            "아울렛몰":0,
            "대형마트":100,
            "은행":0,
            "병원":10,
            "종합병원":100,
            "공원":80,
            "혐오시설":0,
            "인프라총점":38.4,
            "초등학군":90.01,
            "중학군":50.22,
            "학군총점":58.178,
            "인구수":22.01,
            "인구증감":1.54,
            "인구총점":15.869,
            "일자리":14.86,
            "소득수준":58.62,
            "일자리총점":27.988,
            "가치 총점":42.3295,
            "매매실거래년":20211012.0,
            "매매실거래가":16700.0,
            "전세실거래년":20210805.0,
            "전세실거래가":12000.0,
            "전세가율":71.86,
            "장기전세가율평균":75.45,
            "전세가율거품지수":3.59,
            "검색코드":26778,
            "세대수":51.0,
            "준공년월":"2004-02-25",
            "준공년차":19.0,
            "가까운역이름":"NA",
            "가까운역거리":"NA",
            "역세권여부":"NA",
            "30분이내주요거점역":"NA",
            "30분거점역이름":"NA",
            "1시간이내주요거점역":"NA",
            "1시간거점역이름":"NA",
            "3km이내백화점수":0,
            "5km이내아울렛몰수":0,
            "1km이내대형먀트수":3,
            "500m이내은행수":0,
            "500m이내병원수":3,
            "5km이내대형병원수":2,
            "500m이내공원수":1,
            "3km이내혐오시설수":0,
            "초등학교학업성취도":90.01,
            "중학교학업성취도":83.3,
            "용적률":143,
            "건폐율":0,
            "Y":36.973999,
            "X":127.92002,
            "rank":43.0,
            "area_info":"31평(104.84)",
            "last_sales":"2021-10-12,16700.0,31평(104.84)",
            "rank_history":[
                [
                    "202203",
                    43
                ],
                [
                    "202202",
                    9999
                ]
            ],
            "rank_gap":9999
        },
        {
            "index":28,
            "아파트명":"부강맨션",
            "투자타입":"재건축",
            "전용면적(m2)":"81.94",
            "전용면적(평)":"24평",
            "법정동주소":"충청북도 충주시 교현동 1087",
            "도로명주소":"충청북도 충주시 예성로 279",
            "세대수":50,
            "입주년차":"--",
            "용적률점수":0,
            "건폐율점수":80,
            "세대당주차수":"--",
            "난방방식":"--",
            "공급면적":70,
            "전용률":60,
            "욕실수":"--",
            "현관타입":"--",
            "주거총점":37.5,
            "지역구공급총점":50.0,
            "역세권":"NA",
            "30분내 이동가능 거점":"NA",
            "1시간내 이동가능 거점":"NA",
            "교통총점":"NA",
            "백화점":0,
            "아울렛몰":0,
            "대형마트":80,
            "은행":20,
            "병원":10,
            "종합병원":100,
            "공원":100,
            "혐오시설":0,
            "인프라총점":38.0,
            "초등학군":89.98,
            "중학군":44.04,
            "학군총점":53.228,
            "인구수":22.01,
            "인구증감":1.54,
            "인구총점":15.869,
            "일자리":14.86,
            "소득수준":58.62,
            "일자리총점":27.988,
            "가치 총점":41.632,
            "매매실거래년":20220212.0,
            "매매실거래가":13200.0,
            "전세실거래년":20220122.0,
            "전세실거래가":5000.0,
            "전세가율":37.88,
            "장기전세가율평균":75.45,
            "전세가율거품지수":37.57,
            "검색코드":7529,
            "세대수":400.0,
            "준공년월":"1990-04-19",
            "준공년차":33.0,
            "가까운역이름":"NA",
            "가까운역거리":"NA",
            "역세권여부":"NA",
            "30분이내주요거점역":"NA",
            "30분거점역이름":"NA",
            "1시간이내주요거점역":"NA",
            "1시간거점역이름":"NA",
            "3km이내백화점수":0,
            "5km이내아울렛몰수":0,
            "1km이내대형먀트수":1,
            "500m이내은행수":2,
            "500m이내병원수":2,
            "5km이내대형병원수":2,
            "500m이내공원수":5,
            "3km이내혐오시설수":0,
            "초등학교학업성취도":89.98,
            "중학교학업성취도":73.4,
            "용적률":267,
            "건폐율":25,
            "Y":36.982012,
            "X":127.933398,
            "rank":44.0,
            "area_info":"24평(81.94), 28평(93.07), 29평(97.4), 34평(112.84)",
            "last_sales":"2022-02-12,13200.0,24평(81.94)",
            "rank_history":[
                [
                    "202203",
                    44
                ],
                [
                    "202202",
                    40
                ],
                [
                    "202201",
                    35
                ]
            ],
            "rank_gap":-4
        },
        {
            "index":111,
            "아파트명":"호수마을",
            "투자타입":"일반",
            "전용면적(m2)":"65.32",
            "전용면적(평)":"19평",
            "법정동주소":"충청북도 충주시 문화동 2305",
            "도로명주소":"충청북도 충주시 사직로 114",
            "세대수":30,
            "입주년차":20,
            "용적률점수":"--",
            "건폐율점수":"--",
            "세대당주차수":30,
            "난방방식":30,
            "공급면적":"--",
            "전용률":"--",
            "욕실수":50,
            "현관타입":100,
            "주거총점":37.0,
            "지역구공급총점":50.0,
            "역세권":"NA",
            "30분내 이동가능 거점":"NA",
            "1시간내 이동가능 거점":"NA",
            "교통총점":"NA",
            "백화점":0,
            "아울렛몰":0,
            "대형마트":100,
            "은행":0,
            "병원":0,
            "종합병원":100,
            "공원":80,
            "혐오시설":0,
            "인프라총점":37.4,
            "초등학군":89.97,
            "중학군":45.7,
            "학군총점":54.554,
            "인구수":22.01,
            "인구증감":1.54,
            "인구총점":15.869,
            "일자리":14.86,
            "소득수준":58.62,
            "일자리총점":27.988,
            "가치 총점":41.5485,
            "매매실거래년":20220209.0,
            "매매실거래가":29000.0,
            "전세실거래년":20151213.0,
            "전세실거래가":6000.0,
            "전세가율":45.11,
            "장기전세가율평균":75.45,
            "전세가율거품지수":30.34,
            "검색코드":24044,
            "세대수":390.0,
            "준공년월":"2003-11-19",
            "준공년차":20.0,
            "가까운역이름":"NA",
            "가까운역거리":"NA",
            "역세권여부":"NA",
            "30분이내주요거점역":"NA",
            "30분거점역이름":"NA",
            "1시간이내주요거점역":"NA",
            "1시간거점역이름":"NA",
            "3km이내백화점수":0,
            "5km이내아울렛몰수":0,
            "1km이내대형먀트수":2,
            "500m이내은행수":0,
            "500m이내병원수":0,
            "5km이내대형병원수":2,
            "500m이내공원수":1,
            "3km이내혐오시설수":0,
            "초등학교학업성취도":89.97,
            "중학교학업성취도":75.9,
            "용적률":234,
            "건폐율":21,
            "Y":36.96693,
            "X":127.92491,
            "rank":45.0,
            "area_info":"19평(65.32), 22평(75.92), 32평(107.84), 49평(164.45)",
            "last_sales":"2022-02-09,29000.0,49평(164.45)",
            "rank_history":[
                [
                    "202203",
                    45
                ],
                [
                    "202202",
                    41
                ],
                [
                    "202201",
                    39
                ]
            ],
            "rank_gap":-4
        },
        {
            "index":237,
            "아파트명":"세중참사랑",
            "투자타입":"일반",
            "전용면적(m2)":"84.69",
            "전용면적(평)":"25평",
            "법정동주소":"충청북도 충주시 용산동 339",
            "도로명주소":"충청북도 충주시 용정7길 12",
            "세대수":0,
            "입주년차":40,
            "용적률점수":"--",
            "건폐율점수":"--",
            "세대당주차수":30,
            "난방방식":30,
            "공급면적":"--",
            "전용률":"--",
            "욕실수":100,
            "현관타입":100,
            "주거총점":35.5,
            "지역구공급총점":50.0,
            "역세권":"NA",
            "30분내 이동가능 거점":"NA",
            "1시간내 이동가능 거점":"NA",
            "교통총점":"NA",
            "백화점":0,
            "아울렛몰":0,
            "대형마트":80,
            "은행":0,
            "병원":30,
            "종합병원":100,
            "공원":80,
            "혐오시설":0,
            "인프라총점":37.4,
            "초등학군":90.0,
            "중학군":47.4,
            "학군총점":55.92,
            "인구수":22.01,
            "인구증감":1.54,
            "인구총점":15.869,
            "일자리":14.86,
            "소득수준":58.62,
            "일자리총점":27.988,
            "가치 총점":41.365,
            "매매실거래년":20220125.0,
            "매매실거래가":16700.0,
            "전세실거래년":20211231.0,
            "전세실거래가":10500.0,
            "전세가율":62.87,
            "장기전세가율평균":75.45,
            "전세가율거품지수":12.58,
            "검색코드":26041,
            "세대수":133.0,
            "준공년월":"2007-11-16",
            "준공년차":16.0,
            "가까운역이름":"NA",
            "가까운역거리":"NA",
            "역세권여부":"NA",
            "30분이내주요거점역":"NA",
            "30분거점역이름":"NA",
            "1시간이내주요거점역":"NA",
            "1시간거점역이름":"NA",
            "3km이내백화점수":0,
            "5km이내아울렛몰수":0,
            "1km이내대형먀트수":1,
            "500m이내은행수":0,
            "500m이내병원수":8,
            "5km이내대형병원수":2,
            "500m이내공원수":1,
            "3km이내혐오시설수":0,
            "초등학교학업성취도":90.0,
            "중학교학업성취도":78.6,
            "용적률":137,
            "건폐율":21,
            "Y":36.965938,
            "X":127.937073,
            "rank":46.0,
            "area_info":"25평(84.69)",
            "last_sales":"2022-01-25,16700.0,25평(84.69)",
            "rank_history":[
                [
                    "202203",
                    46
                ],
                [
                    "202202",
                    42
                ],
                [
                    "202201",
                    52
                ]
            ],
            "rank_gap":-4
        },
        {
            "index":91,
            "아파트명":"영무예다음1차",
            "투자타입":"일반",
            "전용면적(m2)":"86.17",
            "전용면적(평)":"26평",
            "법정동주소":"충청북도 충주시 목행동 896",
            "도로명주소":"충청북도 충주시 행정2길 6",
            "세대수":50,
            "입주년차":80,
            "용적률점수":"--",
            "건폐율점수":"--",
            "세대당주차수":0,
            "난방방식":30,
            "공급면적":"--",
            "전용률":"--",
            "욕실수":100,
            "현관타입":100,
            "주거총점":56.5,
            "지역구공급총점":50.0,
            "역세권":"NA",
            "30분내 이동가능 거점":"NA",
            "1시간내 이동가능 거점":"NA",
            "교통총점":"NA",
            "백화점":0,
            "아울렛몰":0,
            "대형마트":0,
            "은행":0,
            "병원":0,
            "종합병원":80,
            "공원":80,
            "혐오시설":0,
            "인프라총점":18.4,
            "초등학군":90.0,
            "중학군":46.98,
            "학군총점":55.584,
            "인구수":22.01,
            "인구증감":1.54,
            "인구총점":15.869,
            "일자리":14.86,
            "소득수준":58.62,
            "일자리총점":27.988,
            "가치 총점":41.031,
            "매매실거래년":"18000101",
            "매매실거래가":null,
            "전세실거래년":20220114.0,
            "전세실거래가":13270.0,
            "전세가율":null,
            "장기전세가율평균":75.45,
            "전세가율거품지수":null,
            "검색코드":118072,
            "세대수":440.0,
            "준공년월":"2018-09-14",
            "준공년차":5.0,
            "가까운역이름":"NA",
            "가까운역거리":"NA",
            "역세권여부":"NA",
            "30분이내주요거점역":"NA",
            "30분거점역이름":"NA",
            "1시간이내주요거점역":"NA",
            "1시간거점역이름":"NA",
            "3km이내백화점수":0,
            "5km이내아울렛몰수":0,
            "1km이내대형먀트수":0,
            "500m이내은행수":0,
            "500m이내병원수":0,
            "5km이내대형병원수":1,
            "500m이내공원수":1,
            "3km이내혐오시설수":0,
            "초등학교학업성취도":90.0,
            "중학교학업성취도":78.3,
            "용적률":221,
            "건폐율":27,
            "Y":37.009392,
            "X":127.916069,
            "rank":47.0,
            "area_info":"26평(86.17), 26평(86.17), 26평(86.68), 31평(102.59), 34평(113.93)",
            "last_sales":"1800-01-01,nan,26평(86.17)",
            "rank_history":[
                [
                    "202203",
                    47
                ],
                [
                    "202202",
                    43
                ],
                [
                    "202201",
                    33
                ]
            ],
            "rank_gap":-4
        },
        {
            "index":316,
            "아파트명":"세영더조은",
            "투자타입":"일반",
            "전용면적(m2)":"116.1",
            "전용면적(평)":"35평",
            "법정동주소":"충청북도 충주시 호암동 906",
            "도로명주소":"충청북도 충주시 형설로 32",
            "세대수":50,
            "입주년차":40,
            "용적률점수":"--",
            "건폐율점수":"--",
            "세대당주차수":30,
            "난방방식":30,
            "공급면적":"--",
            "전용률":"--",
            "욕실수":100,
            "현관타입":100,
            "주거총점":53.0,
            "지역구공급총점":50.0,
            "역세권":"NA",
            "30분내 이동가능 거점":"NA",
            "1시간내 이동가능 거점":"NA",
            "교통총점":"NA",
            "백화점":0,
            "아울렛몰":0,
            "대형마트":0,
            "은행":0,
            "병원":10,
            "종합병원":100,
            "공원":0,
            "혐오시설":0,
            "인프라총점":21.0,
            "초등학군":90.03,
            "중학군":47.4,
            "학군총점":55.926,
            "인구수":22.01,
            "인구증감":1.54,
            "인구총점":15.869,
            "일자리":14.86,
            "소득수준":58.62,
            "일자리총점":27.988,
            "가치 총점":40.9315,
            "매매실거래년":20220214.0,
            "매매실거래가":26200.0,
            "전세실거래년":20211216.0,
            "전세실거래가":12600.0,
            "전세가율":48.09,
            "장기전세가율평균":75.45,
            "전세가율거품지수":27.36,
            "검색코드":26025,
            "세대수":437.0,
            "준공년월":"2007-12-14",
            "준공년차":16.0,
            "가까운역이름":"NA",
            "가까운역거리":"NA",
            "역세권여부":"NA",
            "30분이내주요거점역":"NA",
            "30분거점역이름":"NA",
            "1시간이내주요거점역":"NA",
            "1시간거점역이름":"NA",
            "3km이내백화점수":0,
            "5km이내아울렛몰수":0,
            "1km이내대형먀트수":0,
            "500m이내은행수":0,
            "500m이내병원수":2,
            "5km이내대형병원수":2,
            "500m이내공원수":0,
            "3km이내혐오시설수":0,
            "초등학교학업성취도":90.03,
            "중학교학업성취도":78.6,
            "용적률":191,
            "건폐율":19,
            "Y":36.957289,
            "X":127.941942,
            "rank":48.0,
            "area_info":"35평(116.1), 48평(159.85), 52평(172.89), 66평(221.11)",
            "last_sales":"2022-02-14,26200.0,35평(116.1)",
            "rank_history":[
                [
                    "202203",
                    48
                ],
                [
                    "202202",
                    44
                ],
                [
                    "202201",
                    38
                ]
            ],
            "rank_gap":-4
        },
        {
            "index":128,
            "아파트명":"아침도시",
            "투자타입":"일반",
            "전용면적(m2)":"109.76",
            "전용면적(평)":"33평",
            "법정동주소":"충청북도 충주시 안림동 1083-3",
            "도로명주소":"충청북도 충주시 만리산10길 15",
            "세대수":0,
            "입주년차":40,
            "용적률점수":"--",
            "건폐율점수":"--",
            "세대당주차수":30,
            "난방방식":30,
            "공급면적":"--",
            "전용률":"--",
            "욕실수":100,
            "현관타입":100,
            "주거총점":35.5,
            "지역구공급총점":50.0,
            "역세권":"NA",
            "30분내 이동가능 거점":"NA",
            "1시간내 이동가능 거점":"NA",
            "교통총점":"NA",
            "백화점":0,
            "아울렛몰":0,
            "대형마트":80,
            "은행":0,
            "병원":10,
            "종합병원":100,
            "공원":0,
            "혐오시설":0,
            "인프라총점":33.0,
            "초등학군":90.0,
            "중학군":53.86,
            "학군총점":61.088,
            "인구수":22.01,
            "인구증감":1.54,
            "인구총점":15.869,
            "일자리":14.86,
            "소득수준":58.62,
            "일자리총점":27.988,
            "가치 총점":40.897,
            "매매실거래년":20220221.0,
            "매매실거래가":28700.0,
            "전세실거래년":20210414.0,
            "전세실거래가":14700.0,
            "전세가율":64.47,
            "장기전세가율평균":75.45,
            "전세가율거품지수":10.98,
            "검색코드":23608,
            "세대수":243.0,
            "준공년월":"2006-05-23",
            "준공년차":17.0,
            "가까운역이름":"NA",
            "가까운역거리":"NA",
            "역세권여부":"NA",
            "30분이내주요거점역":"NA",
            "30분거점역이름":"NA",
            "1시간이내주요거점역":"NA",
            "1시간거점역이름":"NA",
            "3km이내백화점수":0,
            "5km이내아울렛몰수":0,
            "1km이내대형먀트수":1,
            "500m이내은행수":0,
            "500m이내병원수":3,
            "5km이내대형병원수":2,
            "500m이내공원수":0,
            "3km이내혐오시설수":0,
            "초등학교학업성취도":90.0,
            "중학교학업성취도":88.7,
            "용적률":195,
            "건폐율":20,
            "Y":36.971457,
            "X":127.944503,
            "rank":49.0,
            "area_info":"33평(109.76), 44평(147.09)",
            "last_sales":"2022-02-21,28700.0,44평(147.09)",
            "rank_history":[
                [
                    "202203",
                    49
                ],
                [
                    "202202",
                    46
                ],
                [
                    "202201",
                    61
                ]
            ],
            "rank_gap":-3
        },
        {
            "index":290,
            "아파트명":"지현현대",
            "투자타입":"재건축",
            "전용면적(m2)":"86.39",
            "전용면적(평)":"26평",
            "법정동주소":"충청북도 충주시 지현동 1088",
            "도로명주소":"충청북도 충주시 지곡10길 8",
            "세대수":0,
            "입주년차":"--",
            "용적률점수":60,
            "건폐율점수":100,
            "세대당주차수":"--",
            "난방방식":"--",
            "공급면적":70,
            "전용률":80,
            "욕실수":"--",
            "현관타입":"--",
            "주거총점":51.5,
            "지역구공급총점":50.0,
            "역세권":"NA",
            "30분내 이동가능 거점":"NA",
            "1시간내 이동가능 거점":"NA",
            "교통총점":"NA",
            "백화점":0,
            "아울렛몰":0,
            "대형마트":0,
            "은행":0,
            "병원":0,
            "종합병원":100,
            "공원":100,
            "혐오시설":0,
            "인프라총점":23.0,
            "초등학군":90.03,
            "중학군":45.7,
            "학군총점":54.566,
            "인구수":22.01,
            "인구증감":1.54,
            "인구총점":15.869,
            "일자리":14.86,
            "소득수준":58.62,
            "일자리총점":27.988,
            "가치 총점":40.8665,
            "매매실거래년":20220207.0,
            "매매실거래가":16000.0,
            "전세실거래년":20190221.0,
            "전세실거래가":3000.0,
            "전세가율":27.27,
            "장기전세가율평균":75.45,
            "전세가율거품지수":48.18,
            "검색코드":7642,
            "세대수":268.0,
            "준공년월":"1990-10-31",
            "준공년차":33.0,
            "가까운역이름":"NA",
            "가까운역거리":"NA",
            "역세권여부":"NA",
            "30분이내주요거점역":"NA",
            "30분거점역이름":"NA",
            "1시간이내주요거점역":"NA",
            "1시간거점역이름":"NA",
            "3km이내백화점수":0,
            "5km이내아울렛몰수":0,
            "1km이내대형먀트수":0,
            "500m이내은행수":0,
            "500m이내병원수":1,
            "5km이내대형병원수":2,
            "500m이내공원수":2,
            "3km이내혐오시설수":0,
            "초등학교학업성취도":90.03,
            "중학교학업성취도":75.9,
            "용적률":199,
            "건폐율":17,
            "Y":36.96348,
            "X":127.92946,
            "rank":50.0,
            "area_info":"26평(86.39), 31평(103.1)",
            "last_sales":"2022-02-07,16000.0,31평(103.1)",
            "rank_history":[
                [
                    "202203",
                    50
                ],
                [
                    "202202",
                    45
                ],
                [
                    "202201",
                    34
                ]
            ],
            "rank_gap":-5
        },
        {
            "index":99,
            "아파트명":"한라비발디",
            "투자타입":"일반",
            "전용면적(m2)":"109.39",
            "전용면적(평)":"33평",
            "법정동주소":"충청북도 충주시 목행동 886",
            "도로명주소":"충청북도 충주시 목행산단4로 13",
            "세대수":50,
            "입주년차":40,
            "용적률점수":"--",
            "건폐율점수":"--",
            "세대당주차수":60,
            "난방방식":30,
            "공급면적":"--",
            "전용률":"--",
            "욕실수":100,
            "현관타입":100,
            "주거총점":57.5,
            "지역구공급총점":50.0,
            "역세권":"NA",
            "30분내 이동가능 거점":"NA",
            "1시간내 이동가능 거점":"NA",
            "교통총점":"NA",
            "백화점":0,
            "아울렛몰":0,
            "대형마트":0,
            "은행":0,
            "병원":0,
            "종합병원":80,
            "공원":0,
            "혐오시설":0,
            "인프라총점":16.0,
            "초등학군":90.0,
            "중학군":46.98,
            "학군총점":55.584,
            "인구수":22.01,
            "인구증감":1.54,
            "인구총점":15.869,
            "일자리":14.86,
            "소득수준":58.62,
            "일자리총점":27.988,
            "가치 총점":40.421,
            "매매실거래년":20220115.0,
            "매매실거래가":25500.0,
            "전세실거래년":20220208.0,
            "전세실거래가":11000.0,
            "전세가율":43.14,
            "장기전세가율평균":75.45,
            "전세가율거품지수":32.31,
            "검색코드":23615,
            "세대수":550.0,
            "준공년월":"2007-11-08",
            "준공년차":16.0,
            "가까운역이름":"NA",
            "가까운역거리":"NA",
            "역세권여부":"NA",
            "30분이내주요거점역":"NA",
            "30분거점역이름":"NA",
            "1시간이내주요거점역":"NA",
            "1시간거점역이름":"NA",
            "3km이내백화점수":0,
            "5km이내아울렛몰수":0,
            "1km이내대형먀트수":0,
            "500m이내은행수":0,
            "500m이내병원수":0,
            "5km이내대형병원수":1,
            "500m이내공원수":0,
            "3km이내혐오시설수":0,
            "초등학교학업성취도":90.0,
            "중학교학업성취도":78.3,
            "용적률":206,
            "건폐율":19,
            "Y":37.005532,
            "X":127.918096,
            "rank":51.0,
            "area_info":"33평(109.39), 33평(110.9), 42평(140.73), 43평(142.56), 43평(142.25)",
            "last_sales":"2022-01-15,25500.0,33평(109.39)",
            "rank_history":[
                [
                    "202203",
                    51
                ],
                [
                    "202202",
                    47
                ],
                [
                    "202201",
                    40
                ]
            ],
            "rank_gap":-4
        },
        {
            "index":187,
            "아파트명":"연수주공",
            "투자타입":"재건축",
            "전용면적(m2)":"49.91",
            "전용면적(평)":"15평",
            "법정동주소":"충청북도 충주시 연수동 1227",
            "도로명주소":"충청북도 충주시 예성로 353",
            "세대수":80,
            "입주년차":"--",
            "용적률점수":0,
            "건폐율점수":0,
            "세대당주차수":"--",
            "난방방식":"--",
            "공급면적":50,
            "전용률":80,
            "욕실수":"--",
            "현관타입":"--",
            "주거총점":30.5,
            "지역구공급총점":50.0,
            "역세권":"NA",
            "30분내 이동가능 거점":"NA",
            "1시간내 이동가능 거점":"NA",
            "교통총점":"NA",
            "백화점":0,
            "아울렛몰":0,
            "대형마트":80,
            "은행":0,
            "병원":60,
            "종합병원":100,
            "공원":80,
            "혐오시설":0,
            "인프라총점":40.4,
            "초등학군":90.01,
            "중학군":44.04,
            "학군총점":53.234,
            "인구수":22.01,
            "인구증감":1.54,
            "인구총점":15.869,
            "일자리":14.86,
            "소득수준":58.62,
            "일자리총점":27.988,
            "가치 총점":40.1435,
            "매매실거래년":20220127.0,
            "매매실거래가":12900.0,
            "전세실거래년":20220111.0,
            "전세실거래가":4000.0,
            "전세가율":40.0,
            "장기전세가율평균":75.45,
            "전세가율거품지수":35.45,
            "검색코드":7609,
            "세대수":860.0,
            "준공년월":"1990-12-11",
            "준공년차":33.0,
            "가까운역이름":"NA",
            "가까운역거리":"NA",
            "역세권여부":"NA",
            "30분이내주요거점역":"NA",
            "30분거점역이름":"NA",
            "1시간이내주요거점역":"NA",
            "1시간거점역이름":"NA",
            "3km이내백화점수":0,
            "5km이내아울렛몰수":0,
            "1km이내대형먀트수":1,
            "500m이내은행수":1,
            "500m이내병원수":29,
            "5km이내대형병원수":2,
            "500m이내공원수":1,
            "3km이내혐오시설수":0,
            "초등학교학업성취도":90.01,
            "중학교학업성취도":73.4,
            "용적률":0,
            "건폐율":0,
            "Y":36.988438,
            "X":127.934212,
            "rank":52.0,
            "area_info":"15평(49.91), 14평(49.48), 15평(49.9), 15평(50.33), 17평(57.57), 17평(57.93), 17평(58.01), 17평(58.37)",
            "last_sales":"2022-01-27,12900.0,17평(58.01)",
            "rank_history":[
                [
                    "202203",
                    52
                ],
                [
                    "202202",
                    48
                ],
                [
                    "202201",
                    32
                ]
            ],
            "rank_gap":-4
        },
        {
            "index":145,
            "아파트명":"낙원",
            "투자타입":"일반",
            "전용면적(m2)":"65.7",
            "전용면적(평)":"19평",
            "법정동주소":"충청북도 충주시 연수동 464-3",
            "도로명주소":"충청북도 충주시 동수5길 34",
            "세대수":30,
            "입주년차":0,
            "용적률점수":"--",
            "건폐율점수":"--",
            "세대당주차수":0,
            "난방방식":30,
            "공급면적":"--",
            "전용률":"--",
            "욕실수":50,
            "현관타입":10,
            "주거총점":19.5,
            "지역구공급총점":50.0,
            "역세권":"NA",
            "30분내 이동가능 거점":"NA",
            "1시간내 이동가능 거점":"NA",
            "교통총점":"NA",
            "백화점":0,
            "아울렛몰":0,
            "대형마트":100,
            "은행":0,
            "병원":80,
            "종합병원":100,
            "공원":100,
            "혐오시설":0,
            "인프라총점":46.0,
            "초등학군":90.01,
            "중학군":49.14,
            "학군총점":57.314,
            "인구수":22.01,
            "인구증감":1.54,
            "인구총점":15.869,
            "일자리":14.86,
            "소득수준":58.62,
            "일자리총점":27.988,
            "가치 총점":39.5535,
            "매매실거래년":20220215.0,
            "매매실거래가":7000.0,
            "전세실거래년":20220121.0,
            "전세실거래가":6000.0,
            "전세가율":85.71,
            "장기전세가율평균":75.45,
            "전세가율거품지수":-10.26,
            "검색코드":7580,
            "세대수":336.0,
            "준공년월":"1993-05-20",
            "준공년차":30.0,
            "가까운역이름":"NA",
            "가까운역거리":"NA",
            "역세권여부":"NA",
            "30분이내주요거점역":"NA",
            "30분거점역이름":"NA",
            "1시간이내주요거점역":"NA",
            "1시간거점역이름":"NA",
            "3km이내백화점수":0,
            "5km이내아울렛몰수":0,
            "1km이내대형먀트수":2,
            "500m이내은행수":1,
            "500m이내병원수":31,
            "5km이내대형병원수":2,
            "500m이내공원수":5,
            "3km이내혐오시설수":0,
            "초등학교학업성취도":90.01,
            "중학교학업성취도":81.7,
            "용적률":0,
            "건폐율":0,
            "Y":36.984511,
            "X":127.937406,
            "rank":53.0,
            "area_info":"19평(65.7)",
            "last_sales":"2022-02-15,7000.0,19평(65.7)",
            "rank_history":[
                [
                    "202203",
                    53
                ],
                [
                    "202202",
                    49
                ],
                [
                    "202201",
                    47
                ]
            ],
            "rank_gap":-4
        },
        {
            "index":286,
            "아파트명":"충주시티자이",
            "투자타입":"일반",
            "전용면적(m2)":"84.36",
            "전용면적(평)":"25평",
            "법정동주소":"충청북도 충주시 중앙탑면 용전리 721",
            "도로명주소":"충청북도 충주시 원앙4길 51",
            "세대수":100,
            "입주년차":80,
            "용적률점수":"--",
            "건폐율점수":"--",
            "세대당주차수":30,
            "난방방식":30,
            "공급면적":"--",
            "전용률":"--",
            "욕실수":100,
            "현관타입":100,
            "주거총점":78.5,
            "지역구공급총점":50.0,
            "역세권":"NA",
            "30분내 이동가능 거점":"NA",
            "1시간내 이동가능 거점":"NA",
            "교통총점":"NA",
            "백화점":0,
            "아울렛몰":0,
            "대형마트":0,
            "은행":0,
            "병원":0,
            "종합병원":0,
            "공원":0,
            "혐오시설":0,
            "인프라총점":0.0,
            "초등학군":90.02,
            "중학군":36.36,
            "학군총점":47.092,
            "인구수":22.01,
            "인구증감":1.54,
            "인구총점":15.869,
            "일자리":14.86,
            "소득수준":58.62,
            "일자리총점":27.988,
            "가치 총점":39.248,
            "매매실거래년":20220204.0,
            "매매실거래가":25800.0,
            "전세실거래년":20220225.0,
            "전세실거래가":19000.0,
            "전세가율":70.11,
            "장기전세가율평균":75.45,
            "전세가율거품지수":5.34,
            "검색코드":111322,
            "세대수":1596.0,
            "준공년월":"2017-11-29",
            "준공년차":6.0,
            "가까운역이름":"NA",
            "가까운역거리":"NA",
            "역세권여부":"NA",
            "30분이내주요거점역":"NA",
            "30분거점역이름":"NA",
            "1시간이내주요거점역":"NA",
            "1시간거점역이름":"NA",
            "3km이내백화점수":0,
            "5km이내아울렛몰수":0,
            "1km이내대형먀트수":0,
            "500m이내은행수":0,
            "500m이내병원수":0,
            "5km이내대형병원수":0,
            "500m이내공원수":0,
            "3km이내혐오시설수":0,
            "초등학교학업성취도":90.02,
            "중학교학업성취도":60.6,
            "용적률":168,
            "건폐율":16,
            "Y":37.018082,
            "X":127.83194,
            "rank":54.0,
            "area_info":"25평(84.36), 25평(84.76), 29평(99.12), 33평(112.31)",
            "last_sales":"2022-02-04,25800.0,25평(84.76)",
            "rank_history":[
                [
                    "202203",
                    54
                ],
                [
                    "202202",
                    50
                ],
                [
                    "202201",
                    44
                ]
            ],
            "rank_gap":-4
        },
        {
            "index":269,
            "아파트명":"e편한세상충주",
            "투자타입":"일반",
            "전용면적(m2)":"83.35",
            "전용면적(평)":"25평",
            "법정동주소":"충청북도 충주시 중앙탑면 용전리 661",
            "도로명주소":"충청북도 충주시 원앙9길 15",
            "세대수":90,
            "입주년차":80,
            "용적률점수":"--",
            "건폐율점수":"--",
            "세대당주차수":30,
            "난방방식":30,
            "공급면적":"--",
            "전용률":"--",
            "욕실수":100,
            "현관타입":100,
            "주거총점":75.0,
            "지역구공급총점":50.0,
            "역세권":"NA",
            "30분내 이동가능 거점":"NA",
            "1시간내 이동가능 거점":"NA",
            "교통총점":"NA",
            "백화점":0,
            "아울렛몰":0,
            "대형마트":0,
            "은행":0,
            "병원":30,
            "종합병원":0,
            "공원":0,
            "혐오시설":0,
            "인프라총점":3.0,
            "초등학군":90.02,
            "중학군":36.36,
            "학군총점":47.092,
            "인구수":22.01,
            "인구증감":1.54,
            "인구총점":15.869,
            "일자리":14.86,
            "소득수준":58.62,
            "일자리총점":27.988,
            "가치 총점":39.223,
            "매매실거래년":20220224.0,
            "매매실거래가":26000.0,
            "전세실거래년":20220224.0,
            "전세실거래가":21500.0,
            "전세가율":82.69,
            "장기전세가율평균":75.45,
            "전세가율거품지수":-7.24,
            "검색코드":111323,
            "세대수":1455.0,
            "준공년월":"2017-12-26",
            "준공년차":6.0,
            "가까운역이름":"NA",
            "가까운역거리":"NA",
            "역세권여부":"NA",
            "30분이내주요거점역":"NA",
            "30분거점역이름":"NA",
            "1시간이내주요거점역":"NA",
            "1시간거점역이름":"NA",
            "3km이내백화점수":0,
            "5km이내아울렛몰수":0,
            "1km이내대형먀트수":0,
            "500m이내은행수":0,
            "500m이내병원수":5,
            "5km이내대형병원수":0,
            "500m이내공원수":0,
            "3km이내혐오시설수":0,
            "초등학교학업성취도":90.02,
            "중학교학업성취도":60.6,
            "용적률":167,
            "건폐율":17,
            "Y":37.016019,
            "X":127.827532,
            "rank":55.0,
            "area_info":"25평(83.35), 25평(85.76), 33평(109.68), 33평(109.98), 33평(110.92)",
            "last_sales":"2022-02-24,26000.0,25평(83.35)",
            "rank_history":[
                [
                    "202203",
                    55
                ],
                [
                    "202202",
                    51
                ],
                [
                    "202201",
                    45
                ]
            ],
            "rank_gap":-4
        },
        {
            "index":204,
            "아파트명":"주공3단지",
            "투자타입":"일반",
            "전용면적(m2)":"48.13",
            "전용면적(평)":"14평",
            "법정동주소":"충청북도 충주시 연수동 1231",
            "도로명주소":"충청북도 충주시 주공길 24",
            "세대수":50,
            "입주년차":0,
            "용적률점수":"--",
            "건폐율점수":"--",
            "세대당주차수":0,
            "난방방식":30,
            "공급면적":"--",
            "전용률":"--",
            "욕실수":50,
            "현관타입":10,
            "주거총점":26.5,
            "지역구공급총점":50.0,
            "역세권":"NA",
            "30분내 이동가능 거점":"NA",
            "1시간내 이동가능 거점":"NA",
            "교통총점":"NA",
            "백화점":0,
            "아울렛몰":0,
            "대형마트":80,
            "은행":0,
            "병원":60,
            "종합병원":100,
            "공원":100,
            "혐오시설":0,
            "인프라총점":41.0,
            "초등학군":90.01,
            "중학군":44.04,
            "학군총점":53.234,
            "인구수":22.01,
            "인구증감":1.54,
            "인구총점":15.869,
            "일자리":14.86,
            "소득수준":58.62,
            "일자리총점":27.988,
            "가치 총점":38.9835,
            "매매실거래년":20220226.0,
            "매매실거래가":7000.0,
            "전세실거래년":20210603.0,
            "전세실거래가":4600.0,
            "전세가율":95.83,
            "장기전세가율평균":75.45,
            "전세가율거품지수":-20.38,
            "검색코드":7611,
            "세대수":630.0,
            "준공년월":"1994-05-19",
            "준공년차":29.0,
            "가까운역이름":"NA",
            "가까운역거리":"NA",
            "역세권여부":"NA",
            "30분이내주요거점역":"NA",
            "30분거점역이름":"NA",
            "1시간이내주요거점역":"NA",
            "1시간거점역이름":"NA",
            "3km이내백화점수":0,
            "5km이내아울렛몰수":0,
            "1km이내대형먀트수":1,
            "500m이내은행수":0,
            "500m이내병원수":27,
            "5km이내대형병원수":2,
            "500m이내공원수":2,
            "3km이내혐오시설수":0,
            "초등학교학업성취도":90.01,
            "중학교학업성취도":73.4,
            "용적률":56,
            "건폐율":11,
            "Y":36.989495,
            "X":127.937907,
            "rank":56.0,
            "area_info":"14평(48.13), 16평(55.97), 17평(57.47)",
            "last_sales":"2022-02-26,7000.0,17평(57.47)",
            "rank_history":[
                [
                    "202203",
                    56
                ],
                [
                    "202202",
                    52
                ],
                [
                    "202201",
                    41
                ]
            ],
            "rank_gap":-4
        },
        {
            "index":201,
            "아파트명":"우림",
            "투자타입":"재건축",
            "전용면적(m2)":"101.87",
            "전용면적(평)":"30평",
            "법정동주소":"충청북도 충주시 연수동 926",
            "도로명주소":"충청북도 충주시 연원5길 62",
            "세대수":0,
            "입주년차":"--",
            "용적률점수":0,
            "건폐율점수":60,
            "세대당주차수":"--",
            "난방방식":"--",
            "공급면적":90,
            "전용률":80,
            "욕실수":"--",
            "현관타입":"--",
            "주거총점":20.5,
            "지역구공급총점":50.0,
            "역세권":"NA",
            "30분내 이동가능 거점":"NA",
            "1시간내 이동가능 거점":"NA",
            "교통총점":"NA",
            "백화점":0,
            "아울렛몰":0,
            "대형마트":100,
            "은행":0,
            "병원":60,
            "종합병원":100,
            "공원":100,
            "혐오시설":0,
            "인프라총점":44.0,
            "초등학군":89.98,
            "중학군":44.04,
            "학군총점":53.228,
            "인구수":22.01,
            "인구증감":1.54,
            "인구총점":15.869,
            "일자리":14.86,
            "소득수준":58.62,
            "일자리총점":27.988,
            "가치 총점":38.082,
            "매매실거래년":20211118.0,
            "매매실거래가":13900.0,
            "전세실거래년":20220211.0,
            "전세실거래가":13000.0,
            "전세가율":93.53,
            "장기전세가율평균":75.45,
            "전세가율거품지수":-18.08,
            "검색코드":7594,
            "세대수":208.0,
            "준공년월":"1991-09-18",
            "준공년차":32.0,
            "가까운역이름":"NA",
            "가까운역거리":"NA",
            "역세권여부":"NA",
            "30분이내주요거점역":"NA",
            "30분거점역이름":"NA",
            "1시간이내주요거점역":"NA",
            "1시간거점역이름":"NA",
            "3km이내백화점수":0,
            "5km이내아울렛몰수":0,
            "1km이내대형먀트수":2,
            "500m이내은행수":1,
            "500m이내병원수":20,
            "5km이내대형병원수":2,
            "500m이내공원수":2,
            "3km이내혐오시설수":0,
            "초등학교학업성취도":89.98,
            "중학교학업성취도":73.4,
            "용적률":248,
            "건폐율":34,
            "Y":36.98662,
            "X":127.93242,
            "rank":57.0,
            "area_info":"30평(101.87)",
            "last_sales":"2021-11-18,13900.0,30평(101.87)",
            "rank_history":[
                [
                    "202203",
                    57
                ],
                [
                    "202202",
                    53
                ],
                [
                    "202201",
                    51
                ]
            ],
            "rank_gap":-4
        },
        {
            "index":274,
            "아파트명":"미진이지비아",
            "투자타입":"일반",
            "전용면적(m2)":"81.69",
            "전용면적(평)":"24평",
            "법정동주소":"충청북도 충주시 중앙탑면 용전리 656",
            "도로명주소":"충청북도 충주시 기업도시로 189",
            "세대수":80,
            "입주년차":80,
            "용적률점수":"--",
            "건폐율점수":"--",
            "세대당주차수":30,
            "난방방식":30,
            "공급면적":"--",
            "전용률":"--",
            "욕실수":100,
            "현관타입":100,
            "주거총점":71.5,
            "지역구공급총점":50.0,
            "역세권":"NA",
            "30분내 이동가능 거점":"NA",
            "1시간내 이동가능 거점":"NA",
            "교통총점":"NA",
            "백화점":0,
            "아울렛몰":0,
            "대형마트":0,
            "은행":0,
            "병원":30,
            "종합병원":0,
            "공원":0,
            "혐오시설":0,
            "인프라총점":3.0,
            "초등학군":90.02,
            "중학군":36.36,
            "학군총점":47.092,
            "인구수":22.01,
            "인구증감":1.54,
            "인구총점":15.869,
            "일자리":14.86,
            "소득수준":58.62,
            "일자리총점":27.988,
            "가치 총점":37.998,
            "매매실거래년":20220219.0,
            "매매실거래가":30000.0,
            "전세실거래년":null,
            "전세실거래가":null,
            "전세가율":null,
            "장기전세가율평균":75.45,
            "전세가율거품지수":null,
            "검색코드":110666,
            "세대수":782.0,
            "준공년월":"2017-11-14",
            "준공년차":6.0,
            "가까운역이름":"NA",
            "가까운역거리":"NA",
            "역세권여부":"NA",
            "30분이내주요거점역":"NA",
            "30분거점역이름":"NA",
            "1시간이내주요거점역":"NA",
            "1시간거점역이름":"NA",
            "3km이내백화점수":0,
            "5km이내아울렛몰수":0,
            "1km이내대형먀트수":0,
            "500m이내은행수":0,
            "500m이내병원수":5,
            "5km이내대형병원수":0,
            "500m이내공원수":0,
            "3km이내혐오시설수":0,
            "초등학교학업성취도":90.02,
            "중학교학업성취도":60.6,
            "용적률":167,
            "건폐율":15,
            "Y":37.012932,
            "X":127.825755,
            "rank":58.0,
            "area_info":"24평(81.69), 24평(81.69), 24평(82.24), 30평(99.58), 34평(114.77)",
            "last_sales":"2022-02-19,30000.0,34평(114.77)",
            "rank_history":[
                [
                    "202203",
                    58
                ],
                [
                    "202202",
                    54
                ],
                [
                    "202201",
                    49
                ]
            ],
            "rank_gap":-4
        },
        {
            "index":236,
            "아파트명":"대림",
            "투자타입":"일반",
            "전용면적(m2)":"66.97",
            "전용면적(평)":"20평",
            "법정동주소":"충청북도 충주시 용산동 455-4",
            "도로명주소":"충청북도 충주시 염밭로 91",
            "세대수":0,
            "입주년차":0,
            "용적률점수":"--",
            "건폐율점수":"--",
            "세대당주차수":0,
            "난방방식":30,
            "공급면적":"--",
            "전용률":"--",
            "욕실수":50,
            "현관타입":100,
            "주거총점":18.0,
            "지역구공급총점":50.0,
            "역세권":"NA",
            "30분내 이동가능 거점":"NA",
            "1시간내 이동가능 거점":"NA",
            "교통총점":"NA",
            "백화점":0,
            "아울렛몰":0,
            "대형마트":80,
            "은행":0,
            "병원":60,
            "종합병원":100,
            "공원":100,
            "혐오시설":0,
            "인프라총점":41.0,
            "초등학군":90.0,
            "중학군":53.86,
            "학군총점":61.088,
            "인구수":22.01,
            "인구증감":1.54,
            "인구총점":15.869,
            "일자리":14.86,
            "소득수준":58.62,
            "일자리총점":27.988,
            "가치 총점":37.972,
            "매매실거래년":20220220.0,
            "매매실거래가":6400.0,
            "전세실거래년":20211105.0,
            "전세실거래가":5500.0,
            "전세가율":85.94,
            "장기전세가율평균":75.45,
            "전세가율거품지수":-10.49,
            "검색코드":7617,
            "세대수":290.0,
            "준공년월":"1995-03-28",
            "준공년차":28.0,
            "가까운역이름":"NA",
            "가까운역거리":"NA",
            "역세권여부":"NA",
            "30분이내주요거점역":"NA",
            "30분거점역이름":"NA",
            "1시간이내주요거점역":"NA",
            "1시간거점역이름":"NA",
            "3km이내백화점수":0,
            "5km이내아울렛몰수":0,
            "1km이내대형먀트수":1,
            "500m이내은행수":0,
            "500m이내병원수":12,
            "5km이내대형병원수":2,
            "500m이내공원수":3,
            "3km이내혐오시설수":0,
            "초등학교학업성취도":90.0,
            "중학교학업성취도":88.7,
            "용적률":145,
            "건폐율":31,
            "Y":36.96572,
            "X":127.94186,
            "rank":59.0,
            "area_info":"20평(66.97)",
            "last_sales":"2022-02-20,6400.0,20평(66.97)",
            "rank_history":[
                [
                    "202203",
                    59
                ],
                [
                    "202202",
                    55
                ],
                [
                    "202201",
                    67
                ]
            ],
            "rank_gap":-4
        },
        {
            "index":115,
            "아파트명":"상지씨티빌",
            "투자타입":"일반",
            "전용면적(m2)":"37.31",
            "전용면적(평)":"11평",
            "법정동주소":"충청북도 충주시 봉방동 143-3",
            "도로명주소":"충청북도 충주시 봉방4길 38",
            "세대수":0,
            "입주년차":20,
            "용적률점수":"--",
            "건폐율점수":"--",
            "세대당주차수":0,
            "난방방식":30,
            "공급면적":"--",
            "전용률":"--",
            "욕실수":50,
            "현관타입":100,
            "주거총점":22.0,
            "지역구공급총점":50.0,
            "역세권":"NA",
            "30분내 이동가능 거점":"NA",
            "1시간내 이동가능 거점":"NA",
            "교통총점":"NA",
            "백화점":0,
            "아울렛몰":0,
            "대형마트":100,
            "은행":0,
            "병원":10,
            "종합병원":100,
            "공원":80,
            "혐오시설":0,
            "인프라총점":38.4,
            "초등학군":90.01,
            "중학군":50.22,
            "학군총점":58.178,
            "인구수":22.01,
            "인구증감":1.54,
            "인구총점":15.869,
            "일자리":14.86,
            "소득수준":58.62,
            "일자리총점":27.988,
            "가치 총점":37.6045,
            "매매실거래년":20220212.0,
            "매매실거래가":3700.0,
            "전세실거래년":20220121.0,
            "전세실거래가":3700.0,
            "전세가율":100.0,
            "장기전세가율평균":75.45,
            "전세가율거품지수":-24.55,
            "검색코드":115366,
            "세대수":177.0,
            "준공년월":"2002-01-25",
            "준공년차":21.0,
            "가까운역이름":"NA",
            "가까운역거리":"NA",
            "역세권여부":"NA",
            "30분이내주요거점역":"NA",
            "30분거점역이름":"NA",
            "1시간이내주요거점역":"NA",
            "1시간거점역이름":"NA",
            "3km이내백화점수":0,
            "5km이내아울렛몰수":0,
            "1km이내대형먀트수":3,
            "500m이내은행수":0,
            "500m이내병원수":4,
            "5km이내대형병원수":2,
            "500m이내공원수":1,
            "3km이내혐오시설수":0,
            "초등학교학업성취도":90.01,
            "중학교학업성취도":83.3,
            "용적률":155,
            "건폐율":16,
            "Y":36.974044,
            "X":127.920581,
            "rank":60.0,
            "area_info":"11평(37.31)",
            "last_sales":"2022-02-12,3700.0,11평(37.31)",
            "rank_history":[
                [
                    "202203",
                    60
                ],
                [
                    "202202",
                    57
                ],
                [
                    "202201",
                    58
                ]
            ],
            "rank_gap":-3
        },
        {
            "index":69,
            "아파트명":"푸른",
            "투자타입":"일반",
            "전용면적(m2)":"71.51",
            "전용면적(평)":"21평",
            "법정동주소":"충청북도 충주시 금릉동 771",
            "도로명주소":"충청북도 충주시 금제1길 5",
            "세대수":50,
            "입주년차":0,
            "용적률점수":"--",
            "건폐율점수":"--",
            "세대당주차수":0,
            "난방방식":30,
            "공급면적":"--",
            "전용률":"--",
            "욕실수":50,
            "현관타입":10,
            "주거총점":26.5,
            "지역구공급총점":50.0,
            "역세권":"NA",
            "30분내 이동가능 거점":"NA",
            "1시간내 이동가능 거점":"NA",
            "교통총점":"NA",
            "백화점":0,
            "아울렛몰":0,
            "대형마트":0,
            "은행":70,
            "병원":60,
            "종합병원":100,
            "공원":100,
            "혐오시설":0,
            "인프라총점":36.0,
            "초등학군":90.0,
            "중학군":46.98,
            "학군총점":55.584,
            "인구수":22.01,
            "인구증감":1.54,
            "인구총점":15.869,
            "일자리":14.86,
            "소득수준":58.62,
            "일자리총점":27.988,
            "가치 총점":37.571,
            "매매실거래년":20220218.0,
            "매매실거래가":8800.0,
            "전세실거래년":20220128.0,
            "전세실거래가":5775.0,
            "전세가율":65.62,
            "장기전세가율평균":75.45,
            "전세가율거품지수":9.83,
            "검색코드":7561,
            "세대수":470.0,
            "준공년월":"1993-12-22",
            "준공년차":30.0,
            "가까운역이름":"NA",
            "가까운역거리":"NA",
            "역세권여부":"NA",
            "30분이내주요거점역":"NA",
            "30분거점역이름":"NA",
            "1시간이내주요거점역":"NA",
            "1시간거점역이름":"NA",
            "3km이내백화점수":0,
            "5km이내아울렛몰수":0,
            "1km이내대형먀트수":0,
            "500m이내은행수":3,
            "500m이내병원수":17,
            "5km이내대형병원수":2,
            "500m이내공원수":4,
            "3km이내혐오시설수":0,
            "초등학교학업성취도":90.0,
            "중학교학업성취도":78.3,
            "용적률":0,
            "건폐율":0,
            "Y":36.988342,
            "X":127.924697,
            "rank":61.0,
            "area_info":"21평(71.51), 32평(108.77)",
            "last_sales":"2022-02-18,8800.0,21평(71.51)",
            "rank_history":[
                [
                    "202203",
                    61
                ],
                [
                    "202202",
                    56
                ],
                [
                    "202201",
                    53
                ]
            ],
            "rank_gap":-5
        },
        {
            "index":52,
            "아파트명":"성원",
            "투자타입":"일반",
            "전용면적(m2)":"73.02",
            "전용면적(평)":"22평",
            "법정동주소":"충청북도 충주시 교현동 1309",
            "도로명주소":"충청북도 충주시 삼원로 175",
            "세대수":30,
            "입주년차":0,
            "용적률점수":"--",
            "건폐율점수":"--",
            "세대당주차수":0,
            "난방방식":30,
            "공급면적":"--",
            "전용률":"--",
            "욕실수":50,
            "현관타입":10,
            "주거총점":19.5,
            "지역구공급총점":50.0,
            "역세권":"NA",
            "30분내 이동가능 거점":"NA",
            "1시간내 이동가능 거점":"NA",
            "교통총점":"NA",
            "백화점":0,
            "아울렛몰":0,
            "대형마트":100,
            "은행":20,
            "병원":0,
            "종합병원":100,
            "공원":100,
            "혐오시설":0,
            "인프라총점":40.0,
            "초등학군":90.0,
            "중학군":50.22,
            "학군총점":58.176,
            "인구수":22.01,
            "인구증감":1.54,
            "인구총점":15.869,
            "일자리":14.86,
            "소득수준":58.62,
            "일자리총점":27.988,
            "가치 총점":37.369,
            "매매실거래년":20220112.0,
            "매매실거래가":7200.0,
            "전세실거래년":20210506.0,
            "전세실거래가":5000.0,
            "전세가율":69.44,
            "장기전세가율평균":75.45,
            "전세가율거품지수":6.01,
            "검색코드":7557,
            "세대수":360.0,
            "준공년월":"1995-09-15",
            "준공년차":28.0,
            "가까운역이름":"NA",
            "가까운역거리":"NA",
            "역세권여부":"NA",
            "30분이내주요거점역":"NA",
            "30분거점역이름":"NA",
            "1시간이내주요거점역":"NA",
            "1시간거점역이름":"NA",
            "3km이내백화점수":0,
            "5km이내아울렛몰수":0,
            "1km이내대형먀트수":3,
            "500m이내은행수":2,
            "500m이내병원수":1,
            "5km이내대형병원수":2,
            "500m이내공원수":5,
            "3km이내혐오시설수":0,
            "초등학교학업성취도":90.0,
            "중학교학업성취도":83.3,
            "용적률":271,
            "건폐율":32,
            "Y":36.980853,
            "X":127.923637,
            "rank":62.0,
            "area_info":"22평(73.02), 24평(80.06)",
            "last_sales":"2022-01-12,7200.0,22평(73.02)",
            "rank_history":[
                [
                    "202203",
                    62
                ],
                [
                    "202202",
                    58
                ],
                [
                    "202201",
                    54
                ]
            ],
            "rank_gap":-4
        },
        {
            "index":209,
            "아파트명":"충주연수엘팰리스2차",
            "투자타입":"일반",
            "전용면적(m2)":"85.3",
            "전용면적(평)":"25평",
            "법정동주소":"충청북도 충주시 연수동 697-7",
            "도로명주소":"충청북도 충주시 연수서편3길 27",
            "세대수":0,
            "입주년차":80,
            "용적률점수":"--",
            "건폐율점수":"--",
            "세대당주차수":0,
            "난방방식":30,
            "공급면적":"--",
            "전용률":"--",
            "욕실수":100,
            "현관타입":100,
            "주거총점":39.0,
            "지역구공급총점":50.0,
            "역세권":"NA",
            "30분내 이동가능 거점":"NA",
            "1시간내 이동가능 거점":"NA",
            "교통총점":"NA",
            "백화점":0,
            "아울렛몰":0,
            "대형마트":0,
            "은행":0,
            "병원":60,
            "종합병원":100,
            "공원":0,
            "혐오시설":0,
            "인프라총점":26.0,
            "초등학군":90.01,
            "중학군":44.04,
            "학군총점":53.234,
            "인구수":22.01,
            "인구증감":1.54,
            "인구총점":15.869,
            "일자리":14.86,
            "소득수준":58.62,
            "일자리총점":27.988,
            "가치 총점":37.3585,
            "매매실거래년":20211025.0,
            "매매실거래가":21500.0,
            "전세실거래년":20211022.0,
            "전세실거래가":13000.0,
            "전세가율":75.14,
            "장기전세가율평균":75.45,
            "전세가율거품지수":0.31,
            "검색코드":118066,
            "세대수":51.0,
            "준공년월":"2017-08-01",
            "준공년차":6.0,
            "가까운역이름":"NA",
            "가까운역거리":"NA",
            "역세권여부":"NA",
            "30분이내주요거점역":"NA",
            "30분거점역이름":"NA",
            "1시간이내주요거점역":"NA",
            "1시간거점역이름":"NA",
            "3km이내백화점수":0,
            "5km이내아울렛몰수":0,
            "1km이내대형먀트수":0,
            "500m이내은행수":1,
            "500m이내병원수":16,
            "5km이내대형병원수":2,
            "500m이내공원수":0,
            "3km이내혐오시설수":0,
            "초등학교학업성취도":90.01,
            "중학교학업성취도":73.4,
            "용적률":585,
            "건폐율":59,
            "Y":36.990663,
            "X":127.931772,
            "rank":63.0,
            "area_info":"25평(85.3), 36평(119.12)",
            "last_sales":"2021-10-25,21500.0,36평(119.12)",
            "rank_history":[
                [
                    "202203",
                    63
                ],
                [
                    "202202",
                    9999
                ]
            ],
            "rank_gap":9999
        },
        {
            "index":26,
            "아파트명":"동아",
            "투자타입":"재건축",
            "전용면적(m2)":"89.26",
            "전용면적(평)":"27평",
            "법정동주소":"충청북도 충주시 교현동 397",
            "도로명주소":"충청북도 충주시 봉현로 313",
            "세대수":30,
            "입주년차":"--",
            "용적률점수":20,
            "건폐율점수":0,
            "세대당주차수":"--",
            "난방방식":"--",
            "공급면적":70,
            "전용률":80,
            "욕실수":"--",
            "현관타입":"--",
            "주거총점":24.5,
            "지역구공급총점":50.0,
            "역세권":"NA",
            "30분내 이동가능 거점":"NA",
            "1시간내 이동가능 거점":"NA",
            "교통총점":"NA",
            "백화점":0,
            "아울렛몰":0,
            "대형마트":80,
            "은행":0,
            "병원":10,
            "종합병원":100,
            "공원":100,
            "혐오시설":0,
            "인프라총점":36.0,
            "초등학군":90.03,
            "중학군":49.14,
            "학군총점":57.318,
            "인구수":22.01,
            "인구증감":1.54,
            "인구총점":15.869,
            "일자리":14.86,
            "소득수준":58.62,
            "일자리총점":27.988,
            "가치 총점":37.3045,
            "매매실거래년":20211020.0,
            "매매실거래가":12900.0,
            "전세실거래년":20210813.0,
            "전세실거래가":9500.0,
            "전세가율":80.51,
            "장기전세가율평균":75.45,
            "전세가율거품지수":-5.06,
            "검색코드":7526,
            "세대수":392.0,
            "준공년월":"1990-12-17",
            "준공년차":33.0,
            "가까운역이름":"NA",
            "가까운역거리":"NA",
            "역세권여부":"NA",
            "30분이내주요거점역":"NA",
            "30분거점역이름":"NA",
            "1시간이내주요거점역":"NA",
            "1시간거점역이름":"NA",
            "3km이내백화점수":0,
            "5km이내아울렛몰수":0,
            "1km이내대형먀트수":1,
            "500m이내은행수":0,
            "500m이내병원수":4,
            "5km이내대형병원수":2,
            "500m이내공원수":2,
            "3km이내혐오시설수":0,
            "초등학교학업성취도":90.03,
            "중학교학업성취도":81.7,
            "용적률":209,
            "건폐율":59,
            "Y":36.977924,
            "X":127.938209,
            "rank":64.0,
            "area_info":"27평(89.26), 31평(102.48)",
            "last_sales":"2021-10-20,12900.0,31평(102.48)",
            "rank_history":[
                [
                    "202203",
                    64
                ],
                [
                    "202202",
                    59
                ],
                [
                    "202201",
                    56
                ]
            ],
            "rank_gap":-5
        },
        {
            "index":211,
            "아파트명":"푸른",
            "투자타입":"일반",
            "전용면적(m2)":"77.27",
            "전용면적(평)":"23평",
            "법정동주소":"충청북도 충주시 연수동 1219",
            "도로명주소":"충청북도 충주시 연수서1길 20",
            "세대수":50,
            "입주년차":0,
            "용적률점수":"--",
            "건폐율점수":"--",
            "세대당주차수":0,
            "난방방식":30,
            "공급면적":"--",
            "전용률":"--",
            "욕실수":50,
            "현관타입":10,
            "주거총점":26.5,
            "지역구공급총점":50.0,
            "역세권":"NA",
            "30분내 이동가능 거점":"NA",
            "1시간내 이동가능 거점":"NA",
            "교통총점":"NA",
            "백화점":0,
            "아울렛몰":0,
            "대형마트":0,
            "은행":70,
            "병원":60,
            "종합병원":100,
            "공원":100,
            "혐오시설":0,
            "인프라총점":36.0,
            "초등학군":89.98,
            "중학군":44.04,
            "학군총점":53.228,
            "인구수":22.01,
            "인구증감":1.54,
            "인구총점":15.869,
            "일자리":14.86,
            "소득수준":58.62,
            "일자리총점":27.988,
            "가치 총점":36.982,
            "매매실거래년":20220224.0,
            "매매실거래가":17650.0,
            "전세실거래년":20220221.0,
            "전세실거래가":14500.0,
            "전세가율":117.89,
            "장기전세가율평균":75.45,
            "전세가율거품지수":-42.44,
            "검색코드":7585,
            "세대수":480.0,
            "준공년월":"1994-11-16",
            "준공년차":29.0,
            "가까운역이름":"NA",
            "가까운역거리":"NA",
            "역세권여부":"NA",
            "30분이내주요거점역":"NA",
            "30분거점역이름":"NA",
            "1시간이내주요거점역":"NA",
            "1시간거점역이름":"NA",
            "3km이내백화점수":0,
            "5km이내아울렛몰수":0,
            "1km이내대형먀트수":0,
            "500m이내은행수":3,
            "500m이내병원수":18,
            "5km이내대형병원수":2,
            "500m이내공원수":6,
            "3km이내혐오시설수":0,
            "초등학교학업성취도":89.98,
            "중학교학업성취도":73.4,
            "용적률":0,
            "건폐율":0,
            "Y":36.98643,
            "X":127.92731,
            "rank":65.0,
            "area_info":"23평(77.27), 28평(92.79), 31평(104.44)",
            "last_sales":"2022-02-24,17650.0,31평(104.44)",
            "rank_history":[
                [
                    "202203",
                    65
                ],
                [
                    "202202",
                    60
                ],
                [
                    "202201",
                    55
                ]
            ],
            "rank_gap":-5
        },
        {
            "index":22,
            "아파트명":"남산3단지",
            "투자타입":"재건축",
            "전용면적(m2)":"29.58",
            "전용면적(평)":"8평",
            "법정동주소":"충청북도 충주시 교현동 1060",
            "도로명주소":"충청북도 충주시 남산4길 42",
            "세대수":30,
            "입주년차":"--",
            "용적률점수":0,
            "건폐율점수":0,
            "세대당주차수":"--",
            "난방방식":"--",
            "공급면적":50,
            "전용률":80,
            "욕실수":"--",
            "현관타입":"--",
            "주거총점":15.5,
            "지역구공급총점":50.0,
            "역세권":"NA",
            "30분내 이동가능 거점":"NA",
            "1시간내 이동가능 거점":"NA",
            "교통총점":"NA",
            "백화점":0,
            "아울렛몰":0,
            "대형마트":80,
            "은행":0,
            "병원":30,
            "종합병원":100,
            "공원":100,
            "혐오시설":0,
            "인프라총점":38.0,
            "초등학군":90.01,
            "중학군":53.86,
            "학군총점":61.09,
            "인구수":22.01,
            "인구증감":1.54,
            "인구총점":15.869,
            "일자리":14.86,
            "소득수준":58.62,
            "일자리총점":27.988,
            "가치 총점":35.8975,
            "매매실거래년":20220120.0,
            "매매실거래가":10000.0,
            "전세실거래년":20210512.0,
            "전세실거래가":2500.0,
            "전세가율":38.46,
            "장기전세가율평균":75.45,
            "전세가율거품지수":36.99,
            "검색코드":15479,
            "세대수":330.0,
            "준공년월":"1987-08-27",
            "준공년차":36.0,
            "가까운역이름":"NA",
            "가까운역거리":"NA",
            "역세권여부":"NA",
            "30분이내주요거점역":"NA",
            "30분거점역이름":"NA",
            "1시간이내주요거점역":"NA",
            "1시간거점역이름":"NA",
            "3km이내백화점수":0,
            "5km이내아울렛몰수":0,
            "1km이내대형먀트수":1,
            "500m이내은행수":0,
            "500m이내병원수":5,
            "5km이내대형병원수":2,
            "500m이내공원수":3,
            "3km이내혐오시설수":0,
            "초등학교학업성취도":90.01,
            "중학교학업성취도":88.7,
            "용적률":0,
            "건폐율":0,
            "Y":36.965419,
            "X":127.945507,
            "rank":66.0,
            "area_info":"8평(29.58), 11평(37.9), 13평(45.12), 14평(46.31)",
            "last_sales":"2022-01-20,10000.0,14평(46.31)",
            "rank_history":[
                [
                    "202203",
                    66
                ],
                [
                    "202202",
                    62
                ],
                [
                    "202201",
                    73
                ]
            ],
            "rank_gap":-4
        },
        {
            "index":195,
            "아파트명":"연수주공4,5단지",
            "투자타입":"일반",
            "전용면적(m2)":"57.84",
            "전용면적(평)":"17평",
            "법정동주소":"충청북도 충주시 연수동 686",
            "도로명주소":"충청북도 충주시 예성로 401",
            "세대수":90,
            "입주년차":0,
            "용적률점수":"--",
            "건폐율점수":"--",
            "세대당주차수":0,
            "난방방식":30,
            "공급면적":"--",
            "전용률":"--",
            "욕실수":50,
            "현관타입":10,
            "주거총점":40.5,
            "지역구공급총점":50.0,
            "역세권":"NA",
            "30분내 이동가능 거점":"NA",
            "1시간내 이동가능 거점":"NA",
            "교통총점":"NA",
            "백화점":0,
            "아울렛몰":0,
            "대형마트":0,
            "은행":0,
            "병원":10,
            "종합병원":100,
            "공원":0,
            "혐오시설":0,
            "인프라총점":21.0,
            "초등학군":90.01,
            "중학군":44.04,
            "학군총점":53.234,
            "인구수":22.01,
            "인구증감":1.54,
            "인구총점":15.869,
            "일자리":14.86,
            "소득수준":58.62,
            "일자리총점":27.988,
            "가치 총점":35.8835,
            "매매실거래년":20220223.0,
            "매매실거래가":11900.0,
            "전세실거래년":20211101.0,
            "전세실거래가":5000.0,
            "전세가율":80.65,
            "장기전세가율평균":75.45,
            "전세가율거품지수":-5.2,
            "검색코드":7614,
            "세대수":1410.0,
            "준공년월":"1997-10-31",
            "준공년차":26.0,
            "가까운역이름":"NA",
            "가까운역거리":"NA",
            "역세권여부":"NA",
            "30분이내주요거점역":"NA",
            "30분거점역이름":"NA",
            "1시간이내주요거점역":"NA",
            "1시간거점역이름":"NA",
            "3km이내백화점수":0,
            "5km이내아울렛몰수":0,
            "1km이내대형먀트수":0,
            "500m이내은행수":0,
            "500m이내병원수":3,
            "5km이내대형병원수":2,
            "500m이내공원수":0,
            "3km이내혐오시설수":0,
            "초등학교학업성취도":90.01,
            "중학교학업성취도":73.4,
            "용적률":217,
            "건폐율":19,
            "Y":36.993232,
            "X":127.933062,
            "rank":67.0,
            "area_info":"17평(57.84), 21평(69.53), 23평(76.73)",
            "last_sales":"2022-02-23,11900.0,23평(76.73)",
            "rank_history":[
                [
                    "202203",
                    67
                ],
                [
                    "202202",
                    61
                ],
                [
                    "202201",
                    62
                ]
            ],
            "rank_gap":-6
        },
        {
            "index":71,
            "아파트명":"서충주오드카운티",
            "투자타입":"일반",
            "전용면적(m2)":"82.83",
            "전용면적(평)":"25평",
            "법정동주소":"충청북도 충주시 대소원면 본리 651",
            "도로명주소":"충청북도 충주시 첨단산업2로 41",
            "세대수":50,
            "입주년차":80,
            "용적률점수":"--",
            "건폐율점수":"--",
            "세대당주차수":60,
            "난방방식":30,
            "공급면적":"--",
            "전용률":"--",
            "욕실수":100,
            "현관타입":100,
            "주거총점":65.5,
            "지역구공급총점":50.0,
            "역세권":"NA",
            "30분내 이동가능 거점":"NA",
            "1시간내 이동가능 거점":"NA",
            "교통총점":"NA",
            "백화점":0,
            "아울렛몰":0,
            "대형마트":0,
            "은행":0,
            "병원":0,
            "종합병원":0,
            "공원":80,
            "혐오시설":0,
            "인프라총점":2.4,
            "초등학군":90.03,
            "중학군":36.36,
            "학군총점":47.094,
            "인구수":22.01,
            "인구증감":1.54,
            "인구총점":15.869,
            "일자리":14.86,
            "소득수준":58.62,
            "일자리총점":27.988,
            "가치 총점":35.6585,
            "매매실거래년":"18000101",
            "매매실거래가":null,
            "전세실거래년":20211209.0,
            "전세실거래가":9900.0,
            "전세가율":null,
            "장기전세가율평균":75.45,
            "전세가율거품지수":null,
            "검색코드":123302,
            "세대수":534.0,
            "준공년월":"2018-10-25",
            "준공년차":5.0,
            "가까운역이름":"NA",
            "가까운역거리":"NA",
            "역세권여부":"NA",
            "30분이내주요거점역":"NA",
            "30분거점역이름":"NA",
            "1시간이내주요거점역":"NA",
            "1시간거점역이름":"NA",
            "3km이내백화점수":0,
            "5km이내아울렛몰수":0,
            "1km이내대형먀트수":0,
            "500m이내은행수":0,
            "500m이내병원수":1,
            "5km이내대형병원수":0,
            "500m이내공원수":1,
            "3km이내혐오시설수":0,
            "초등학교학업성취도":90.03,
            "중학교학업성취도":60.6,
            "용적률":179,
            "건폐율":18,
            "Y":36.989072,
            "X":127.827571,
            "rank":68.0,
            "area_info":"25평(82.83), 25평(82.78), 32평(107.12)",
            "last_sales":"1800-01-01,nan,25평(82.83)",
            "rank_history":[
                [
                    "202203",
                    68
                ],
                [
                    "202202",
                    63
                ],
                [
                    "202201",
                    57
                ]
            ],
            "rank_gap":-5
        },
        {
            "index":355,
            "아파트명":"호암리버빌(101~105동)",
            "투자타입":"일반",
            "전용면적(m2)":"108.41",
            "전용면적(평)":"32평",
            "법정동주소":"충청북도 충주시 호암동 221-23",
            "도로명주소":"충청북도 충주시 원호암5길 32",
            "세대수":30,
            "입주년차":20,
            "용적률점수":"--",
            "건폐율점수":"--",
            "세대당주차수":30,
            "난방방식":30,
            "공급면적":"--",
            "전용률":"--",
            "욕실수":100,
            "현관타입":50,
            "주거총점":37.0,
            "지역구공급총점":50.0,
            "역세권":"NA",
            "30분내 이동가능 거점":"NA",
            "1시간내 이동가능 거점":"NA",
            "교통총점":"NA",
            "백화점":0,
            "아울렛몰":0,
            "대형마트":0,
            "은행":0,
            "병원":10,
            "종합병원":100,
            "공원":0,
            "혐오시설":0,
            "인프라총점":21.0,
            "초등학군":90.01,
            "중학군":47.4,
            "학군총점":55.922,
            "인구수":22.01,
            "인구증감":1.54,
            "인구총점":15.869,
            "일자리":14.86,
            "소득수준":58.62,
            "일자리총점":27.988,
            "가치 총점":35.3305,
            "매매실거래년":20220218.0,
            "매매실거래가":22700.0,
            "전세실거래년":20220208.0,
            "전세실거래가":18000.0,
            "전세가율":79.3,
            "장기전세가율평균":75.45,
            "전세가율거품지수":-3.85,
            "검색코드":26354,
            "세대수":379.0,
            "준공년월":"2002-11-28",
            "준공년차":21.0,
            "가까운역이름":"NA",
            "가까운역거리":"NA",
            "역세권여부":"NA",
            "30분이내주요거점역":"NA",
            "30분거점역이름":"NA",
            "1시간이내주요거점역":"NA",
            "1시간거점역이름":"NA",
            "3km이내백화점수":0,
            "5km이내아울렛몰수":0,
            "1km이내대형먀트수":0,
            "500m이내은행수":0,
            "500m이내병원수":2,
            "5km이내대형병원수":2,
            "500m이내공원수":0,
            "3km이내혐오시설수":0,
            "초등학교학업성취도":90.01,
            "중학교학업성취도":78.6,
            "용적률":232,
            "건폐율":19,
            "Y":36.954,
            "X":127.93796,
            "rank":69.0,
            "area_info":"32평(108.41)",
            "last_sales":"2022-02-18,22700.0,32평(108.41)",
            "rank_history":[
                [
                    "202203",
                    69
                ],
                [
                    "202202",
                    64
                ],
                [
                    "202201",
                    59
                ]
            ],
            "rank_gap":-5
        },
        {
            "index":320,
            "아파트명":"예성세경",
            "투자타입":"일반",
            "전용면적(m2)":"43.92",
            "전용면적(평)":"13평",
            "법정동주소":"충청북도 충주시 호암동 542-18",
            "도로명주소":"충청북도 충주시 신촌2길 2",
            "세대수":50,
            "입주년차":0,
            "용적률점수":"--",
            "건폐율점수":"--",
            "세대당주차수":0,
            "난방방식":30,
            "공급면적":"--",
            "전용률":"--",
            "욕실수":50,
            "현관타입":100,
            "주거총점":35.5,
            "지역구공급총점":50.0,
            "역세권":"NA",
            "30분내 이동가능 거점":"NA",
            "1시간내 이동가능 거점":"NA",
            "교통총점":"NA",
            "백화점":0,
            "아울렛몰":0,
            "대형마트":0,
            "은행":0,
            "병원":0,
            "종합병원":100,
            "공원":80,
            "혐오시설":0,
            "인프라총점":22.4,
            "초등학군":90.01,
            "중학군":45.7,
            "학군총점":54.562,
            "인구수":22.01,
            "인구증감":1.54,
            "인구총점":15.869,
            "일자리":14.86,
            "소득수준":58.62,
            "일자리총점":27.988,
            "가치 총점":35.0255,
            "매매실거래년":20220127.0,
            "매매실거래가":4500.0,
            "전세실거래년":20210510.0,
            "전세실거래가":1716.0,
            "전세가율":66.0,
            "장기전세가율평균":75.45,
            "전세가율거품지수":9.45,
            "검색코드":17226,
            "세대수":616.0,
            "준공년월":"1998-07-16",
            "준공년차":25.0,
            "가까운역이름":"NA",
            "가까운역거리":"NA",
            "역세권여부":"NA",
            "30분이내주요거점역":"NA",
            "30분거점역이름":"NA",
            "1시간이내주요거점역":"NA",
            "1시간거점역이름":"NA",
            "3km이내백화점수":0,
            "5km이내아울렛몰수":0,
            "1km이내대형먀트수":0,
            "500m이내은행수":0,
            "500m이내병원수":1,
            "5km이내대형병원수":2,
            "500m이내공원수":1,
            "3km이내혐오시설수":0,
            "초등학교학업성취도":90.01,
            "중학교학업성취도":75.9,
            "용적률":230,
            "건폐율":25,
            "Y":36.95804,
            "X":127.93022,
            "rank":70.0,
            "area_info":"13평(43.92), 20평(67.05)",
            "last_sales":"2022-01-27,4500.0,20평(67.05)",
            "rank_history":[
                [
                    "202203",
                    70
                ],
                [
                    "202202",
                    65
                ],
                [
                    "202201",
                    60
                ]
            ],
            "rank_gap":-5
        },
        {
            "index":123,
            "아파트명":"현대타운",
            "투자타입":"재건축",
            "전용면적(m2)":"43.82",
            "전용면적(평)":"13평",
            "법정동주소":"충청북도 충주시 성서동 161",
            "도로명주소":"충청북도 충주시 성서1길 50",
            "세대수":0,
            "입주년차":"--",
            "용적률점수":0,
            "건폐율점수":0,
            "세대당주차수":"--",
            "난방방식":"--",
            "공급면적":50,
            "전용률":60,
            "욕실수":"--",
            "현관타입":"--",
            "주거총점":5.5,
            "지역구공급총점":50.0,
            "역세권":"NA",
            "30분내 이동가능 거점":"NA",
            "1시간내 이동가능 거점":"NA",
            "교통총점":"NA",
            "백화점":0,
            "아울렛몰":0,
            "대형마트":100,
            "은행":20,
            "병원":80,
            "종합병원":100,
            "공원":100,
            "혐오시설":0,
            "인프라총점":48.0,
            "초등학군":90.03,
            "중학군":46.26,
            "학군총점":55.014,
            "인구수":22.01,
            "인구증감":1.54,
            "인구총점":15.869,
            "일자리":14.86,
            "소득수준":58.62,
            "일자리총점":27.988,
            "가치 총점":34.8785,
            "매매실거래년":20220218.0,
            "매매실거래가":4100.0,
            "전세실거래년":20200920.0,
            "전세실거래가":3500.0,
            "전세가율":85.37,
            "장기전세가율평균":75.45,
            "전세가율거품지수":-9.92,
            "검색코드":7570,
            "세대수":276.0,
            "준공년월":"1989-01-31",
            "준공년차":34.0,
            "가까운역이름":"NA",
            "가까운역거리":"NA",
            "역세권여부":"NA",
            "30분이내주요거점역":"NA",
            "30분거점역이름":"NA",
            "1시간이내주요거점역":"NA",
            "1시간거점역이름":"NA",
            "3km이내백화점수":0,
            "5km이내아울렛몰수":0,
            "1km이내대형먀트수":3,
            "500m이내은행수":2,
            "500m이내병원수":57,
            "5km이내대형병원수":2,
            "500m이내공원수":3,
            "3km이내혐오시설수":0,
            "초등학교학업성취도":90.03,
            "중학교학업성취도":76.9,
            "용적률":0,
            "건폐율":0,
            "Y":36.971468,
            "X":127.931228,
            "rank":71.0,
            "area_info":"13평(43.82), 26평(88.7), 28평(93.33), 31평(105.72), 35평(118.0)",
            "last_sales":"2022-02-18,4100.0,13평(43.82)",
            "rank_history":[
                [
                    "202203",
                    71
                ],
                [
                    "202202",
                    66
                ],
                [
                    "202201",
                    65
                ]
            ],
            "rank_gap":-5
        },
        {
            "index":350,
            "아파트명":"호암동수채",
            "투자타입":"일반",
            "전용면적(m2)":"115.25",
            "전용면적(평)":"34평",
            "법정동주소":"충청북도 충주시 호암동 905",
            "도로명주소":"충청북도 충주시 호암중앙1로 47",
            "세대수":0,
            "입주년차":40,
            "용적률점수":"--",
            "건폐율점수":"--",
            "세대당주차수":30,
            "난방방식":30,
            "공급면적":"--",
            "전용률":"--",
            "욕실수":100,
            "현관타입":100,
            "주거총점":35.5,
            "지역구공급총점":50.0,
            "역세권":"NA",
            "30분내 이동가능 거점":"NA",
            "1시간내 이동가능 거점":"NA",
            "교통총점":"NA",
            "백화점":0,
            "아울렛몰":0,
            "대형마트":0,
            "은행":0,
            "병원":10,
            "종합병원":100,
            "공원":0,
            "혐오시설":0,
            "인프라총점":21.0,
            "초등학군":90.03,
            "중학군":47.4,
            "학군총점":55.926,
            "인구수":22.01,
            "인구증감":1.54,
            "인구총점":15.869,
            "일자리":14.86,
            "소득수준":58.62,
            "일자리총점":27.988,
            "가치 총점":34.8065,
            "매매실거래년":20220207.0,
            "매매실거래가":24500.0,
            "전세실거래년":20220118.0,
            "전세실거래가":12600.0,
            "전세가율":51.43,
            "장기전세가율평균":75.45,
            "전세가율거품지수":24.02,
            "검색코드":100987,
            "세대수":222.0,
            "준공년월":"2007-09-05",
            "준공년차":16.0,
            "가까운역이름":"NA",
            "가까운역거리":"NA",
            "역세권여부":"NA",
            "30분이내주요거점역":"NA",
            "30분거점역이름":"NA",
            "1시간이내주요거점역":"NA",
            "1시간거점역이름":"NA",
            "3km이내백화점수":0,
            "5km이내아울렛몰수":0,
            "1km이내대형먀트수":0,
            "500m이내은행수":0,
            "500m이내병원수":3,
            "5km이내대형병원수":2,
            "500m이내공원수":0,
            "3km이내혐오시설수":0,
            "초등학교학업성취도":90.03,
            "중학교학업성취도":78.6,
            "용적률":211,
            "건폐율":28,
            "Y":36.956791,
            "X":127.93781,
            "rank":72.0,
            "area_info":"34평(115.25), 36평(120.48), 48평(161.48), 51평(170.92), 54평(179.34)",
            "last_sales":"2022-02-07,24500.0,34평(115.25)",
            "rank_history":[
                [
                    "202203",
                    72
                ],
                [
                    "202202",
                    67
                ],
                [
                    "202201",
                    63
                ]
            ],
            "rank_gap":-5
        },
        {
            "index":142,
            "아파트명":"대림퍼스트앤빌",
            "투자타입":"일반",
            "전용면적(m2)":"92.31",
            "전용면적(평)":"27평",
            "법정동주소":"충청북도 충주시 앙성면 용대리 668",
            "도로명주소":"충청북도 충주시 내용2길 16",
            "세대수":0,
            "입주년차":100,
            "용적률점수":"--",
            "건폐율점수":"--",
            "세대당주차수":30,
            "난방방식":30,
            "공급면적":"--",
            "전용률":"--",
            "욕실수":100,
            "현관타입":100,
            "주거총점":47.5,
            "지역구공급총점":50.0,
            "역세권":"NA",
            "30분내 이동가능 거점":"NA",
            "1시간내 이동가능 거점":"NA",
            "교통총점":"NA",
            "백화점":0,
            "아울렛몰":0,
            "대형마트":80,
            "은행":0,
            "병원":10,
            "종합병원":0,
            "공원":0,
            "혐오시설":0,
            "인프라총점":13.0,
            "초등학군":90.02,
            "중학군":42.24,
            "학군총점":51.796,
            "인구수":22.01,
            "인구증감":1.54,
            "인구총점":15.869,
            "일자리":14.86,
            "소득수준":58.62,
            "일자리총점":27.988,
            "가치 총점":34.774,
            "매매실거래년":20211014.0,
            "매매실거래가":18500.0,
            "전세실거래년":null,
            "전세실거래가":null,
            "전세가율":null,
            "장기전세가율평균":75.45,
            "전세가율거품지수":null,
            "검색코드":140007,
            "세대수":96.0,
            "준공년월":"2021-01-20",
            "준공년차":2.0,
            "가까운역이름":"NA",
            "가까운역거리":"NA",
            "역세권여부":"NA",
            "30분이내주요거점역":"NA",
            "30분거점역이름":"NA",
            "1시간이내주요거점역":"NA",
            "1시간거점역이름":"NA",
            "3km이내백화점수":0,
            "5km이내아울렛몰수":0,
            "1km이내대형먀트수":1,
            "500m이내은행수":0,
            "500m이내병원수":2,
            "5km이내대형병원수":0,
            "500m이내공원수":0,
            "3km이내혐오시설수":0,
            "초등학교학업성취도":90.02,
            "중학교학업성취도":70.4,
            "용적률":179,
            "건폐율":19,
            "Y":37.105973,
            "X":127.754568,
            "rank":73.0,
            "area_info":"27평(92.31)",
            "last_sales":"2021-10-14,18500.0,27평(92.31)",
            "rank_history":[
                [
                    "202203",
                    73
                ],
                [
                    "202202",
                    9999
                ]
            ],
            "rank_gap":9999
        },
        {
            "index":133,
            "아파트명":"안림한영",
            "투자타입":"일반",
            "전용면적(m2)":"40.26",
            "전용면적(평)":"12평",
            "법정동주소":"충청북도 충주시 안림동 1081",
            "도로명주소":"충청북도 충주시 만리산10길 25",
            "세대수":0,
            "입주년차":0,
            "용적률점수":"--",
            "건폐율점수":"--",
            "세대당주차수":0,
            "난방방식":30,
            "공급면적":"--",
            "전용률":"--",
            "욕실수":50,
            "현관타입":100,
            "주거총점":18.0,
            "지역구공급총점":50.0,
            "역세권":"NA",
            "30분내 이동가능 거점":"NA",
            "1시간내 이동가능 거점":"NA",
            "교통총점":"NA",
            "백화점":0,
            "아울렛몰":0,
            "대형마트":80,
            "은행":0,
            "병원":10,
            "종합병원":100,
            "공원":0,
            "혐오시설":0,
            "인프라총점":33.0,
            "초등학군":90.0,
            "중학군":53.86,
            "학군총점":61.088,
            "인구수":22.01,
            "인구증감":1.54,
            "인구총점":15.869,
            "일자리":14.86,
            "소득수준":58.62,
            "일자리총점":27.988,
            "가치 총점":34.772,
            "매매실거래년":20211220.0,
            "매매실거래가":3500.0,
            "전세실거래년":20220210.0,
            "전세실거래가":2500.0,
            "전세가율":71.43,
            "장기전세가율평균":75.45,
            "전세가율거품지수":4.02,
            "검색코드":104553,
            "세대수":119.0,
            "준공년월":"1997-12-27",
            "준공년차":26.0,
            "가까운역이름":"NA",
            "가까운역거리":"NA",
            "역세권여부":"NA",
            "30분이내주요거점역":"NA",
            "30분거점역이름":"NA",
            "1시간이내주요거점역":"NA",
            "1시간거점역이름":"NA",
            "3km이내백화점수":0,
            "5km이내아울렛몰수":0,
            "1km이내대형먀트수":1,
            "500m이내은행수":0,
            "500m이내병원수":3,
            "5km이내대형병원수":2,
            "500m이내공원수":0,
            "3km이내혐오시설수":0,
            "초등학교학업성취도":90.0,
            "중학교학업성취도":88.7,
            "용적률":86,
            "건폐율":17,
            "Y":36.971241,
            "X":127.946121,
            "rank":74.0,
            "area_info":"12평(40.26)",
            "last_sales":"2021-12-20,3500.0,12평(40.26)",
            "rank_history":[
                [
                    "202203",
                    74
                ],
                [
                    "202202",
                    68
                ],
                [
                    "202201",
                    77
                ]
            ],
            "rank_gap":-6
        },
        {
            "index":153,
            "아파트명":"부강",
            "투자타입":"일반",
            "전용면적(m2)":"56.24",
            "전용면적(평)":"17평",
            "법정동주소":"충청북도 충주시 연수동 700-8",
            "도로명주소":"충청북도 충주시 후곡길 19",
            "세대수":50,
            "입주년차":0,
            "용적률점수":"--",
            "건폐율점수":"--",
            "세대당주차수":0,
            "난방방식":30,
            "공급면적":"--",
            "전용률":"--",
            "욕실수":50,
            "현관타입":100,
            "주거총점":35.5,
            "지역구공급총점":50.0,
            "역세권":"NA",
            "30분내 이동가능 거점":"NA",
            "1시간내 이동가능 거점":"NA",
            "교통총점":"NA",
            "백화점":0,
            "아울렛몰":0,
            "대형마트":0,
            "은행":0,
            "병원":10,
            "종합병원":100,
            "공원":0,
            "혐오시설":0,
            "인프라총점":21.0,
            "초등학군":90.01,
            "중학군":44.04,
            "학군총점":53.234,
            "인구수":22.01,
            "인구증감":1.54,
            "인구총점":15.869,
            "일자리":14.86,
            "소득수준":58.62,
            "일자리총점":27.988,
            "가치 총점":34.1335,
            "매매실거래년":20220221.0,
            "매매실거래가":7300.0,
            "전세실거래년":20211125.0,
            "전세실거래가":4200.0,
            "전세가율":70.0,
            "장기전세가율평균":75.45,
            "전세가율거품지수":5.45,
            "검색코드":25722,
            "세대수":495.0,
            "준공년월":"1995-08-25",
            "준공년차":28.0,
            "가까운역이름":"NA",
            "가까운역거리":"NA",
            "역세권여부":"NA",
            "30분이내주요거점역":"NA",
            "30분거점역이름":"NA",
            "1시간이내주요거점역":"NA",
            "1시간거점역이름":"NA",
            "3km이내백화점수":0,
            "5km이내아울렛몰수":0,
            "1km이내대형먀트수":0,
            "500m이내은행수":0,
            "500m이내병원수":3,
            "5km이내대형병원수":2,
            "500m이내공원수":0,
            "3km이내혐오시설수":0,
            "초등학교학업성취도":90.01,
            "중학교학업성취도":73.4,
            "용적률":279,
            "건폐율":26,
            "Y":36.993131,
            "X":127.930759,
            "rank":75.0,
            "area_info":"17평(56.24), 18평(61.29), 23평(78.99)",
            "last_sales":"2022-02-21,7300.0,23평(78.99)",
            "rank_history":[
                [
                    "202203",
                    75
                ],
                [
                    "202202",
                    69
                ],
                [
                    "202201",
                    66
                ]
            ],
            "rank_gap":-6
        },
        {
            "index":77,
            "아파트명":"충주코아루퍼스트",
            "투자타입":"일반",
            "전용면적(m2)":"80.16",
            "전용면적(평)":"24평",
            "법정동주소":"충청북도 충주시 대소원면 본리 645",
            "도로명주소":"충청북도 충주시 첨단산업4로 24",
            "세대수":50,
            "입주년차":80,
            "용적률점수":"--",
            "건폐율점수":"--",
            "세대당주차수":30,
            "난방방식":30,
            "공급면적":"--",
            "전용률":"--",
            "욕실수":100,
            "현관타입":100,
            "주거총점":61.0,
            "지역구공급총점":50.0,
            "역세권":"NA",
            "30분내 이동가능 거점":"NA",
            "1시간내 이동가능 거점":"NA",
            "교통총점":"NA",
            "백화점":0,
            "아울렛몰":0,
            "대형마트":0,
            "은행":0,
            "병원":0,
            "종합병원":0,
            "공원":80,
            "혐오시설":0,
            "인프라총점":2.4,
            "초등학군":90.03,
            "중학군":36.36,
            "학군총점":47.094,
            "인구수":22.01,
            "인구증감":1.54,
            "인구총점":15.869,
            "일자리":14.86,
            "소득수준":58.62,
            "일자리총점":27.988,
            "가치 총점":34.0835,
            "매매실거래년":20220226.0,
            "매매실거래가":17500.0,
            "전세실거래년":20220224.0,
            "전세실거래가":15000.0,
            "전세가율":90.91,
            "장기전세가율평균":75.45,
            "전세가율거품지수":-15.46,
            "검색코드":109625,
            "세대수":603.0,
            "준공년월":"2016-12-15",
            "준공년차":7.0,
            "가까운역이름":"NA",
            "가까운역거리":"NA",
            "역세권여부":"NA",
            "30분이내주요거점역":"NA",
            "30분거점역이름":"NA",
            "1시간이내주요거점역":"NA",
            "1시간거점역이름":"NA",
            "3km이내백화점수":0,
            "5km이내아울렛몰수":0,
            "1km이내대형먀트수":0,
            "500m이내은행수":0,
            "500m이내병원수":1,
            "5km이내대형병원수":0,
            "500m이내공원수":1,
            "3km이내혐오시설수":0,
            "초등학교학업성취도":90.03,
            "중학교학업성취도":60.6,
            "용적률":179,
            "건폐율":18,
            "Y":36.986918,
            "X":127.829625,
            "rank":76.0,
            "area_info":"24평(80.16), 24평(80.07), 24평(81.02)",
            "last_sales":"2022-02-26,17500.0,24평(81.02)",
            "rank_history":[
                [
                    "202203",
                    76
                ],
                [
                    "202202",
                    70
                ],
                [
                    "202201",
                    64
                ]
            ],
            "rank_gap":-6
        },
        {
            "index":74,
            "아파트명":"충주지웰",
            "투자타입":"일반",
            "전용면적(m2)":"79.76",
            "전용면적(평)":"24평",
            "법정동주소":"충청북도 충주시 대소원면 본리 642",
            "도로명주소":"충청북도 충주시 첨단산업2로 42",
            "세대수":50,
            "입주년차":80,
            "용적률점수":"--",
            "건폐율점수":"--",
            "세대당주차수":30,
            "난방방식":30,
            "공급면적":"--",
            "전용률":"--",
            "욕실수":100,
            "현관타입":100,
            "주거총점":61.0,
            "지역구공급총점":50.0,
            "역세권":"NA",
            "30분내 이동가능 거점":"NA",
            "1시간내 이동가능 거점":"NA",
            "교통총점":"NA",
            "백화점":0,
            "아울렛몰":0,
            "대형마트":0,
            "은행":0,
            "병원":0,
            "종합병원":0,
            "공원":80,
            "혐오시설":0,
            "인프라총점":2.4,
            "초등학군":90.03,
            "중학군":36.36,
            "학군총점":47.094,
            "인구수":22.01,
            "인구증감":1.54,
            "인구총점":15.869,
            "일자리":14.86,
            "소득수준":58.62,
            "일자리총점":27.988,
            "가치 총점":34.0835,
            "매매실거래년":20220226.0,
            "매매실거래가":17500.0,
            "전세실거래년":20220222.0,
            "전세실거래가":15500.0,
            "전세가율":88.57,
            "장기전세가율평균":75.45,
            "전세가율거품지수":-13.12,
            "검색코드":108384,
            "세대수":602.0,
            "준공년월":"2016-02-16",
            "준공년차":7.0,
            "가까운역이름":"NA",
            "가까운역거리":"NA",
            "역세권여부":"NA",
            "30분이내주요거점역":"NA",
            "30분거점역이름":"NA",
            "1시간이내주요거점역":"NA",
            "1시간거점역이름":"NA",
            "3km이내백화점수":0,
            "5km이내아울렛몰수":0,
            "1km이내대형먀트수":0,
            "500m이내은행수":0,
            "500m이내병원수":1,
            "5km이내대형병원수":0,
            "500m이내공원수":1,
            "3km이내혐오시설수":0,
            "초등학교학업성취도":90.03,
            "중학교학업성취도":60.6,
            "용적률":179,
            "건폐율":20,
            "Y":36.987649,
            "X":127.830286,
            "rank":76.0,
            "area_info":"24평(79.76), 24평(80.4), 24평(81.05)",
            "last_sales":"2022-02-26,17500.0,24평(79.76)",
            "rank_history":[
                [
                    "202203",
                    76
                ],
                [
                    "202202",
                    70
                ],
                [
                    "202201",
                    64
                ]
            ],
            "rank_gap":-6
        },
        {
            "index":17,
            "아파트명":"남산1단지",
            "투자타입":"재건축",
            "전용면적(m2)":"43.92",
            "전용면적(평)":"13평",
            "법정동주소":"충청북도 충주시 교현동 1083",
            "도로명주소":"충청북도 충주시 남산4길 28",
            "세대수":30,
            "입주년차":"--",
            "용적률점수":0,
            "건폐율점수":0,
            "세대당주차수":"--",
            "난방방식":"--",
            "공급면적":50,
            "전용률":80,
            "욕실수":"--",
            "현관타입":"--",
            "주거총점":15.5,
            "지역구공급총점":50.0,
            "역세권":"NA",
            "30분내 이동가능 거점":"NA",
            "1시간내 이동가능 거점":"NA",
            "교통총점":"NA",
            "백화점":0,
            "아울렛몰":0,
            "대형마트":80,
            "은행":0,
            "병원":10,
            "종합병원":100,
            "공원":100,
            "혐오시설":0,
            "인프라총점":36.0,
            "초등학군":90.01,
            "중학군":47.4,
            "학군총점":55.922,
            "인구수":22.01,
            "인구증감":1.54,
            "인구총점":15.869,
            "일자리":14.86,
            "소득수준":58.62,
            "일자리총점":27.988,
            "가치 총점":33.8055,
            "매매실거래년":20220115.0,
            "매매실거래가":11300.0,
            "전세실거래년":20220127.0,
            "전세실거래가":5000.0,
            "전세가율":44.25,
            "장기전세가율평균":75.45,
            "전세가율거품지수":31.2,
            "검색코드":7546,
            "세대수":390.0,
            "준공년월":"1986-04-24",
            "준공년차":37.0,
            "가까운역이름":"NA",
            "가까운역거리":"NA",
            "역세권여부":"NA",
            "30분이내주요거점역":"NA",
            "30분거점역이름":"NA",
            "1시간이내주요거점역":"NA",
            "1시간거점역이름":"NA",
            "3km이내백화점수":0,
            "5km이내아울렛몰수":0,
            "1km이내대형먀트수":1,
            "500m이내은행수":0,
            "500m이내병원수":4,
            "5km이내대형병원수":2,
            "500m이내공원수":3,
            "3km이내혐오시설수":0,
            "초등학교학업성취도":90.01,
            "중학교학업성취도":78.6,
            "용적률":0,
            "건폐율":0,
            "Y":36.964275,
            "X":127.945631,
            "rank":77.0,
            "area_info":"13평(43.92), 15평(52.65)",
            "last_sales":"2022-01-15,11300.0,13평(43.92)",
            "rank_history":[
                [
                    "202203",
                    77
                ],
                [
                    "202202",
                    71
                ],
                [
                    "202201",
                    80
                ]
            ],
            "rank_gap":-6
        },
        {
            "index":19,
            "아파트명":"남산2단지",
            "투자타입":"재건축",
            "전용면적(m2)":"52.73",
            "전용면적(평)":"15평",
            "법정동주소":"충청북도 충주시 교현동 1061",
            "도로명주소":"충청북도 충주시 남산4길 35",
            "세대수":0,
            "입주년차":"--",
            "용적률점수":0,
            "건폐율점수":0,
            "세대당주차수":"--",
            "난방방식":"--",
            "공급면적":50,
            "전용률":100,
            "욕실수":"--",
            "현관타입":"--",
            "주거총점":7.5,
            "지역구공급총점":50.0,
            "역세권":"NA",
            "30분내 이동가능 거점":"NA",
            "1시간내 이동가능 거점":"NA",
            "교통총점":"NA",
            "백화점":0,
            "아울렛몰":0,
            "대형마트":80,
            "은행":0,
            "병원":30,
            "종합병원":100,
            "공원":100,
            "혐오시설":0,
            "인프라총점":38.0,
            "초등학군":90.0,
            "중학군":53.86,
            "학군총점":61.088,
            "인구수":22.01,
            "인구증감":1.54,
            "인구총점":15.869,
            "일자리":14.86,
            "소득수준":58.62,
            "일자리총점":27.988,
            "가치 총점":33.097,
            "매매실거래년":20220209.0,
            "매매실거래가":19000.0,
            "전세실거래년":20220107.0,
            "전세실거래가":4000.0,
            "전세가율":21.86,
            "장기전세가율평균":75.45,
            "전세가율거품지수":53.59,
            "검색코드":17305,
            "세대수":160.0,
            "준공년월":"1986-06-01",
            "준공년차":37.0,
            "가까운역이름":"NA",
            "가까운역거리":"NA",
            "역세권여부":"NA",
            "30분이내주요거점역":"NA",
            "30분거점역이름":"NA",
            "1시간이내주요거점역":"NA",
            "1시간거점역이름":"NA",
            "3km이내백화점수":0,
            "5km이내아울렛몰수":0,
            "1km이내대형먀트수":1,
            "500m이내은행수":0,
            "500m이내병원수":8,
            "5km이내대형병원수":2,
            "500m이내공원수":3,
            "3km이내혐오시설수":0,
            "초등학교학업성취도":90.0,
            "중학교학업성취도":88.7,
            "용적률":0,
            "건폐율":0,
            "Y":36.965428,
            "X":127.944148,
            "rank":78.0,
            "area_info":"15평(52.73), 17평(59.36), 17평(59.49)",
            "last_sales":"2022-02-09,19000.0,17평(59.49)",
            "rank_history":[
                [
                    "202203",
                    78
                ],
                [
                    "202202",
                    72
                ],
                [
                    "202201",
                    82
                ]
            ],
            "rank_gap":-6
        },
        {
            "index":0,
            "아파트명":"건일상가",
            "투자타입":"재건축",
            "전용면적(m2)":"76.48",
            "전용면적(평)":"23평",
            "법정동주소":"충청북도 충주시 교현동 1031",
            "도로명주소":"충청북도 충주시 남산9길 15",
            "세대수":0,
            "입주년차":"--",
            "용적률점수":0,
            "건폐율점수":0,
            "세대당주차수":"--",
            "난방방식":"--",
            "공급면적":50,
            "전용률":80,
            "욕실수":"--",
            "현관타입":"--",
            "주거총점":6.5,
            "지역구공급총점":50.0,
            "역세권":"NA",
            "30분내 이동가능 거점":"NA",
            "1시간내 이동가능 거점":"NA",
            "교통총점":"NA",
            "백화점":0,
            "아울렛몰":0,
            "대형마트":80,
            "은행":0,
            "병원":30,
            "종합병원":100,
            "공원":100,
            "혐오시설":0,
            "인프라총점":38.0,
            "초등학군":90.0,
            "중학군":53.86,
            "학군총점":61.088,
            "인구수":22.01,
            "인구증감":1.54,
            "인구총점":15.869,
            "일자리":14.86,
            "소득수준":58.62,
            "일자리총점":27.988,
            "가치 총점":32.747,
            "매매실거래년":20201210.0,
            "매매실거래가":4800.0,
            "전세실거래년":null,
            "전세실거래가":null,
            "전세가율":null,
            "장기전세가율평균":75.45,
            "전세가율거품지수":null,
            "검색코드":7519,
            "세대수":88.0,
            "준공년월":"1989-09-11",
            "준공년차":34.0,
            "가까운역이름":"NA",
            "가까운역거리":"NA",
            "역세권여부":"NA",
            "30분이내주요거점역":"NA",
            "30분거점역이름":"NA",
            "1시간이내주요거점역":"NA",
            "1시간거점역이름":"NA",
            "3km이내백화점수":0,
            "5km이내아울렛몰수":0,
            "1km이내대형먀트수":1,
            "500m이내은행수":0,
            "500m이내병원수":5,
            "5km이내대형병원수":2,
            "500m이내공원수":3,
            "3km이내혐오시설수":0,
            "초등학교학업성취도":90.0,
            "중학교학업성취도":88.7,
            "용적률":0,
            "건폐율":0,
            "Y":36.966131,
            "X":127.944687,
            "rank":79.0,
            "area_info":"23평(76.48), 23평(79.3), 26평(89.18), 29평(96.62)",
            "last_sales":"2020-12-10,4800.0,29평(96.62)",
            "rank_history":[
                [
                    "202203",
                    79
                ],
                [
                    "202202",
                    9999
                ]
            ],
            "rank_gap":9999
        },
        {
            "index":88,
            "아파트명":"새한",
            "투자타입":"일반",
            "전용면적(m2)":"77.2",
            "전용면적(평)":"23평",
            "법정동주소":"충청북도 충주시 목행동 508-35",
            "도로명주소":"충청북도 충주시 목행산단3로 13-9",
            "세대수":50,
            "입주년차":0,
            "용적률점수":"--",
            "건폐율점수":"--",
            "세대당주차수":0,
            "난방방식":30,
            "공급면적":"--",
            "전용률":"--",
            "욕실수":50,
            "현관타입":100,
            "주거총점":35.5,
            "지역구공급총점":50.0,
            "역세권":"NA",
            "30분내 이동가능 거점":"NA",
            "1시간내 이동가능 거점":"NA",
            "교통총점":"NA",
            "백화점":0,
            "아울렛몰":0,
            "대형마트":0,
            "은행":0,
            "병원":0,
            "종합병원":80,
            "공원":0,
            "혐오시설":0,
            "인프라총점":16.0,
            "초등학군":90.0,
            "중학군":46.98,
            "학군총점":55.584,
            "인구수":22.01,
            "인구증감":1.54,
            "인구총점":15.869,
            "일자리":14.86,
            "소득수준":58.62,
            "일자리총점":27.988,
            "가치 총점":32.721,
            "매매실거래년":20220223.0,
            "매매실거래가":8400.0,
            "전세실거래년":20210907.0,
            "전세실거래가":5500.0,
            "전세가율":65.48,
            "장기전세가율평균":75.45,
            "전세가율거품지수":9.97,
            "검색코드":7562,
            "세대수":444.0,
            "준공년월":"1995-11-23",
            "준공년차":28.0,
            "가까운역이름":"NA",
            "가까운역거리":"NA",
            "역세권여부":"NA",
            "30분이내주요거점역":"NA",
            "30분거점역이름":"NA",
            "1시간이내주요거점역":"NA",
            "1시간거점역이름":"NA",
            "3km이내백화점수":0,
            "5km이내아울렛몰수":0,
            "1km이내대형먀트수":0,
            "500m이내은행수":0,
            "500m이내병원수":0,
            "5km이내대형병원수":1,
            "500m이내공원수":0,
            "3km이내혐오시설수":0,
            "초등학교학업성취도":90.0,
            "중학교학업성취도":78.3,
            "용적률":200,
            "건폐율":19,
            "Y":37.004378,
            "X":127.917603,
            "rank":80.0,
            "area_info":"23평(77.2), 31평(104.14)",
            "last_sales":"2022-02-23,8400.0,23평(77.2)",
            "rank_history":[
                [
                    "202203",
                    80
                ],
                [
                    "202202",
                    73
                ],
                [
                    "202201",
                    68
                ]
            ],
            "rank_gap":-7
        },
        {
            "index":146,
            "아파트명":"두진1차",
            "투자타입":"재건축",
            "전용면적(m2)":"51.6",
            "전용면적(평)":"15평",
            "법정동주소":"충청북도 충주시 연수동 700",
            "도로명주소":"충청북도 충주시 연수로 7",
            "세대수":50,
            "입주년차":"--",
            "용적률점수":0,
            "건폐율점수":0,
            "세대당주차수":"--",
            "난방방식":"--",
            "공급면적":50,
            "전용률":60,
            "욕실수":"--",
            "현관타입":"--",
            "주거총점":20.5,
            "지역구공급총점":50.0,
            "역세권":"NA",
            "30분내 이동가능 거점":"NA",
            "1시간내 이동가능 거점":"NA",
            "교통총점":"NA",
            "백화점":0,
            "아울렛몰":0,
            "대형마트":0,
            "은행":20,
            "병원":60,
            "종합병원":100,
            "공원":80,
            "혐오시설":0,
            "인프라총점":30.4,
            "초등학군":90.01,
            "중학군":44.04,
            "학군총점":53.234,
            "인구수":22.01,
            "인구증감":1.54,
            "인구총점":15.869,
            "일자리":14.86,
            "소득수준":58.62,
            "일자리총점":27.988,
            "가치 총점":32.6435,
            "매매실거래년":20220219.0,
            "매매실거래가":6200.0,
            "전세실거래년":20220210.0,
            "전세실거래가":4000.0,
            "전세가율":64.52,
            "장기전세가율평균":75.45,
            "전세가율거품지수":10.93,
            "검색코드":15489,
            "세대수":498.0,
            "준공년월":"1991-12-27",
            "준공년차":32.0,
            "가까운역이름":"NA",
            "가까운역거리":"NA",
            "역세권여부":"NA",
            "30분이내주요거점역":"NA",
            "30분거점역이름":"NA",
            "1시간이내주요거점역":"NA",
            "1시간거점역이름":"NA",
            "3km이내백화점수":0,
            "5km이내아울렛몰수":0,
            "1km이내대형먀트수":0,
            "500m이내은행수":2,
            "500m이내병원수":14,
            "5km이내대형병원수":2,
            "500m이내공원수":1,
            "3km이내혐오시설수":0,
            "초등학교학업성취도":90.01,
            "중학교학업성취도":73.4,
            "용적률":0,
            "건폐율":0,
            "Y":36.99165,
            "X":127.93035,
            "rank":81.0,
            "area_info":"15평(51.6), 18평(61.4)",
            "last_sales":"2022-02-19,6200.0,15평(51.6)",
            "rank_history":[
                [
                    "202203",
                    81
                ],
                [
                    "202202",
                    74
                ],
                [
                    "202201",
                    69
                ]
            ],
            "rank_gap":-7
        },
        {
            "index":221,
            "아파트명":"한양",
            "투자타입":"재건축",
            "전용면적(m2)":"55.1",
            "전용면적(평)":"16평",
            "법정동주소":"충청북도 충주시 연수동 503-21",
            "도로명주소":"충청북도 충주시 동수10길 31",
            "세대수":0,
            "입주년차":"--",
            "용적률점수":0,
            "건폐율점수":0,
            "세대당주차수":"--",
            "난방방식":"--",
            "공급면적":50,
            "전용률":40,
            "욕실수":"--",
            "현관타입":"--",
            "주거총점":4.5,
            "지역구공급총점":50.0,
            "역세권":"NA",
            "30분내 이동가능 거점":"NA",
            "1시간내 이동가능 거점":"NA",
            "교통총점":"NA",
            "백화점":0,
            "아울렛몰":0,
            "대형마트":100,
            "은행":0,
            "병원":60,
            "종합병원":100,
            "공원":100,
            "혐오시설":0,
            "인프라총점":44.0,
            "초등학군":90.01,
            "중학군":44.04,
            "학군총점":53.234,
            "인구수":22.01,
            "인구증감":1.54,
            "인구총점":15.869,
            "일자리":14.86,
            "소득수준":58.62,
            "일자리총점":27.988,
            "가치 총점":32.4835,
            "매매실거래년":20210604.0,
            "매매실거래가":4250.0,
            "전세실거래년":20201109.0,
            "전세실거래가":2000.0,
            "전세가율":50.0,
            "장기전세가율평균":75.45,
            "전세가율거품지수":25.45,
            "검색코드":104611,
            "세대수":85.0,
            "준공년월":"1991-06-22",
            "준공년차":32.0,
            "가까운역이름":"NA",
            "가까운역거리":"NA",
            "역세권여부":"NA",
            "30분이내주요거점역":"NA",
            "30분거점역이름":"NA",
            "1시간이내주요거점역":"NA",
            "1시간거점역이름":"NA",
            "3km이내백화점수":0,
            "5km이내아울렛몰수":0,
            "1km이내대형먀트수":2,
            "500m이내은행수":1,
            "500m이내병원수":24,
            "5km이내대형병원수":2,
            "500m이내공원수":6,
            "3km이내혐오시설수":0,
            "초등학교학업성취도":90.01,
            "중학교학업성취도":73.4,
            "용적률":0,
            "건폐율":0,
            "Y":36.985303,
            "X":127.935664,
            "rank":82.0,
            "area_info":"16평(55.1), 17평(56.42), 18평(61.67), 19평(64.91), 21평(72.44), 23평(78.78), 24평(80.01)",
            "last_sales":"2021-06-04,4250.0,23평(78.78)",
            "rank_history":[
                [
                    "202203",
                    82
                ],
                [
                    "202202",
                    9999
                ]
            ],
            "rank_gap":9999
        },
        {
            "index":152,
            "아파트명":"두진3차",
            "투자타입":"일반",
            "전용면적(m2)":"67.75",
            "전용면적(평)":"20평",
            "법정동주소":"충청북도 충주시 연수동 700-4",
            "도로명주소":"충청북도 충주시 연수로 20",
            "세대수":0,
            "입주년차":0,
            "용적률점수":"--",
            "건폐율점수":"--",
            "세대당주차수":0,
            "난방방식":30,
            "공급면적":"--",
            "전용률":"--",
            "욕실수":50,
            "현관타입":100,
            "주거총점":18.0,
            "지역구공급총점":50.0,
            "역세권":"NA",
            "30분내 이동가능 거점":"NA",
            "1시간내 이동가능 거점":"NA",
            "교통총점":"NA",
            "백화점":0,
            "아울렛몰":0,
            "대형마트":0,
            "은행":20,
            "병원":60,
            "종합병원":100,
            "공원":80,
            "혐오시설":0,
            "인프라총점":30.4,
            "초등학군":90.01,
            "중학군":44.04,
            "학군총점":53.234,
            "인구수":22.01,
            "인구증감":1.54,
            "인구총점":15.869,
            "일자리":14.86,
            "소득수준":58.62,
            "일자리총점":27.988,
            "가치 총점":31.7685,
            "매매실거래년":20220222.0,
            "매매실거래가":7200.0,
            "전세실거래년":20211231.0,
            "전세실거래가":7000.0,
            "전세가율":97.22,
            "장기전세가율평균":75.45,
            "전세가율거품지수":-21.77,
            "검색코드":25721,
            "세대수":298.0,
            "준공년월":"1996-03-27",
            "준공년차":27.0,
            "가까운역이름":"NA",
            "가까운역거리":"NA",
            "역세권여부":"NA",
            "30분이내주요거점역":"NA",
            "30분거점역이름":"NA",
            "1시간이내주요거점역":"NA",
            "1시간거점역이름":"NA",
            "3km이내백화점수":0,
            "5km이내아울렛몰수":0,
            "1km이내대형먀트수":0,
            "500m이내은행수":2,
            "500m이내병원수":16,
            "5km이내대형병원수":2,
            "500m이내공원수":1,
            "3km이내혐오시설수":0,
            "초등학교학업성취도":90.01,
            "중학교학업성취도":73.4,
            "용적률":221,
            "건폐율":25,
            "Y":36.991113,
            "X":127.930547,
            "rank":83.0,
            "area_info":"20평(67.75)",
            "last_sales":"2022-02-22,7200.0,20평(67.75)",
            "rank_history":[
                [
                    "202203",
                    83
                ],
                [
                    "202202",
                    75
                ],
                [
                    "202201",
                    70
                ]
            ],
            "rank_gap":-8
        },
        {
            "index":90,
            "아파트명":"세중참사랑",
            "투자타입":"일반",
            "전용면적(m2)":"103.1",
            "전용면적(평)":"31평",
            "법정동주소":"충청북도 충주시 목행동 508-39",
            "도로명주소":"충청북도 충주시 목행산단6로 71",
            "세대수":0,
            "입주년차":20,
            "용적률점수":"--",
            "건폐율점수":"--",
            "세대당주차수":30,
            "난방방식":30,
            "공급면적":"--",
            "전용률":"--",
            "욕실수":100,
            "현관타입":100,
            "주거총점":31.5,
            "지역구공급총점":50.0,
            "역세권":"NA",
            "30분내 이동가능 거점":"NA",
            "1시간내 이동가능 거점":"NA",
            "교통총점":"NA",
            "백화점":0,
            "아울렛몰":0,
            "대형마트":0,
            "은행":0,
            "병원":0,
            "종합병원":80,
            "공원":0,
            "혐오시설":0,
            "인프라총점":16.0,
            "초등학군":90.0,
            "중학군":46.98,
            "학군총점":55.584,
            "인구수":22.01,
            "인구증감":1.54,
            "인구총점":15.869,
            "일자리":14.86,
            "소득수준":58.62,
            "일자리총점":27.988,
            "가치 총점":31.321,
            "매매실거래년":20220215.0,
            "매매실거래가":16200.0,
            "전세실거래년":20210802.0,
            "전세실거래가":12000.0,
            "전세가율":74.07,
            "장기전세가율평균":75.45,
            "전세가율거품지수":1.38,
            "검색코드":24046,
            "세대수":293.0,
            "준공년월":"2003-06-30",
            "준공년차":20.0,
            "가까운역이름":"NA",
            "가까운역거리":"NA",
            "역세권여부":"NA",
            "30분이내주요거점역":"NA",
            "30분거점역이름":"NA",
            "1시간이내주요거점역":"NA",
            "1시간거점역이름":"NA",
            "3km이내백화점수":0,
            "5km이내아울렛몰수":0,
            "1km이내대형먀트수":0,
            "500m이내은행수":0,
            "500m이내병원수":0,
            "5km이내대형병원수":1,
            "500m이내공원수":0,
            "3km이내혐오시설수":0,
            "초등학교학업성취도":90.0,
            "중학교학업성취도":78.3,
            "용적률":194,
            "건폐율":18,
            "Y":37.004136,
            "X":127.918648,
            "rank":84.0,
            "area_info":"31평(103.1)",
            "last_sales":"2022-02-15,16200.0,31평(103.1)",
            "rank_history":[
                [
                    "202203",
                    84
                ],
                [
                    "202202",
                    76
                ],
                [
                    "202201",
                    71
                ]
            ],
            "rank_gap":-8
        },
        {
            "index":279,
            "아파트명":"서충주신도시코아루더테라스(도시형)",
            "투자타입":"일반",
            "전용면적(m2)":"111.71",
            "전용면적(평)":"33평",
            "법정동주소":"충청북도 충주시 중앙탑면 용전리 686",
            "도로명주소":"충청북도 충주시 원앙9길 10",
            "세대수":0,
            "입주년차":100,
            "용적률점수":"--",
            "건폐율점수":"--",
            "세대당주차수":60,
            "난방방식":30,
            "공급면적":"--",
            "전용률":"--",
            "욕실수":100,
            "현관타입":100,
            "주거총점":52.0,
            "지역구공급총점":50.0,
            "역세권":"NA",
            "30분내 이동가능 거점":"NA",
            "1시간내 이동가능 거점":"NA",
            "교통총점":"NA",
            "백화점":0,
            "아울렛몰":0,
            "대형마트":0,
            "은행":0,
            "병원":30,
            "종합병원":0,
            "공원":0,
            "혐오시설":0,
            "인프라총점":3.0,
            "초등학군":90.02,
            "중학군":36.36,
            "학군총점":47.092,
            "인구수":22.01,
            "인구증감":1.54,
            "인구총점":15.869,
            "일자리":14.86,
            "소득수준":58.62,
            "일자리총점":27.988,
            "가치 총점":31.173,
            "매매실거래년":20190723.0,
            "매매실거래가":26100.0,
            "전세실거래년":null,
            "전세실거래가":null,
            "전세가율":null,
            "장기전세가율평균":75.45,
            "전세가율거품지수":null,
            "검색코드":118213,
            "세대수":170.0,
            "준공년월":"2019-05-01",
            "준공년차":4.0,
            "가까운역이름":"NA",
            "가까운역거리":"NA",
            "역세권여부":"NA",
            "30분이내주요거점역":"NA",
            "30분거점역이름":"NA",
            "1시간이내주요거점역":"NA",
            "1시간거점역이름":"NA",
            "3km이내백화점수":0,
            "5km이내아울렛몰수":0,
            "1km이내대형먀트수":0,
            "500m이내은행수":0,
            "500m이내병원수":5,
            "5km이내대형병원수":0,
            "500m이내공원수":0,
            "3km이내혐오시설수":0,
            "초등학교학업성취도":90.02,
            "중학교학업성취도":60.6,
            "용적률":0,
            "건폐율":0,
            "Y":37.017919,
            "X":127.826023,
            "rank":85.0,
            "area_info":"33평(111.71), 33평(111.29), 33평(111.29), 34평(112.71), 34평(113.46), 34평(113.95), 34평(115.01)",
            "last_sales":"2019-07-23,26100.0,34평(115.01)",
            "rank_history":[
                [
                    "202203",
                    85
                ],
                [
                    "202202",
                    77
                ],
                [
                    "202201",
                    72
                ]
            ],
            "rank_gap":-8
        },
        {
            "index":14,
            "아파트명":"금산",
            "투자타입":"재건축",
            "전용면적(m2)":"69.7",
            "전용면적(평)":"21평",
            "법정동주소":"충청북도 충주시 교현동 132",
            "도로명주소":"충청북도 충주시 만리산13길 20",
            "세대수":0,
            "입주년차":"--",
            "용적률점수":0,
            "건폐율점수":0,
            "세대당주차수":"--",
            "난방방식":"--",
            "공급면적":50,
            "전용률":100,
            "욕실수":"--",
            "현관타입":"--",
            "주거총점":7.5,
            "지역구공급총점":50.0,
            "역세권":"NA",
            "30분내 이동가능 거점":"NA",
            "1시간내 이동가능 거점":"NA",
            "교통총점":"NA",
            "백화점":0,
            "아울렛몰":0,
            "대형마트":80,
            "은행":0,
            "병원":10,
            "종합병원":100,
            "공원":0,
            "혐오시설":0,
            "인프라총점":33.0,
            "초등학군":90.03,
            "중학군":53.86,
            "학군총점":61.094,
            "인구수":22.01,
            "인구증감":1.54,
            "인구총점":15.869,
            "일자리":14.86,
            "소득수준":58.62,
            "일자리총점":27.988,
            "가치 총점":31.0985,
            "매매실거래년":20211119.0,
            "매매실거래가":9700.0,
            "전세실거래년":20210603.0,
            "전세실거래가":5600.0,
            "전세가율":93.33,
            "장기전세가율평균":75.45,
            "전세가율거품지수":-17.88,
            "검색코드":7522,
            "세대수":175.0,
            "준공년월":"1990-01-01",
            "준공년차":33.0,
            "가까운역이름":"NA",
            "가까운역거리":"NA",
            "역세권여부":"NA",
            "30분이내주요거점역":"NA",
            "30분거점역이름":"NA",
            "1시간이내주요거점역":"NA",
            "1시간거점역이름":"NA",
            "3km이내백화점수":0,
            "5km이내아울렛몰수":0,
            "1km이내대형먀트수":1,
            "500m이내은행수":0,
            "500m이내병원수":3,
            "5km이내대형병원수":2,
            "500m이내공원수":0,
            "3km이내혐오시설수":0,
            "초등학교학업성취도":90.03,
            "중학교학업성취도":88.7,
            "용적률":0,
            "건폐율":0,
            "Y":36.97332,
            "X":127.94524,
            "rank":86.0,
            "area_info":"21평(69.7), 24평(82.57), 27평(90.02)",
            "last_sales":"2021-11-19,9700.0,24평(82.57)",
            "rank_history":[
                [
                    "202203",
                    86
                ],
                [
                    "202202",
                    78
                ],
                [
                    "202201",
                    83
                ]
            ],
            "rank_gap":-8
        },
        {
            "index":67,
            "아파트명":"한이",
            "투자타입":"재건축",
            "전용면적(m2)":"73.44",
            "전용면적(평)":"22평",
            "법정동주소":"충청북도 충주시 교현동 130",
            "도로명주소":"충청북도 충주시",
            "세대수":0,
            "입주년차":"--",
            "용적률점수":0,
            "건폐율점수":0,
            "세대당주차수":"--",
            "난방방식":"--",
            "공급면적":50,
            "전용률":100,
            "욕실수":"--",
            "현관타입":"--",
            "주거총점":7.5,
            "지역구공급총점":50.0,
            "역세권":"NA",
            "30분내 이동가능 거점":"NA",
            "1시간내 이동가능 거점":"NA",
            "교통총점":"NA",
            "백화점":0,
            "아울렛몰":0,
            "대형마트":80,
            "은행":0,
            "병원":10,
            "종합병원":100,
            "공원":0,
            "혐오시설":0,
            "인프라총점":33.0,
            "초등학군":90.0,
            "중학군":53.86,
            "학군총점":61.088,
            "인구수":22.01,
            "인구증감":1.54,
            "인구총점":15.869,
            "일자리":14.86,
            "소득수준":58.62,
            "일자리총점":27.988,
            "가치 총점":31.097,
            "매매실거래년":20220221.0,
            "매매실거래가":7000.0,
            "전세실거래년":20220203.0,
            "전세실거래가":6000.0,
            "전세가율":113.21,
            "장기전세가율평균":75.45,
            "전세가율거품지수":-37.76,
            "검색코드":104511,
            "세대수":60.0,
            "준공년월":"1985-12-23",
            "준공년차":38.0,
            "가까운역이름":"NA",
            "가까운역거리":"NA",
            "역세권여부":"NA",
            "30분이내주요거점역":"NA",
            "30분거점역이름":"NA",
            "1시간이내주요거점역":"NA",
            "1시간거점역이름":"NA",
            "3km이내백화점수":0,
            "5km이내아울렛몰수":0,
            "1km이내대형먀트수":1,
            "500m이내은행수":0,
            "500m이내병원수":3,
            "5km이내대형병원수":2,
            "500m이내공원수":0,
            "3km이내혐오시설수":0,
            "초등학교학업성취도":90.0,
            "중학교학업성취도":88.7,
            "용적률":0,
            "건폐율":0,
            "Y":36.972763,
            "X":127.944963,
            "rank":87.0,
            "area_info":"22평(73.44), 31평(103.09)",
            "last_sales":"2022-02-21,7000.0,31평(103.09)",
            "rank_history":[
                [
                    "202203",
                    87
                ],
                [
                    "202202",
                    9999
                ]
            ],
            "rank_gap":9999
        },
        {
            "index":228,
            "아파트명":"더푸른",
            "투자타입":"일반",
            "전용면적(m2)":"42.79",
            "전용면적(평)":"12평",
            "법정동주소":"충청북도 충주시 용관동 172-5",
            "도로명주소":"충청북도 충주시 창현로 1336",
            "세대수":50,
            "입주년차":20,
            "용적률점수":"--",
            "건폐율점수":"--",
            "세대당주차수":0,
            "난방방식":30,
            "공급면적":"--",
            "전용률":"--",
            "욕실수":50,
            "현관타입":10,
            "주거총점":30.5,
            "지역구공급총점":50.0,
            "역세권":"NA",
            "30분내 이동가능 거점":"NA",
            "1시간내 이동가능 거점":"NA",
            "교통총점":"NA",
            "백화점":0,
            "아울렛몰":0,
            "대형마트":0,
            "은행":0,
            "병원":0,
            "종합병원":80,
            "공원":0,
            "혐오시설":0,
            "인프라총점":16.0,
            "초등학군":90.04,
            "중학군":45.7,
            "학군총점":54.568,
            "인구수":22.01,
            "인구증감":1.54,
            "인구총점":15.869,
            "일자리":14.86,
            "소득수준":58.62,
            "일자리총점":27.988,
            "가치 총점":30.717,
            "매매실거래년":20220216.0,
            "매매실거래가":2100.0,
            "전세실거래년":20211123.0,
            "전세실거래가":1500.0,
            "전세가율":71.43,
            "장기전세가율평균":75.45,
            "전세가율거품지수":4.02,
            "검색코드":15493,
            "세대수":498.0,
            "준공년월":"1999-01-25",
            "준공년차":24.0,
            "가까운역이름":"NA",
            "가까운역거리":"NA",
            "역세권여부":"NA",
            "30분이내주요거점역":"NA",
            "30분거점역이름":"NA",
            "1시간이내주요거점역":"NA",
            "1시간거점역이름":"NA",
            "3km이내백화점수":0,
            "5km이내아울렛몰수":0,
            "1km이내대형먀트수":0,
            "500m이내은행수":0,
            "500m이내병원수":0,
            "5km이내대형병원수":1,
            "500m이내공원수":0,
            "3km이내혐오시설수":0,
            "초등학교학업성취도":90.04,
            "중학교학업성취도":75.9,
            "용적률":114,
            "건폐율":12,
            "Y":36.952005,
            "X":127.887803,
            "rank":88.0,
            "area_info":"12평(42.79), 17평(57.91)",
            "last_sales":"2022-02-16,2100.0,12평(42.79)",
            "rank_history":[
                [
                    "202203",
                    88
                ],
                [
                    "202202",
                    79
                ],
                [
                    "202201",
                    76
                ]
            ],
            "rank_gap":-9
        },
        {
            "index":315,
            "아파트명":"세경",
            "투자타입":"재건축",
            "전용면적(m2)":"66.11",
            "전용면적(평)":"19평",
            "법정동주소":"충청북도 충주시 호암동 542-1",
            "도로명주소":"충청북도 충주시 신촌1길 6",
            "세대수":50,
            "입주년차":"--",
            "용적률점수":0,
            "건폐율점수":0,
            "세대당주차수":"--",
            "난방방식":"--",
            "공급면적":50,
            "전용률":80,
            "욕실수":"--",
            "현관타입":"--",
            "주거총점":21.5,
            "지역구공급총점":50.0,
            "역세권":"NA",
            "30분내 이동가능 거점":"NA",
            "1시간내 이동가능 거점":"NA",
            "교통총점":"NA",
            "백화점":0,
            "아울렛몰":0,
            "대형마트":0,
            "은행":0,
            "병원":0,
            "종합병원":100,
            "공원":80,
            "혐오시설":0,
            "인프라총점":22.4,
            "초등학군":90.01,
            "중학군":45.7,
            "학군총점":54.562,
            "인구수":22.01,
            "인구증감":1.54,
            "인구총점":15.869,
            "일자리":14.86,
            "소득수준":58.62,
            "일자리총점":27.988,
            "가치 총점":30.1255,
            "매매실거래년":"18000101",
            "매매실거래가":null,
            "전세실거래년":20210630.0,
            "전세실거래가":3000.0,
            "전세가율":null,
            "장기전세가율평균":75.45,
            "전세가율거품지수":null,
            "검색코드":127639,
            "세대수":664.0,
            "준공년월":"1992-08-25",
            "준공년차":31.0,
            "가까운역이름":"NA",
            "가까운역거리":"NA",
            "역세권여부":"NA",
            "30분이내주요거점역":"NA",
            "30분거점역이름":"NA",
            "1시간이내주요거점역":"NA",
            "1시간거점역이름":"NA",
            "3km이내백화점수":0,
            "5km이내아울렛몰수":0,
            "1km이내대형먀트수":0,
            "500m이내은행수":0,
            "500m이내병원수":1,
            "5km이내대형병원수":2,
            "500m이내공원수":1,
            "3km이내혐오시설수":0,
            "초등학교학업성취도":90.01,
            "중학교학업성취도":75.9,
            "용적률":0,
            "건폐율":0,
            "Y":36.958983,
            "X":127.929798,
            "rank":89.0,
            "area_info":"19평(66.11)",
            "last_sales":"1800-01-01,nan,19평(66.11)",
            "rank_history":[
                [
                    "202203",
                    89
                ],
                [
                    "202202",
                    80
                ],
                [
                    "202201",
                    74
                ]
            ],
            "rank_gap":-9
        },
        {
            "index":347,
            "아파트명":"호반",
            "투자타입":"일반",
            "전용면적(m2)":"81.06",
            "전용면적(평)":"24평",
            "법정동주소":"충청북도 충주시 호암동 547-6",
            "도로명주소":"충청북도 충주시 신촌2길 29",
            "세대수":30,
            "입주년차":0,
            "용적률점수":"--",
            "건폐율점수":"--",
            "세대당주차수":0,
            "난방방식":30,
            "공급면적":"--",
            "전용률":"--",
            "욕실수":50,
            "현관타입":10,
            "주거총점":19.5,
            "지역구공급총점":50.0,
            "역세권":"NA",
            "30분내 이동가능 거점":"NA",
            "1시간내 이동가능 거점":"NA",
            "교통총점":"NA",
            "백화점":0,
            "아울렛몰":0,
            "대형마트":0,
            "은행":0,
            "병원":0,
            "종합병원":100,
            "공원":80,
            "혐오시설":0,
            "인프라총점":22.4,
            "초등학군":90.01,
            "중학군":45.7,
            "학군총점":54.562,
            "인구수":22.01,
            "인구증감":1.54,
            "인구총점":15.869,
            "일자리":14.86,
            "소득수준":58.62,
            "일자리총점":27.988,
            "가치 총점":29.4255,
            "매매실거래년":20220120.0,
            "매매실거래가":17700.0,
            "전세실거래년":20200408.0,
            "전세실거래가":7000.0,
            "전세가율":66.67,
            "장기전세가율평균":75.45,
            "전세가율거품지수":8.78,
            "검색코드":7668,
            "세대수":374.0,
            "준공년월":"1994-02-25",
            "준공년차":29.0,
            "가까운역이름":"NA",
            "가까운역거리":"NA",
            "역세권여부":"NA",
            "30분이내주요거점역":"NA",
            "30분거점역이름":"NA",
            "1시간이내주요거점역":"NA",
            "1시간거점역이름":"NA",
            "3km이내백화점수":0,
            "5km이내아울렛몰수":0,
            "1km이내대형먀트수":0,
            "500m이내은행수":0,
            "500m이내병원수":1,
            "5km이내대형병원수":2,
            "500m이내공원수":1,
            "3km이내혐오시설수":0,
            "초등학교학업성취도":90.01,
            "중학교학업성취도":75.9,
            "용적률":0,
            "건폐율":0,
            "Y":36.959868,
            "X":127.928296,
            "rank":90.0,
            "area_info":"24평(81.06), 31평(102.96), 30평(102.24)",
            "last_sales":"2022-01-20,17700.0,31평(102.96)",
            "rank_history":[
                [
                    "202203",
                    90
                ],
                [
                    "202202",
                    81
                ],
                [
                    "202201",
                    75
                ]
            ],
            "rank_gap":-9
        },
        {
            "index":313,
            "아파트명":"부강",
            "투자타입":"일반",
            "전용면적(m2)":"37.82",
            "전용면적(평)":"11평",
            "법정동주소":"충청북도 충주시 호암동 152",
            "도로명주소":"충청북도 충주시 호암중앙2로 31",
            "세대수":30,
            "입주년차":0,
            "용적률점수":"--",
            "건폐율점수":"--",
            "세대당주차수":0,
            "난방방식":30,
            "공급면적":"--",
            "전용률":"--",
            "욕실수":50,
            "현관타입":10,
            "주거총점":19.5,
            "지역구공급총점":50.0,
            "역세권":"NA",
            "30분내 이동가능 거점":"NA",
            "1시간내 이동가능 거점":"NA",
            "교통총점":"NA",
            "백화점":0,
            "아울렛몰":0,
            "대형마트":0,
            "은행":0,
            "병원":10,
            "종합병원":100,
            "공원":0,
            "혐오시설":0,
            "인프라총점":21.0,
            "초등학군":90.03,
            "중학군":47.4,
            "학군총점":55.926,
            "인구수":22.01,
            "인구증감":1.54,
            "인구총점":15.869,
            "일자리":14.86,
            "소득수준":58.62,
            "일자리총점":27.988,
            "가치 총점":29.2065,
            "매매실거래년":20220215.0,
            "매매실거래가":2700.0,
            "전세실거래년":20210220.0,
            "전세실거래가":2000.0,
            "전세가율":64.52,
            "장기전세가율평균":75.45,
            "전세가율거품지수":10.93,
            "검색코드":105720,
            "세대수":312.0,
            "준공년월":"1995-09-29",
            "준공년차":28.0,
            "가까운역이름":"NA",
            "가까운역거리":"NA",
            "역세권여부":"NA",
            "30분이내주요거점역":"NA",
            "30분거점역이름":"NA",
            "1시간이내주요거점역":"NA",
            "1시간거점역이름":"NA",
            "3km이내백화점수":0,
            "5km이내아울렛몰수":0,
            "1km이내대형먀트수":0,
            "500m이내은행수":0,
            "500m이내병원수":3,
            "5km이내대형병원수":2,
            "500m이내공원수":0,
            "3km이내혐오시설수":0,
            "초등학교학업성취도":90.03,
            "중학교학업성취도":78.6,
            "용적률":362,
            "건폐율":31,
            "Y":36.955963,
            "X":127.94036,
            "rank":91.0,
            "area_info":"11평(37.82), 11평(39.52)",
            "last_sales":"2022-02-15,2700.0,11평(39.52)",
            "rank_history":[
                [
                    "202203",
                    91
                ],
                [
                    "202202",
                    83
                ],
                [
                    "202201",
                    79
                ]
            ],
            "rank_gap":-8
        },
        {
            "index":96,
            "아파트명":"충주삼진동산",
            "투자타입":"일반",
            "전용면적(m2)":"40.84",
            "전용면적(평)":"12평",
            "법정동주소":"충청북도 충주시 목행동 593-8",
            "도로명주소":"충청북도 충주시 행정10길 36",
            "세대수":30,
            "입주년차":0,
            "용적률점수":"--",
            "건폐율점수":"--",
            "세대당주차수":0,
            "난방방식":30,
            "공급면적":"--",
            "전용률":"--",
            "욕실수":50,
            "현관타입":10,
            "주거총점":19.5,
            "지역구공급총점":50.0,
            "역세권":"NA",
            "30분내 이동가능 거점":"NA",
            "1시간내 이동가능 거점":"NA",
            "교통총점":"NA",
            "백화점":0,
            "아울렛몰":0,
            "대형마트":0,
            "은행":0,
            "병원":10,
            "종합병원":80,
            "공원":80,
            "혐오시설":0,
            "인프라총점":19.4,
            "초등학군":90.0,
            "중학군":49.44,
            "학군총점":57.552,
            "인구수":22.01,
            "인구증감":1.54,
            "인구총점":15.869,
            "일자리":14.86,
            "소득수준":58.62,
            "일자리총점":27.988,
            "가치 총점":28.973,
            "매매실거래년":20220121.0,
            "매매실거래가":6700.0,
            "전세실거래년":20211209.0,
            "전세실거래가":2500.0,
            "전세가율":83.33,
            "장기전세가율평균":75.45,
            "전세가율거품지수":-7.88,
            "검색코드":15484,
            "세대수":328.0,
            "준공년월":"1995-09-22",
            "준공년차":28.0,
            "가까운역이름":"NA",
            "가까운역거리":"NA",
            "역세권여부":"NA",
            "30분이내주요거점역":"NA",
            "30분거점역이름":"NA",
            "1시간이내주요거점역":"NA",
            "1시간거점역이름":"NA",
            "3km이내백화점수":0,
            "5km이내아울렛몰수":0,
            "1km이내대형먀트수":0,
            "500m이내은행수":0,
            "500m이내병원수":2,
            "5km이내대형병원수":1,
            "500m이내공원수":1,
            "3km이내혐오시설수":0,
            "초등학교학업성취도":90.0,
            "중학교학업성취도":82.4,
            "용적률":219,
            "건폐율":26,
            "Y":37.014076,
            "X":127.920031,
            "rank":92.0,
            "area_info":"12평(40.84), 16평(55.63), 22평(75.84)",
            "last_sales":"2022-01-21,6700.0,22평(75.84)",
            "rank_history":[
                [
                    "202203",
                    92
                ],
                [
                    "202202",
                    82
                ],
                [
                    "202201",
                    78
                ]
            ],
            "rank_gap":-10
        },
        {
            "index":329,
            "아파트명":"진도",
            "투자타입":"일반",
            "전용면적(m2)":"78.19",
            "전용면적(평)":"23평",
            "법정동주소":"충청북도 충주시 호암동 135",
            "도로명주소":"충청북도 충주시 호암중앙2로 27",
            "세대수":0,
            "입주년차":0,
            "용적률점수":"--",
            "건폐율점수":"--",
            "세대당주차수":0,
            "난방방식":30,
            "공급면적":"--",
            "전용률":"--",
            "욕실수":50,
            "현관타입":100,
            "주거총점":18.0,
            "지역구공급총점":50.0,
            "역세권":"NA",
            "30분내 이동가능 거점":"NA",
            "1시간내 이동가능 거점":"NA",
            "교통총점":"NA",
            "백화점":0,
            "아울렛몰":0,
            "대형마트":0,
            "은행":0,
            "병원":10,
            "종합병원":100,
            "공원":0,
            "혐오시설":0,
            "인프라총점":21.0,
            "초등학군":90.03,
            "중학군":47.4,
            "학군총점":55.926,
            "인구수":22.01,
            "인구증감":1.54,
            "인구총점":15.869,
            "일자리":14.86,
            "소득수준":58.62,
            "일자리총점":27.988,
            "가치 총점":28.6815,
            "매매실거래년":20220215.0,
            "매매실거래가":11900.0,
            "전세실거래년":null,
            "전세실거래가":null,
            "전세가율":null,
            "장기전세가율평균":75.45,
            "전세가율거품지수":null,
            "검색코드":7662,
            "세대수":163.0,
            "준공년월":"1994-10-17",
            "준공년차":29.0,
            "가까운역이름":"NA",
            "가까운역거리":"NA",
            "역세권여부":"NA",
            "30분이내주요거점역":"NA",
            "30분거점역이름":"NA",
            "1시간이내주요거점역":"NA",
            "1시간거점역이름":"NA",
            "3km이내백화점수":0,
            "5km이내아울렛몰수":0,
            "1km이내대형먀트수":0,
            "500m이내은행수":0,
            "500m이내병원수":3,
            "5km이내대형병원수":2,
            "500m이내공원수":0,
            "3km이내혐오시설수":0,
            "초등학교학업성취도":90.03,
            "중학교학업성취도":78.6,
            "용적률":0,
            "건폐율":0,
            "Y":36.955999,
            "X":127.939776,
            "rank":93.0,
            "area_info":"23평(78.19), 25평(85.95), 29평(96.69)",
            "last_sales":"2022-02-15,11900.0,29평(96.69)",
            "rank_history":[
                [
                    "202203",
                    93
                ],
                [
                    "202202",
                    84
                ],
                [
                    "202201",
                    81
                ]
            ],
            "rank_gap":-9
        },
        {
            "index":356,
            "아파트명":"호암한양",
            "투자타입":"일반",
            "전용면적(m2)":"64.42",
            "전용면적(평)":"19평",
            "법정동주소":"충청북도 충주시 호암동 558-16",
            "도로명주소":"충청북도 충주시 예성로 9",
            "세대수":0,
            "입주년차":0,
            "용적률점수":"--",
            "건폐율점수":"--",
            "세대당주차수":0,
            "난방방식":30,
            "공급면적":"--",
            "전용률":"--",
            "욕실수":50,
            "현관타입":50,
            "주거총점":13.0,
            "지역구공급총점":50.0,
            "역세권":"NA",
            "30분내 이동가능 거점":"NA",
            "1시간내 이동가능 거점":"NA",
            "교통총점":"NA",
            "백화점":0,
            "아울렛몰":0,
            "대형마트":0,
            "은행":0,
            "병원":0,
            "종합병원":100,
            "공원":80,
            "혐오시설":0,
            "인프라총점":22.4,
            "초등학군":90.01,
            "중학군":45.7,
            "학군총점":54.562,
            "인구수":22.01,
            "인구증감":1.54,
            "인구총점":15.869,
            "일자리":14.86,
            "소득수준":58.62,
            "일자리총점":27.988,
            "가치 총점":27.1505,
            "매매실거래년":20220122.0,
            "매매실거래가":5800.0,
            "전세실거래년":20211111.0,
            "전세실거래가":5800.0,
            "전세가율":100.0,
            "장기전세가율평균":75.45,
            "전세가율거품지수":-24.55,
            "검색코드":106615,
            "세대수":90.0,
            "준공년월":"1994-11-11",
            "준공년차":29.0,
            "가까운역이름":"NA",
            "가까운역거리":"NA",
            "역세권여부":"NA",
            "30분이내주요거점역":"NA",
            "30분거점역이름":"NA",
            "1시간이내주요거점역":"NA",
            "1시간거점역이름":"NA",
            "3km이내백화점수":0,
            "5km이내아울렛몰수":0,
            "1km이내대형먀트수":0,
            "500m이내은행수":0,
            "500m이내병원수":1,
            "5km이내대형병원수":2,
            "500m이내공원수":1,
            "3km이내혐오시설수":0,
            "초등학교학업성취도":90.01,
            "중학교학업성취도":75.9,
            "용적률":104,
            "건폐율":24,
            "Y":36.961012,
            "X":127.927734,
            "rank":94.0,
            "area_info":"19평(64.42), 26평(86.37)",
            "last_sales":"2022-01-22,5800.0,19평(64.42)",
            "rank_history":[
                [
                    "202203",
                    94
                ],
                [
                    "202202",
                    9999
                ]
            ],
            "rank_gap":9999
        },
        {
            "index":148,
            "아파트명":"두진2차",
            "투자타입":"재건축",
            "전용면적(m2)":"81.68",
            "전용면적(평)":"24평",
            "법정동주소":"충청북도 충주시 연수동 700",
            "도로명주소":"충청북도 충주시 연수로 7",
            "세대수":0,
            "입주년차":"--",
            "용적률점수":0,
            "건폐율점수":0,
            "세대당주차수":"--",
            "난방방식":"--",
            "공급면적":70,
            "전용률":60,
            "욕실수":"--",
            "현관타입":"--",
            "주거총점":6.5,
            "지역구공급총점":50.0,
            "역세권":"NA",
            "30분내 이동가능 거점":"NA",
            "1시간내 이동가능 거점":"NA",
            "교통총점":"NA",
            "백화점":0,
            "아울렛몰":0,
            "대형마트":0,
            "은행":0,
            "병원":30,
            "종합병원":100,
            "공원":0,
            "혐오시설":0,
            "인프라총점":23.0,
            "초등학군":90.01,
            "중학군":44.04,
            "학군총점":53.234,
            "인구수":22.01,
            "인구증감":1.54,
            "인구총점":15.869,
            "일자리":14.86,
            "소득수준":58.62,
            "일자리총점":27.988,
            "가치 총점":24.7835,
            "매매실거래년":20220105.0,
            "매매실거래가":15300.0,
            "전세실거래년":20211106.0,
            "전세실거래가":6000.0,
            "전세가율":76.92,
            "장기전세가율평균":75.45,
            "전세가율거품지수":-1.47,
            "검색코드":7581,
            "세대수":237.0,
            "준공년월":"1992-10-27",
            "준공년차":31.0,
            "가까운역이름":"NA",
            "가까운역거리":"NA",
            "역세권여부":"NA",
            "30분이내주요거점역":"NA",
            "30분거점역이름":"NA",
            "1시간이내주요거점역":"NA",
            "1시간거점역이름":"NA",
            "3km이내백화점수":0,
            "5km이내아울렛몰수":0,
            "1km이내대형먀트수":0,
            "500m이내은행수":1,
            "500m이내병원수":6,
            "5km이내대형병원수":2,
            "500m이내공원수":0,
            "3km이내혐오시설수":0,
            "초등학교학업성취도":90.01,
            "중학교학업성취도":73.4,
            "용적률":0,
            "건폐율":0,
            "Y":36.99203,
            "X":127.93069,
            "rank":95.0,
            "area_info":"24평(81.68), 31평(105.04), 48평(160.32), 55평(183.22)",
            "last_sales":"2022-01-05,15300.0,48평(160.32)",
            "rank_history":[
                [
                    "202203",
                    95
                ],
                [
                    "202202",
                    85
                ],
                [
                    "202201",
                    84
                ]
            ],
            "rank_gap":-10
        },
        {
            "index":143,
            "아파트명":"한도",
            "투자타입":"일반",
            "전용면적(m2)":"56.45",
            "전용면적(평)":"17평",
            "법정동주소":"충청북도 충주시 앙성면 용포리 65-1",
            "도로명주소":"충청북도 충주시 영죽고개길 19",
            "세대수":0,
            "입주년차":0,
            "용적률점수":"--",
            "건폐율점수":"--",
            "세대당주차수":0,
            "난방방식":30,
            "공급면적":"--",
            "전용률":"--",
            "욕실수":50,
            "현관타입":100,
            "주거총점":18.0,
            "지역구공급총점":50.0,
            "역세권":"NA",
            "30분내 이동가능 거점":"NA",
            "1시간내 이동가능 거점":"NA",
            "교통총점":"NA",
            "백화점":0,
            "아울렛몰":0,
            "대형마트":80,
            "은행":0,
            "병원":10,
            "종합병원":0,
            "공원":0,
            "혐오시설":0,
            "인프라총점":13.0,
            "초등학군":90.02,
            "중학군":42.24,
            "학군총점":51.796,
            "인구수":22.01,
            "인구증감":1.54,
            "인구총점":15.869,
            "일자리":14.86,
            "소득수준":58.62,
            "일자리총점":27.988,
            "가치 총점":24.449,
            "매매실거래년":20211227.0,
            "매매실거래가":4500.0,
            "전세실거래년":20160325.0,
            "전세실거래가":2000.0,
            "전세가율":44.44,
            "장기전세가율평균":75.45,
            "전세가율거품지수":31.01,
            "검색코드":110397,
            "세대수":122.0,
            "준공년월":"1995-06-05",
            "준공년차":28.0,
            "가까운역이름":"NA",
            "가까운역거리":"NA",
            "역세권여부":"NA",
            "30분이내주요거점역":"NA",
            "30분거점역이름":"NA",
            "1시간이내주요거점역":"NA",
            "1시간거점역이름":"NA",
            "3km이내백화점수":0,
            "5km이내아울렛몰수":0,
            "1km이내대형먀트수":1,
            "500m이내은행수":0,
            "500m이내병원수":2,
            "5km이내대형병원수":0,
            "500m이내공원수":0,
            "3km이내혐오시설수":0,
            "초등학교학업성취도":90.02,
            "중학교학업성취도":70.4,
            "용적률":200,
            "건폐율":28,
            "Y":37.109663,
            "X":127.756107,
            "rank":96.0,
            "area_info":"17평(56.45), 21평(70.46)",
            "last_sales":"2021-12-27,4500.0,17평(56.45)",
            "rank_history":[
                [
                    "202203",
                    96
                ],
                [
                    "202202",
                    86
                ],
                [
                    "202201",
                    85
                ]
            ],
            "rank_gap":-10
        },
        {
            "index":267,
            "아파트명":"주덕주한",
            "투자타입":"일반",
            "전용면적(m2)":"45.62",
            "전용면적(평)":"13평",
            "법정동주소":"충청북도 충주시 주덕읍 신중리 69-1",
            "도로명주소":"충청북도 충주시 신덕로 1302",
            "세대수":0,
            "입주년차":0,
            "용적률점수":"--",
            "건폐율점수":"--",
            "세대당주차수":0,
            "난방방식":30,
            "공급면적":"--",
            "전용률":"--",
            "욕실수":50,
            "현관타입":100,
            "주거총점":18.0,
            "지역구공급총점":50.0,
            "역세권":"NA",
            "30분내 이동가능 거점":"NA",
            "1시간내 이동가능 거점":"NA",
            "교통총점":"NA",
            "백화점":0,
            "아울렛몰":0,
            "대형마트":80,
            "은행":0,
            "병원":0,
            "종합병원":0,
            "공원":0,
            "혐오시설":0,
            "인프라총점":12.0,
            "초등학군":90.02,
            "중학군":36.36,
            "학군총점":47.092,
            "인구수":22.01,
            "인구증감":1.54,
            "인구총점":15.869,
            "일자리":14.86,
            "소득수준":58.62,
            "일자리총점":27.988,
            "가치 총점":22.873,
            "매매실거래년":20220218.0,
            "매매실거래가":3000.0,
            "전세실거래년":20201104.0,
            "전세실거래가":2000.0,
            "전세가율":66.67,
            "장기전세가율평균":75.45,
            "전세가율거품지수":8.78,
            "검색코드":107095,
            "세대수":229.0,
            "준공년월":"1993-07-22",
            "준공년차":30.0,
            "가까운역이름":"NA",
            "가까운역거리":"NA",
            "역세권여부":"NA",
            "30분이내주요거점역":"NA",
            "30분거점역이름":"NA",
            "1시간이내주요거점역":"NA",
            "1시간거점역이름":"NA",
            "3km이내백화점수":0,
            "5km이내아울렛몰수":0,
            "1km이내대형먀트수":1,
            "500m이내은행수":0,
            "500m이내병원수":0,
            "5km이내대형병원수":0,
            "500m이내공원수":0,
            "3km이내혐오시설수":0,
            "초등학교학업성취도":90.02,
            "중학교학업성취도":60.6,
            "용적률":288,
            "건폐율":22,
            "Y":36.976564,
            "X":127.789498,
            "rank":97.0,
            "area_info":"13평(45.62), 27평(91.23)",
            "last_sales":"2022-02-18,3000.0,13평(45.62)",
            "rank_history":[
                [
                    "202203",
                    97
                ],
                [
                    "202202",
                    87
                ],
                [
                    "202201",
                    86
                ]
            ],
            "rank_gap":-10
        },
        {
            "index":80,
            "아파트명":"한영",
            "투자타입":"재건축",
            "전용면적(m2)":"38.16",
            "전용면적(평)":"11평",
            "법정동주소":"충청북도 충주시 대소원면 대소리 132-6",
            "도로명주소":"충청북도 충주시 대소원로 108",
            "세대수":30,
            "입주년차":"--",
            "용적률점수":0,
            "건폐율점수":0,
            "세대당주차수":"--",
            "난방방식":"--",
            "공급면적":50,
            "전용률":60,
            "욕실수":"--",
            "현관타입":"--",
            "주거총점":14.5,
            "지역구공급총점":50.0,
            "역세권":"NA",
            "30분내 이동가능 거점":"NA",
            "1시간내 이동가능 거점":"NA",
            "교통총점":"NA",
            "백화점":0,
            "아울렛몰":0,
            "대형마트":80,
            "은행":0,
            "병원":0,
            "종합병원":0,
            "공원":80,
            "혐오시설":0,
            "인프라총점":14.4,
            "초등학군":90.03,
            "중학군":36.36,
            "학군총점":47.094,
            "인구수":22.01,
            "인구증감":1.54,
            "인구총점":15.869,
            "일자리":14.86,
            "소득수준":58.62,
            "일자리총점":27.988,
            "가치 총점":22.6085,
            "매매실거래년":20200728.0,
            "매매실거래가":3000.0,
            "전세실거래년":null,
            "전세실거래가":null,
            "전세가율":null,
            "장기전세가율평균":75.45,
            "전세가율거품지수":null,
            "검색코드":108518,
            "세대수":346.0,
            "준공년월":"1992-12-22",
            "준공년차":31.0,
            "가까운역이름":"NA",
            "가까운역거리":"NA",
            "역세권여부":"NA",
            "30분이내주요거점역":"NA",
            "30분거점역이름":"NA",
            "1시간이내주요거점역":"NA",
            "1시간거점역이름":"NA",
            "3km이내백화점수":0,
            "5km이내아울렛몰수":0,
            "1km이내대형먀트수":1,
            "500m이내은행수":0,
            "500m이내병원수":1,
            "5km이내대형병원수":0,
            "500m이내공원수":1,
            "3km이내혐오시설수":0,
            "초등학교학업성취도":90.03,
            "중학교학업성취도":60.6,
            "용적률":0,
            "건폐율":0,
            "Y":36.975627,
            "X":127.816996,
            "rank":98.0,
            "area_info":"11평(38.16), 12평(42.64), 13평(43.26), 15평(50.14), 16평(53.84), 16평(54.84), 23평(77.56), 23평(78.69)",
            "last_sales":"2020-07-28,3000.0,23평(78.69)",
            "rank_history":[
                [
                    "202203",
                    98
                ],
                [
                    "202202",
                    88
                ],
                [
                    "202201",
                    89
                ]
            ],
            "rank_gap":-10
        },
        {
            "index":306,
            "아파트명":"만화달빛마을",
            "투자타입":"일반",
            "전용면적(m2)":"48.78",
            "전용면적(평)":"14평",
            "법정동주소":"충청북도 충주시 풍동 408-12",
            "도로명주소":"충청북도 충주시 하풍1길 7",
            "세대수":0,
            "입주년차":20,
            "용적률점수":"--",
            "건폐율점수":"--",
            "세대당주차수":0,
            "난방방식":30,
            "공급면적":"--",
            "전용률":"--",
            "욕실수":50,
            "현관타입":100,
            "주거총점":22.0,
            "지역구공급총점":50.0,
            "역세권":"NA",
            "30분내 이동가능 거점":"NA",
            "1시간내 이동가능 거점":"NA",
            "교통총점":"NA",
            "백화점":0,
            "아울렛몰":0,
            "대형마트":0,
            "은행":0,
            "병원":0,
            "종합병원":0,
            "공원":0,
            "혐오시설":0,
            "인프라총점":0.0,
            "초등학군":90.04,
            "중학군":45.7,
            "학군총점":54.568,
            "인구수":22.01,
            "인구증감":1.54,
            "인구총점":15.869,
            "일자리":14.86,
            "소득수준":58.62,
            "일자리총점":27.988,
            "가치 총점":21.342,
            "매매실거래년":20220209.0,
            "매매실거래가":4000.0,
            "전세실거래년":20210206.0,
            "전세실거래가":2800.0,
            "전세가율":70.0,
            "장기전세가율평균":75.45,
            "전세가율거품지수":5.45,
            "검색코드":100986,
            "세대수":156.0,
            "준공년월":"2001-03-21",
            "준공년차":22.0,
            "가까운역이름":"NA",
            "가까운역거리":"NA",
            "역세권여부":"NA",
            "30분이내주요거점역":"NA",
            "30분거점역이름":"NA",
            "1시간이내주요거점역":"NA",
            "1시간거점역이름":"NA",
            "3km이내백화점수":0,
            "5km이내아울렛몰수":0,
            "1km이내대형먀트수":0,
            "500m이내은행수":0,
            "500m이내병원수":1,
            "5km이내대형병원수":0,
            "500m이내공원수":0,
            "3km이내혐오시설수":0,
            "초등학교학업성취도":90.04,
            "중학교학업성취도":75.9,
            "용적률":207,
            "건폐율":20,
            "Y":36.939716,
            "X":127.900439,
            "rank":99.0,
            "area_info":"14평(48.78), 15평(52.41)",
            "last_sales":"2022-02-09,4000.0,15평(52.41)",
            "rank_history":[
                [
                    "202203",
                    99
                ],
                [
                    "202202",
                    89
                ],
                [
                    "202201",
                    87
                ]
            ],
            "rank_gap":-10
        },
        {
            "index":265,
            "아파트명":"신양",
            "투자타입":"재건축",
            "전용면적(m2)":"59.74",
            "전용면적(평)":"18평",
            "법정동주소":"충청북도 충주시 주덕읍 219-3",
            "도로명주소":"충청북도 충주시",
            "세대수":0,
            "입주년차":"--",
            "용적률점수":0,
            "건폐율점수":0,
            "세대당주차수":"--",
            "난방방식":"--",
            "공급면적":50,
            "전용률":80,
            "욕실수":"--",
            "현관타입":"--",
            "주거총점":6.5,
            "지역구공급총점":50.0,
            "역세권":"NA",
            "30분내 이동가능 거점":"NA",
            "1시간내 이동가능 거점":"NA",
            "교통총점":"NA",
            "백화점":0,
            "아울렛몰":0,
            "대형마트":80,
            "은행":0,
            "병원":30,
            "종합병원":0,
            "공원":0,
            "혐오시설":0,
            "인프라총점":15.0,
            "초등학군":90.02,
            "중학군":36.36,
            "학군총점":47.092,
            "인구수":22.01,
            "인구증감":1.54,
            "인구총점":15.869,
            "일자리":14.86,
            "소득수준":58.62,
            "일자리총점":27.988,
            "가치 총점":20.048,
            "매매실거래년":20210702.0,
            "매매실거래가":4300.0,
            "전세실거래년":20190128.0,
            "전세실거래가":4000.0,
            "전세가율":72.73,
            "장기전세가율평균":75.45,
            "전세가율거품지수":2.72,
            "검색코드":107616,
            "세대수":60.0,
            "준공년월":"1989-05-27",
            "준공년차":34.0,
            "가까운역이름":"NA",
            "가까운역거리":"NA",
            "역세권여부":"NA",
            "30분이내주요거점역":"NA",
            "30분거점역이름":"NA",
            "1시간이내주요거점역":"NA",
            "1시간거점역이름":"NA",
            "3km이내백화점수":0,
            "5km이내아울렛몰수":0,
            "1km이내대형먀트수":1,
            "500m이내은행수":0,
            "500m이내병원수":7,
            "5km이내대형병원수":0,
            "500m이내공원수":0,
            "3km이내혐오시설수":0,
            "초등학교학업성취도":90.02,
            "중학교학업성취도":60.6,
            "용적률":0,
            "건폐율":0,
            "Y":36.974866,
            "X":127.797702,
            "rank":100.0,
            "area_info":"18평(59.74), 19평(64.96)",
            "last_sales":"2021-07-02,4300.0,19평(64.96)",
            "rank_history":[
                [
                    "202203",
                    100
                ],
                [
                    "202202",
                    9999
                ]
            ],
            "rank_gap":9999
        },
        {
            "index":308,
            "아파트명":"신한강변",
            "투자타입":"일반",
            "전용면적(m2)":"32.39",
            "전용면적(평)":"9평",
            "법정동주소":"충청북도 충주시 풍동 408-7",
            "도로명주소":"충청북도 충주시 풍동동막길 50",
            "세대수":0,
            "입주년차":0,
            "용적률점수":"--",
            "건폐율점수":"--",
            "세대당주차수":0,
            "난방방식":30,
            "공급면적":"--",
            "전용률":"--",
            "욕실수":50,
            "현관타입":100,
            "주거총점":18.0,
            "지역구공급총점":50.0,
            "역세권":"NA",
            "30분내 이동가능 거점":"NA",
            "1시간내 이동가능 거점":"NA",
            "교통총점":"NA",
            "백화점":0,
            "아울렛몰":0,
            "대형마트":0,
            "은행":0,
            "병원":0,
            "종합병원":0,
            "공원":0,
            "혐오시설":0,
            "인프라총점":0.0,
            "초등학군":90.04,
            "중학군":45.7,
            "학군총점":54.568,
            "인구수":22.01,
            "인구증감":1.54,
            "인구총점":15.869,
            "일자리":14.86,
            "소득수준":58.62,
            "일자리총점":27.988,
            "가치 총점":19.942,
            "매매실거래년":20220105.0,
            "매매실거래가":1300.0,
            "전세실거래년":null,
            "전세실거래가":null,
            "전세가율":null,
            "장기전세가율평균":75.45,
            "전세가율거품지수":null,
            "검색코드":114969,
            "세대수":138.0,
            "준공년월":"1994-05-31",
            "준공년차":29.0,
            "가까운역이름":"NA",
            "가까운역거리":"NA",
            "역세권여부":"NA",
            "30분이내주요거점역":"NA",
            "30분거점역이름":"NA",
            "1시간이내주요거점역":"NA",
            "1시간거점역이름":"NA",
            "3km이내백화점수":0,
            "5km이내아울렛몰수":0,
            "1km이내대형먀트수":0,
            "500m이내은행수":0,
            "500m이내병원수":1,
            "5km이내대형병원수":0,
            "500m이내공원수":0,
            "3km이내혐오시설수":0,
            "초등학교학업성취도":90.04,
            "중학교학업성취도":75.9,
            "용적률":141,
            "건폐율":25,
            "Y":36.939775,
            "X":127.899502,
            "rank":101.0,
            "area_info":"9평(32.39), 12평(41.61), 12평(42.3), 14평(47.22), 14평(49.29)",
            "last_sales":"2022-01-05,1300.0,9평(32.39)",
            "rank_history":[
                [
                    "202203",
                    101
                ],
                [
                    "202202",
                    90
                ],
                [
                    "202201",
                    88
                ]
            ],
            "rank_gap":-11
        },
        {
            "index":263,
            "아파트명":"백남진달래",
            "투자타입":"일반",
            "전용면적(m2)":"78.32",
            "전용면적(평)":"23평",
            "법정동주소":"충청북도 충주시 주덕읍 신양리 179-2",
            "도로명주소":"충청북도 충주시 장터뒷길 48",
            "세대수":0,
            "입주년차":0,
            "용적률점수":"--",
            "건폐율점수":"--",
            "세대당주차수":0,
            "난방방식":30,
            "공급면적":"--",
            "전용률":"--",
            "욕실수":50,
            "현관타입":50,
            "주거총점":13.0,
            "지역구공급총점":50.0,
            "역세권":"NA",
            "30분내 이동가능 거점":"NA",
            "1시간내 이동가능 거점":"NA",
            "교통총점":"NA",
            "백화점":0,
            "아울렛몰":0,
            "대형마트":0,
            "은행":0,
            "병원":30,
            "종합병원":0,
            "공원":80,
            "혐오시설":0,
            "인프라총점":5.4,
            "초등학군":90.02,
            "중학군":36.36,
            "학군총점":47.092,
            "인구수":22.01,
            "인구증감":1.54,
            "인구총점":15.869,
            "일자리":14.86,
            "소득수준":58.62,
            "일자리총점":27.988,
            "가치 총점":18.483,
            "매매실거래년":20220126.0,
            "매매실거래가":5350.0,
            "전세실거래년":20200202.0,
            "전세실거래가":3500.0,
            "전세가율":65.42,
            "장기전세가율평균":75.45,
            "전세가율거품지수":10.03,
            "검색코드":107615,
            "세대수":77.0,
            "준공년월":"1994-01-18",
            "준공년차":29.0,
            "가까운역이름":"NA",
            "가까운역거리":"NA",
            "역세권여부":"NA",
            "30분이내주요거점역":"NA",
            "30분거점역이름":"NA",
            "1시간이내주요거점역":"NA",
            "1시간거점역이름":"NA",
            "3km이내백화점수":0,
            "5km이내아울렛몰수":0,
            "1km이내대형먀트수":0,
            "500m이내은행수":0,
            "500m이내병원수":7,
            "5km이내대형병원수":0,
            "500m이내공원수":1,
            "3km이내혐오시설수":0,
            "초등학교학업성취도":90.02,
            "중학교학업성취도":60.6,
            "용적률":251,
            "건폐율":29,
            "Y":36.975097,
            "X":127.801385,
            "rank":102.0,
            "area_info":"23평(78.32), 28평(93.56)",
            "last_sales":"2022-01-26,5350.0,23평(78.32)",
            "rank_history":[
                [
                    "202203",
                    102
                ],
                [
                    "202202",
                    9999
                ]
            ],
            "rank_gap":9999
        }
    ]
}