{
    "schema":{
        "fields":[
            {
                "name":"index",
                "type":"integer"
            },
            {
                "name":"아파트명",
                "type":"string"
            },
            {
                "name":"투자타입",
                "type":"string"
            },
            {
                "name":"전용면적(m2)",
                "type":"string"
            },
            {
                "name":"전용면적(평)",
                "type":"string"
            },
            {
                "name":"법정동주소",
                "type":"string"
            },
            {
                "name":"도로명주소",
                "type":"string"
            },
            {
                "name":"세대수",
                "type":"integer"
            },
            {
                "name":"입주년차",
                "type":"string"
            },
            {
                "name":"용적률점수",
                "type":"string"
            },
            {
                "name":"건폐율점수",
                "type":"string"
            },
            {
                "name":"세대당주차수",
                "type":"string"
            },
            {
                "name":"난방방식",
                "type":"string"
            },
            {
                "name":"공급면적",
                "type":"string"
            },
            {
                "name":"전용률",
                "type":"string"
            },
            {
                "name":"욕실수",
                "type":"string"
            },
            {
                "name":"현관타입",
                "type":"string"
            },
            {
                "name":"주거총점",
                "type":"number"
            },
            {
                "name":"지역구공급총점",
                "type":"number"
            },
            {
                "name":"역세권",
                "type":"string"
            },
            {
                "name":"30분내 이동가능 거점",
                "type":"string"
            },
            {
                "name":"1시간내 이동가능 거점",
                "type":"string"
            },
            {
                "name":"교통총점",
                "type":"string"
            },
            {
                "name":"백화점",
                "type":"integer"
            },
            {
                "name":"아울렛몰",
                "type":"integer"
            },
            {
                "name":"대형마트",
                "type":"integer"
            },
            {
                "name":"은행",
                "type":"integer"
            },
            {
                "name":"병원",
                "type":"integer"
            },
            {
                "name":"종합병원",
                "type":"integer"
            },
            {
                "name":"공원",
                "type":"integer"
            },
            {
                "name":"혐오시설",
                "type":"integer"
            },
            {
                "name":"인프라총점",
                "type":"number"
            },
            {
                "name":"초등학군",
                "type":"number"
            },
            {
                "name":"중학군",
                "type":"number"
            },
            {
                "name":"학군총점",
                "type":"number"
            },
            {
                "name":"인구수",
                "type":"number"
            },
            {
                "name":"인구증감",
                "type":"number"
            },
            {
                "name":"인구총점",
                "type":"number"
            },
            {
                "name":"일자리",
                "type":"number"
            },
            {
                "name":"소득수준",
                "type":"number"
            },
            {
                "name":"일자리총점",
                "type":"number"
            },
            {
                "name":"가치 총점",
                "type":"number"
            },
            {
                "name":"매매실거래년",
                "type":"string"
            },
            {
                "name":"매매실거래가",
                "type":"number"
            },
            {
                "name":"전세실거래년",
                "type":"number"
            },
            {
                "name":"전세실거래가",
                "type":"number"
            },
            {
                "name":"전세가율",
                "type":"number"
            },
            {
                "name":"장기전세가율평균",
                "type":"string"
            },
            {
                "name":"전세가율거품지수",
                "type":"string"
            },
            {
                "name":"검색코드",
                "type":"integer"
            },
            {
                "name":"세대수",
                "type":"number"
            },
            {
                "name":"준공년월",
                "type":"string"
            },
            {
                "name":"준공년차",
                "type":"number"
            },
            {
                "name":"가까운역이름",
                "type":"string"
            },
            {
                "name":"가까운역거리",
                "type":"string"
            },
            {
                "name":"역세권여부",
                "type":"string"
            },
            {
                "name":"30분이내주요거점역",
                "type":"string"
            },
            {
                "name":"30분거점역이름",
                "type":"string"
            },
            {
                "name":"1시간이내주요거점역",
                "type":"string"
            },
            {
                "name":"1시간거점역이름",
                "type":"string"
            },
            {
                "name":"3km이내백화점수",
                "type":"integer"
            },
            {
                "name":"5km이내아울렛몰수",
                "type":"integer"
            },
            {
                "name":"1km이내대형먀트수",
                "type":"integer"
            },
            {
                "name":"500m이내은행수",
                "type":"integer"
            },
            {
                "name":"500m이내병원수",
                "type":"integer"
            },
            {
                "name":"5km이내대형병원수",
                "type":"integer"
            },
            {
                "name":"500m이내공원수",
                "type":"integer"
            },
            {
                "name":"3km이내혐오시설수",
                "type":"integer"
            },
            {
                "name":"초등학교학업성취도",
                "type":"number"
            },
            {
                "name":"중학교학업성취도",
                "type":"number"
            },
            {
                "name":"용적률",
                "type":"integer"
            },
            {
                "name":"건폐율",
                "type":"integer"
            },
            {
                "name":"Y",
                "type":"number"
            },
            {
                "name":"X",
                "type":"number"
            },
            {
                "name":"rank",
                "type":"number"
            },
            {
                "name":"area_info",
                "type":"string"
            },
            {
                "name":"last_sales",
                "type":"string"
            },
            {
                "name":"rank_history",
                "type":"string"
            },
            {
                "name":"rank_gap",
                "type":"integer"
            }
        ],
        "primaryKey":[
            "index"
        ],
        "pandas_version":"1.4.0"
    },
    "data":[
        {
            "index":114,
            "아파트명":"LH이노밸리",
            "투자타입":"일반",
            "전용면적(m2)":"97.7",
            "전용면적(평)":"29평",
            "법정동주소":"충청북도 음성군 맹동면 동성리 246",
            "도로명주소":"충청북도 음성군 학예로 55",
            "세대수":90,
            "입주년차":80,
            "용적률점수":"--",
            "건폐율점수":"--",
            "세대당주차수":30,
            "난방방식":30,
            "공급면적":"--",
            "전용률":"--",
            "욕실수":100,
            "현관타입":100,
            "주거총점":75.0,
            "지역구공급총점":0.0,
            "역세권":"NA",
            "30분내 이동가능 거점":"NA",
            "1시간내 이동가능 거점":"NA",
            "교통총점":"NA",
            "백화점":0,
            "아울렛몰":0,
            "대형마트":80,
            "은행":0,
            "병원":30,
            "종합병원":0,
            "공원":100,
            "혐오시설":0,
            "인프라총점":18.0,
            "초등학군":90.0,
            "중학군":43.3,
            "학군총점":52.64,
            "인구수":9.62,
            "인구증감":-0.94,
            "인구총점":6.452,
            "일자리":10.44,
            "소득수준":65.22,
            "일자리총점":26.874,
            "가치 총점":46.61,
            "매매실거래년":20220111.0,
            "매매실거래가":35500.0,
            "전세실거래년":20220118.0,
            "전세실거래가":24000.0,
            "전세가율":77.42,
            "장기전세가율평균":"NA",
            "전세가율거품지수":"NA",
            "검색코드":105154,
            "세대수":1074.0,
            "준공년월":"2014-05-15",
            "준공년차":9.0,
            "가까운역이름":"NA",
            "가까운역거리":"NA",
            "역세권여부":"NA",
            "30분이내주요거점역":"NA",
            "30분거점역이름":"NA",
            "1시간이내주요거점역":"NA",
            "1시간거점역이름":"NA",
            "3km이내백화점수":0,
            "5km이내아울렛몰수":0,
            "1km이내대형먀트수":1,
            "500m이내은행수":0,
            "500m이내병원수":6,
            "5km이내대형병원수":0,
            "500m이내공원수":10,
            "3km이내혐오시설수":0,
            "초등학교학업성취도":90.0,
            "중학교학업성취도":71.5,
            "용적률":179,
            "건폐율":12,
            "Y":36.913839,
            "X":127.541648,
            "rank":1.0,
            "area_info":"29평(97.7), 29평(97.7), 33평(110.98), 33평(110.8), 33평(110.98)",
            "last_sales":"2022-01-11,35500.0,33평(110.8)",
            "rank_history":[
                [
                    "202203",
                    1
                ],
                [
                    "202202",
                    1
                ],
                [
                    "202201",
                    1
                ]
            ],
            "rank_gap":0
        },
        {
            "index":110,
            "아파트명":"LH쌍용예가",
            "투자타입":"일반",
            "전용면적(m2)":"84.63",
            "전용면적(평)":"25평",
            "법정동주소":"충청북도 음성군 맹동면 동성리 445",
            "도로명주소":"충청북도 음성군 사예로 20",
            "세대수":80,
            "입주년차":80,
            "용적률점수":"--",
            "건폐율점수":"--",
            "세대당주차수":30,
            "난방방식":30,
            "공급면적":"--",
            "전용률":"--",
            "욕실수":100,
            "현관타입":100,
            "주거총점":71.5,
            "지역구공급총점":0.0,
            "역세권":"NA",
            "30분내 이동가능 거점":"NA",
            "1시간내 이동가능 거점":"NA",
            "교통총점":"NA",
            "백화점":0,
            "아울렛몰":0,
            "대형마트":80,
            "은행":0,
            "병원":30,
            "종합병원":0,
            "공원":100,
            "혐오시설":0,
            "인프라총점":18.0,
            "초등학군":90.0,
            "중학군":43.3,
            "학군총점":52.64,
            "인구수":9.62,
            "인구증감":-0.94,
            "인구총점":6.452,
            "일자리":10.44,
            "소득수준":65.22,
            "일자리총점":26.874,
            "가치 총점":45.385,
            "매매실거래년":20220219.0,
            "매매실거래가":29500.0,
            "전세실거래년":20220224.0,
            "전세실거래가":14700.0,
            "전세가율":49.83,
            "장기전세가율평균":"NA",
            "전세가율거품지수":"NA",
            "검색코드":107119,
            "세대수":896.0,
            "준공년월":"2014-12-17",
            "준공년차":9.0,
            "가까운역이름":"NA",
            "가까운역거리":"NA",
            "역세권여부":"NA",
            "30분이내주요거점역":"NA",
            "30분거점역이름":"NA",
            "1시간이내주요거점역":"NA",
            "1시간거점역이름":"NA",
            "3km이내백화점수":0,
            "5km이내아울렛몰수":0,
            "1km이내대형먀트수":1,
            "500m이내은행수":0,
            "500m이내병원수":9,
            "5km이내대형병원수":0,
            "500m이내공원수":6,
            "3km이내혐오시설수":0,
            "초등학교학업성취도":90.0,
            "중학교학업성취도":71.5,
            "용적률":158,
            "건폐율":12,
            "Y":36.911152,
            "X":127.539116,
            "rank":2.0,
            "area_info":"25평(84.63), 25평(84.78), 25평(84.78), 25평(85.44)",
            "last_sales":"2022-02-19,29500.0,25평(84.63)",
            "rank_history":[
                [
                    "202203",
                    2
                ],
                [
                    "202202",
                    2
                ],
                [
                    "202201",
                    3
                ]
            ],
            "rank_gap":0
        },
        {
            "index":122,
            "아파트명":"충북혁신도시영무예다음3차",
            "투자타입":"일반",
            "전용면적(m2)":"111.31",
            "전용면적(평)":"33평",
            "법정동주소":"충청북도 음성군 맹동면 동성리 523",
            "도로명주소":"충청북도 음성군 장성1길 9",
            "세대수":50,
            "입주년차":80,
            "용적률점수":"--",
            "건폐율점수":"--",
            "세대당주차수":30,
            "난방방식":30,
            "공급면적":"--",
            "전용률":"--",
            "욕실수":100,
            "현관타입":100,
            "주거총점":61.0,
            "지역구공급총점":0.0,
            "역세권":"NA",
            "30분내 이동가능 거점":"NA",
            "1시간내 이동가능 거점":"NA",
            "교통총점":"NA",
            "백화점":0,
            "아울렛몰":0,
            "대형마트":80,
            "은행":0,
            "병원":30,
            "종합병원":0,
            "공원":100,
            "혐오시설":0,
            "인프라총점":18.0,
            "초등학군":90.0,
            "중학군":43.3,
            "학군총점":52.64,
            "인구수":9.62,
            "인구증감":-0.94,
            "인구총점":6.452,
            "일자리":10.44,
            "소득수준":65.22,
            "일자리총점":26.874,
            "가치 총점":41.71,
            "매매실거래년":20220103.0,
            "매매실거래가":45500.0,
            "전세실거래년":20220222.0,
            "전세실거래가":33000.0,
            "전세가율":72.53,
            "장기전세가율평균":"NA",
            "전세가율거품지수":"NA",
            "검색코드":111030,
            "세대수":694.0,
            "준공년월":"2017-06-15",
            "준공년차":6.0,
            "가까운역이름":"NA",
            "가까운역거리":"NA",
            "역세권여부":"NA",
            "30분이내주요거점역":"NA",
            "30분거점역이름":"NA",
            "1시간이내주요거점역":"NA",
            "1시간거점역이름":"NA",
            "3km이내백화점수":0,
            "5km이내아울렛몰수":0,
            "1km이내대형먀트수":1,
            "500m이내은행수":0,
            "500m이내병원수":7,
            "5km이내대형병원수":0,
            "500m이내공원수":4,
            "3km이내혐오시설수":0,
            "초등학교학업성취도":90.0,
            "중학교학업성취도":71.5,
            "용적률":179,
            "건폐율":18,
            "Y":36.909652,
            "X":127.537936,
            "rank":3.0,
            "area_info":"33평(111.31), 33평(112.13), 33평(112.12)",
            "last_sales":"2022-01-03,45500.0,33평(111.31)",
            "rank_history":[
                [
                    "202203",
                    3
                ],
                [
                    "202202",
                    3
                ],
                [
                    "202201",
                    5
                ]
            ],
            "rank_gap":0
        },
        {
            "index":38,
            "아파트명":"음성금왕시티프라디움",
            "투자타입":"일반",
            "전용면적(m2)":"96.09",
            "전용면적(평)":"29평",
            "법정동주소":"충청북도 음성군 금왕읍 금석리 482",
            "도로명주소":"충청북도 음성군 대금로 1557-14",
            "세대수":50,
            "입주년차":80,
            "용적률점수":"--",
            "건폐율점수":"--",
            "세대당주차수":60,
            "난방방식":30,
            "공급면적":"--",
            "전용률":"--",
            "욕실수":100,
            "현관타입":100,
            "주거총점":65.5,
            "지역구공급총점":0.0,
            "역세권":"NA",
            "30분내 이동가능 거점":"NA",
            "1시간내 이동가능 거점":"NA",
            "교통총점":"NA",
            "백화점":0,
            "아울렛몰":0,
            "대형마트":80,
            "은행":0,
            "병원":0,
            "종합병원":0,
            "공원":100,
            "혐오시설":0,
            "인프라총점":15.0,
            "초등학군":90.01,
            "중학군":39.08,
            "학군총점":49.266,
            "인구수":9.62,
            "인구증감":-0.94,
            "인구총점":6.452,
            "일자리":10.44,
            "소득수준":65.22,
            "일자리총점":26.874,
            "가치 총점":41.2415,
            "매매실거래년":20211111.0,
            "매매실거래가":36500.0,
            "전세실거래년":20200523.0,
            "전세실거래가":11500.0,
            "전세가율":56.1,
            "장기전세가율평균":"NA",
            "전세가율거품지수":"NA",
            "검색코드":110313,
            "세대수":428.0,
            "준공년월":"2017-05-21",
            "준공년차":6.0,
            "가까운역이름":"NA",
            "가까운역거리":"NA",
            "역세권여부":"NA",
            "30분이내주요거점역":"NA",
            "30분거점역이름":"NA",
            "1시간이내주요거점역":"NA",
            "1시간거점역이름":"NA",
            "3km이내백화점수":0,
            "5km이내아울렛몰수":0,
            "1km이내대형먀트수":1,
            "500m이내은행수":0,
            "500m이내병원수":0,
            "5km이내대형병원수":0,
            "500m이내공원수":3,
            "3km이내혐오시설수":0,
            "초등학교학업성취도":90.01,
            "중학교학업성취도":64.8,
            "용적률":158,
            "건폐율":14,
            "Y":36.99219,
            "X":127.605651,
            "rank":4.0,
            "area_info":"29평(96.09), 33평(109.14), 33평(109.75)",
            "last_sales":"2021-11-11,36500.0,33평(109.75)",
            "rank_history":[
                [
                    "202203",
                    4
                ],
                [
                    "202202",
                    4
                ],
                [
                    "202201",
                    2
                ]
            ],
            "rank_gap":0
        },
        {
            "index":148,
            "아파트명":"아우룸",
            "투자타입":"일반",
            "전용면적(m2)":"88.06",
            "전용면적(평)":"26평",
            "법정동주소":"충청북도 음성군 음성읍 읍내리 352-8",
            "도로명주소":"충청북도 음성군 시장로 53",
            "세대수":0,
            "입주년차":80,
            "용적률점수":"--",
            "건폐율점수":"--",
            "세대당주차수":30,
            "난방방식":30,
            "공급면적":"--",
            "전용률":"--",
            "욕실수":100,
            "현관타입":100,
            "주거총점":43.5,
            "지역구공급총점":0.0,
            "역세권":"NA",
            "30분내 이동가능 거점":"NA",
            "1시간내 이동가능 거점":"NA",
            "교통총점":"NA",
            "백화점":0,
            "아울렛몰":0,
            "대형마트":80,
            "은행":0,
            "병원":60,
            "종합병원":0,
            "공원":100,
            "혐오시설":0,
            "인프라총점":21.0,
            "초등학군":90.0,
            "중학군":54.9,
            "학군총점":61.92,
            "인구수":9.62,
            "인구증감":-0.94,
            "인구총점":6.452,
            "일자리":10.44,
            "소득수준":65.22,
            "일자리총점":26.874,
            "가치 총점":39.105,
            "매매실거래년":20220107.0,
            "매매실거래가":14000.0,
            "전세실거래년":20190916.0,
            "전세실거래가":10000.0,
            "전세가율":71.43,
            "장기전세가율평균":"NA",
            "전세가율거품지수":"NA",
            "검색코드":126096,
            "세대수":50.0,
            "준공년월":"2017-04-21",
            "준공년차":6.0,
            "가까운역이름":"NA",
            "가까운역거리":"NA",
            "역세권여부":"NA",
            "30분이내주요거점역":"NA",
            "30분거점역이름":"NA",
            "1시간이내주요거점역":"NA",
            "1시간거점역이름":"NA",
            "3km이내백화점수":0,
            "5km이내아울렛몰수":0,
            "1km이내대형먀트수":1,
            "500m이내은행수":0,
            "500m이내병원수":13,
            "5km이내대형병원수":0,
            "500m이내공원수":2,
            "3km이내혐오시설수":0,
            "초등학교학업성취도":90.0,
            "중학교학업성취도":91.5,
            "용적률":368,
            "건폐율":48,
            "Y":36.932522,
            "X":127.694061,
            "rank":5.0,
            "area_info":"26평(88.06), 29평(96.63), 34평(113.54), 35평(116.57)",
            "last_sales":"2022-01-07,14000.0,26평(88.06)",
            "rank_history":[
                [
                    "202203",
                    5
                ],
                [
                    "202202",
                    9999
                ]
            ],
            "rank_gap":9999
        },
        {
            "index":178,
            "아파트명":"음성지평더웰2차",
            "투자타입":"일반",
            "전용면적(m2)":"95.9",
            "전용면적(평)":"29평",
            "법정동주소":"충청북도 음성군 음성읍 읍내리 951",
            "도로명주소":"충청북도 음성군 설성공원길 33-9",
            "세대수":0,
            "입주년차":80,
            "용적률점수":"--",
            "건폐율점수":"--",
            "세대당주차수":30,
            "난방방식":30,
            "공급면적":"--",
            "전용률":"--",
            "욕실수":100,
            "현관타입":100,
            "주거총점":43.5,
            "지역구공급총점":0.0,
            "역세권":"NA",
            "30분내 이동가능 거점":"NA",
            "1시간내 이동가능 거점":"NA",
            "교통총점":"NA",
            "백화점":0,
            "아울렛몰":0,
            "대형마트":80,
            "은행":0,
            "병원":60,
            "종합병원":0,
            "공원":100,
            "혐오시설":0,
            "인프라총점":21.0,
            "초등학군":90.01,
            "중학군":43.02,
            "학군총점":52.418,
            "인구수":9.62,
            "인구증감":-0.94,
            "인구총점":6.452,
            "일자리":10.44,
            "소득수준":65.22,
            "일자리총점":26.874,
            "가치 총점":36.7295,
            "매매실거래년":20211221.0,
            "매매실거래가":30000.0,
            "전세실거래년":20190715.0,
            "전세실거래가":15000.0,
            "전세가율":62.5,
            "장기전세가율평균":"NA",
            "전세가율거품지수":"NA",
            "검색코드":112729,
            "세대수":136.0,
            "준공년월":"2017-07-20",
            "준공년차":6.0,
            "가까운역이름":"NA",
            "가까운역거리":"NA",
            "역세권여부":"NA",
            "30분이내주요거점역":"NA",
            "30분거점역이름":"NA",
            "1시간이내주요거점역":"NA",
            "1시간거점역이름":"NA",
            "3km이내백화점수":0,
            "5km이내아울렛몰수":0,
            "1km이내대형먀트수":1,
            "500m이내은행수":0,
            "500m이내병원수":17,
            "5km이내대형병원수":0,
            "500m이내공원수":2,
            "3km이내혐오시설수":0,
            "초등학교학업성취도":90.01,
            "중학교학업성취도":71.7,
            "용적률":211,
            "건폐율":26,
            "Y":36.932332,
            "X":127.689803,
            "rank":6.0,
            "area_info":"29평(95.9), 33평(112.39)",
            "last_sales":"2021-12-21,30000.0,33평(112.39)",
            "rank_history":[
                [
                    "202203",
                    6
                ],
                [
                    "202202",
                    5
                ],
                [
                    "202201",
                    4
                ]
            ],
            "rank_gap":-1
        },
        {
            "index":36,
            "아파트명":"음성금왕두진하트리움",
            "투자타입":"일반",
            "전용면적(m2)":"92.21",
            "전용면적(평)":"27평",
            "법정동주소":"충청북도 음성군 금왕읍 금석리 340-7",
            "도로명주소":"충청북도 음성군 대금로 1458-5",
            "세대수":30,
            "입주년차":40,
            "용적률점수":"--",
            "건폐율점수":"--",
            "세대당주차수":60,
            "난방방식":30,
            "공급면적":"--",
            "전용률":"--",
            "욕실수":100,
            "현관타입":100,
            "주거총점":50.5,
            "지역구공급총점":0.0,
            "역세권":"NA",
            "30분내 이동가능 거점":"NA",
            "1시간내 이동가능 거점":"NA",
            "교통총점":"NA",
            "백화점":0,
            "아울렛몰":0,
            "대형마트":80,
            "은행":0,
            "병원":0,
            "종합병원":0,
            "공원":80,
            "혐오시설":0,
            "인프라총점":14.4,
            "초등학군":89.96,
            "중학군":39.08,
            "학군총점":49.256,
            "인구수":9.62,
            "인구증감":-0.94,
            "인구총점":6.452,
            "일자리":10.44,
            "소득수준":65.22,
            "일자리총점":26.874,
            "가치 총점":35.749,
            "매매실거래년":20220123.0,
            "매매실거래가":26000.0,
            "전세실거래년":20190407.0,
            "전세실거래가":11000.0,
            "전세가율":50.0,
            "장기전세가율평균":"NA",
            "전세가율거품지수":"NA",
            "검색코드":101377,
            "세대수":360.0,
            "준공년월":"2007-12-14",
            "준공년차":16.0,
            "가까운역이름":"NA",
            "가까운역거리":"NA",
            "역세권여부":"NA",
            "30분이내주요거점역":"NA",
            "30분거점역이름":"NA",
            "1시간이내주요거점역":"NA",
            "1시간거점역이름":"NA",
            "3km이내백화점수":0,
            "5km이내아울렛몰수":0,
            "1km이내대형먀트수":1,
            "500m이내은행수":0,
            "500m이내병원수":1,
            "5km이내대형병원수":0,
            "500m이내공원수":1,
            "3km이내혐오시설수":0,
            "초등학교학업성취도":89.96,
            "중학교학업성취도":64.8,
            "용적률":204,
            "건폐율":18,
            "Y":36.987946,
            "X":127.595125,
            "rank":7.0,
            "area_info":"27평(92.21), 35평(117.19)",
            "last_sales":"2022-01-23,26000.0,35평(117.19)",
            "rank_history":[
                [
                    "202203",
                    7
                ],
                [
                    "202202",
                    6
                ],
                [
                    "202201",
                    8
                ]
            ],
            "rank_gap":-1
        },
        {
            "index":173,
            "아파트명":"음성지평더웰",
            "투자타입":"일반",
            "전용면적(m2)":"82.79",
            "전용면적(평)":"25평",
            "법정동주소":"충청북도 음성군 음성읍 읍내리 950",
            "도로명주소":"충청북도 음성군 설성공원길 23-7",
            "세대수":0,
            "입주년차":60,
            "용적률점수":"--",
            "건폐율점수":"--",
            "세대당주차수":30,
            "난방방식":30,
            "공급면적":"--",
            "전용률":"--",
            "욕실수":100,
            "현관타입":100,
            "주거총점":39.5,
            "지역구공급총점":0.0,
            "역세권":"NA",
            "30분내 이동가능 거점":"NA",
            "1시간내 이동가능 거점":"NA",
            "교통총점":"NA",
            "백화점":0,
            "아울렛몰":0,
            "대형마트":80,
            "은행":0,
            "병원":60,
            "종합병원":0,
            "공원":100,
            "혐오시설":0,
            "인프라총점":21.0,
            "초등학군":90.01,
            "중학군":43.02,
            "학군총점":52.418,
            "인구수":9.62,
            "인구증감":-0.94,
            "인구총점":6.452,
            "일자리":10.44,
            "소득수준":65.22,
            "일자리총점":26.874,
            "가치 총점":35.3295,
            "매매실거래년":20211109.0,
            "매매실거래가":17000.0,
            "전세실거래년":20190714.0,
            "전세실거래가":8500.0,
            "전세가율":50.0,
            "장기전세가율평균":"NA",
            "전세가율거품지수":"NA",
            "검색코드":104903,
            "세대수":269.0,
            "준공년월":"2012-10-15",
            "준공년차":11.0,
            "가까운역이름":"NA",
            "가까운역거리":"NA",
            "역세권여부":"NA",
            "30분이내주요거점역":"NA",
            "30분거점역이름":"NA",
            "1시간이내주요거점역":"NA",
            "1시간거점역이름":"NA",
            "3km이내백화점수":0,
            "5km이내아울렛몰수":0,
            "1km이내대형먀트수":1,
            "500m이내은행수":0,
            "500m이내병원수":16,
            "5km이내대형병원수":0,
            "500m이내공원수":2,
            "3km이내혐오시설수":0,
            "초등학교학업성취도":90.01,
            "중학교학업성취도":71.7,
            "용적률":219,
            "건폐율":21,
            "Y":36.931657,
            "X":127.69012,
            "rank":8.0,
            "area_info":"25평(82.79), 30평(99.28), 31평(103.39), 34평(112.79), 45평(149.04)",
            "last_sales":"2021-11-09,17000.0,25평(82.79)",
            "rank_history":[
                [
                    "202203",
                    8
                ],
                [
                    "202202",
                    8
                ],
                [
                    "202201",
                    7
                ]
            ],
            "rank_gap":0
        },
        {
            "index":169,
            "아파트명":"유웅",
            "투자타입":"재건축",
            "전용면적(m2)":"92.07",
            "전용면적(평)":"27평",
            "법정동주소":"충청북도 음성군 음성읍 215-1",
            "도로명주소":"충청북도 음성군 오성길24번길 4",
            "세대수":0,
            "입주년차":"--",
            "용적률점수":80,
            "건폐율점수":40,
            "세대당주차수":"--",
            "난방방식":"--",
            "공급면적":70,
            "전용률":60,
            "욕실수":"--",
            "현관타입":"--",
            "주거총점":46.5,
            "지역구공급총점":0.0,
            "역세권":"NA",
            "30분내 이동가능 거점":"NA",
            "1시간내 이동가능 거점":"NA",
            "교통총점":"NA",
            "백화점":0,
            "아울렛몰":0,
            "대형마트":80,
            "은행":0,
            "병원":0,
            "종합병원":0,
            "공원":80,
            "혐오시설":0,
            "인프라총점":14.4,
            "초등학군":90.01,
            "중학군":43.02,
            "학군총점":52.418,
            "인구수":9.62,
            "인구증감":-0.94,
            "인구총점":6.452,
            "일자리":10.44,
            "소득수준":65.22,
            "일자리총점":26.874,
            "가치 총점":35.1395,
            "매매실거래년":20211117.0,
            "매매실거래가":4500.0,
            "전세실거래년":20150319.0,
            "전세실거래가":3500.0,
            "전세가율":62.5,
            "장기전세가율평균":"NA",
            "전세가율거품지수":"NA",
            "검색코드":103979,
            "세대수":110.0,
            "준공년월":"1990-09-19",
            "준공년차":33.0,
            "가까운역이름":"NA",
            "가까운역거리":"NA",
            "역세권여부":"NA",
            "30분이내주요거점역":"NA",
            "30분거점역이름":"NA",
            "1시간이내주요거점역":"NA",
            "1시간거점역이름":"NA",
            "3km이내백화점수":0,
            "5km이내아울렛몰수":0,
            "1km이내대형먀트수":1,
            "500m이내은행수":0,
            "500m이내병원수":0,
            "5km이내대형병원수":0,
            "500m이내공원수":1,
            "3km이내혐오시설수":0,
            "초등학교학업성취도":90.01,
            "중학교학업성취도":71.7,
            "용적률":166,
            "건폐율":35,
            "Y":36.926946,
            "X":127.687434,
            "rank":9.0,
            "area_info":"27평(92.07), 28평(94.66), 30평(101.64), 31평(102.61)",
            "last_sales":"2021-11-17,4500.0,31평(102.61)",
            "rank_history":[
                [
                    "202203",
                    9
                ],
                [
                    "202202",
                    7
                ],
                [
                    "202201",
                    6
                ]
            ],
            "rank_gap":-2
        },
        {
            "index":181,
            "아파트명":"태영",
            "투자타입":"일반",
            "전용면적(m2)":"121.06",
            "전용면적(평)":"36평",
            "법정동주소":"충청북도 음성군 음성읍 읍내리 353-11",
            "도로명주소":"충청북도 음성군 시장로63번길 3",
            "세대수":0,
            "입주년차":20,
            "용적률점수":"--",
            "건폐율점수":"--",
            "세대당주차수":30,
            "난방방식":30,
            "공급면적":"--",
            "전용률":"--",
            "욕실수":100,
            "현관타입":100,
            "주거총점":31.5,
            "지역구공급총점":0.0,
            "역세권":"NA",
            "30분내 이동가능 거점":"NA",
            "1시간내 이동가능 거점":"NA",
            "교통총점":"NA",
            "백화점":0,
            "아울렛몰":0,
            "대형마트":80,
            "은행":0,
            "병원":60,
            "종합병원":0,
            "공원":100,
            "혐오시설":0,
            "인프라총점":21.0,
            "초등학군":90.02,
            "중학군":54.9,
            "학군총점":61.924,
            "인구수":9.62,
            "인구증감":-0.94,
            "인구총점":6.452,
            "일자리":10.44,
            "소득수준":65.22,
            "일자리총점":26.874,
            "가치 총점":34.906,
            "매매실거래년":20210608.0,
            "매매실거래가":15400.0,
            "전세실거래년":20120709.0,
            "전세실거래가":7000.0,
            "전세가율":45.45,
            "장기전세가율평균":"NA",
            "전세가율거품지수":"NA",
            "검색코드":136852,
            "세대수":60.0,
            "준공년월":"2003-03-05",
            "준공년차":20.0,
            "가까운역이름":"NA",
            "가까운역거리":"NA",
            "역세권여부":"NA",
            "30분이내주요거점역":"NA",
            "30분거점역이름":"NA",
            "1시간이내주요거점역":"NA",
            "1시간거점역이름":"NA",
            "3km이내백화점수":0,
            "5km이내아울렛몰수":0,
            "1km이내대형먀트수":1,
            "500m이내은행수":0,
            "500m이내병원수":17,
            "5km이내대형병원수":0,
            "500m이내공원수":3,
            "3km이내혐오시설수":0,
            "초등학교학업성취도":90.02,
            "중학교학업성취도":91.5,
            "용적률":271,
            "건폐율":31,
            "Y":36.933083,
            "X":127.693551,
            "rank":10.0,
            "area_info":"36평(121.06), 43평(143.87)",
            "last_sales":"2021-06-08,15400.0,36평(121.06)",
            "rank_history":[
                [
                    "202203",
                    10
                ],
                [
                    "202202",
                    9999
                ]
            ],
            "rank_gap":9999
        },
        {
            "index":63,
            "아파트명":"대소웰메이드타운",
            "투자타입":"일반",
            "전용면적(m2)":"98.45",
            "전용면적(평)":"29평",
            "법정동주소":"충청북도 음성군 대소면 태생리 765",
            "도로명주소":"충청북도 음성군 대화1길 44-8",
            "세대수":50,
            "입주년차":80,
            "용적률점수":"--",
            "건폐율점수":"--",
            "세대당주차수":30,
            "난방방식":30,
            "공급면적":"--",
            "전용률":"--",
            "욕실수":100,
            "현관타입":100,
            "주거총점":61.0,
            "지역구공급총점":0.0,
            "역세권":"NA",
            "30분내 이동가능 거점":"NA",
            "1시간내 이동가능 거점":"NA",
            "교통총점":"NA",
            "백화점":0,
            "아울렛몰":0,
            "대형마트":0,
            "은행":0,
            "병원":10,
            "종합병원":0,
            "공원":100,
            "혐오시설":0,
            "인프라총점":4.0,
            "초등학군":90.02,
            "중학군":37.14,
            "학군총점":47.716,
            "인구수":9.62,
            "인구증감":-0.94,
            "인구총점":6.452,
            "일자리":10.44,
            "소득수준":65.22,
            "일자리총점":26.874,
            "가치 총점":34.879,
            "매매실거래년":20220130.0,
            "매매실거래가":22900.0,
            "전세실거래년":20211129.0,
            "전세실거래가":9500.0,
            "전세가율":44.19,
            "장기전세가율평균":"NA",
            "전세가율거품지수":"NA",
            "검색코드":112341,
            "세대수":409.0,
            "준공년월":"2018-04-01",
            "준공년차":5.0,
            "가까운역이름":"NA",
            "가까운역거리":"NA",
            "역세권여부":"NA",
            "30분이내주요거점역":"NA",
            "30분거점역이름":"NA",
            "1시간이내주요거점역":"NA",
            "1시간거점역이름":"NA",
            "3km이내백화점수":0,
            "5km이내아울렛몰수":0,
            "1km이내대형먀트수":0,
            "500m이내은행수":0,
            "500m이내병원수":2,
            "5km이내대형병원수":0,
            "500m이내공원수":2,
            "3km이내혐오시설수":0,
            "초등학교학업성취도":90.02,
            "중학교학업성취도":61.9,
            "용적률":241,
            "건폐율":21,
            "Y":36.96316,
            "X":127.497308,
            "rank":11.0,
            "area_info":"29평(98.45), 33평(110.85), 33평(111.14)",
            "last_sales":"2022-01-30,22900.0,33평(110.85)",
            "rank_history":[
                [
                    "202203",
                    11
                ],
                [
                    "202202",
                    10
                ],
                [
                    "202201",
                    10
                ]
            ],
            "rank_gap":-1
        },
        {
            "index":59,
            "아파트명":"대소두진하트리움",
            "투자타입":"일반",
            "전용면적(m2)":"86.91",
            "전용면적(평)":"26평",
            "법정동주소":"충청북도 음성군 대소면 태생리 756",
            "도로명주소":"충청북도 음성군 대금로 552-12",
            "세대수":50,
            "입주년차":60,
            "용적률점수":"--",
            "건폐율점수":"--",
            "세대당주차수":60,
            "난방방식":30,
            "공급면적":"--",
            "전용률":"--",
            "욕실수":100,
            "현관타입":100,
            "주거총점":61.5,
            "지역구공급총점":0.0,
            "역세권":"NA",
            "30분내 이동가능 거점":"NA",
            "1시간내 이동가능 거점":"NA",
            "교통총점":"NA",
            "백화점":0,
            "아울렛몰":0,
            "대형마트":0,
            "은행":0,
            "병원":10,
            "종합병원":0,
            "공원":80,
            "혐오시설":0,
            "인프라총점":3.4,
            "초등학군":90.02,
            "중학군":37.14,
            "학군총점":47.716,
            "인구수":9.62,
            "인구증감":-0.94,
            "인구총점":6.452,
            "일자리":10.44,
            "소득수준":65.22,
            "일자리총점":26.874,
            "가치 총점":34.814,
            "매매실거래년":20220212.0,
            "매매실거래가":20900.0,
            "전세실거래년":20201120.0,
            "전세실거래가":10000.0,
            "전세가율":76.92,
            "장기전세가율평균":"NA",
            "전세가율거품지수":"NA",
            "검색코드":103555,
            "세대수":407.0,
            "준공년월":"2012-02-22",
            "준공년차":11.0,
            "가까운역이름":"NA",
            "가까운역거리":"NA",
            "역세권여부":"NA",
            "30분이내주요거점역":"NA",
            "30분거점역이름":"NA",
            "1시간이내주요거점역":"NA",
            "1시간거점역이름":"NA",
            "3km이내백화점수":0,
            "5km이내아울렛몰수":0,
            "1km이내대형먀트수":0,
            "500m이내은행수":0,
            "500m이내병원수":2,
            "5km이내대형병원수":0,
            "500m이내공원수":1,
            "3km이내혐오시설수":0,
            "초등학교학업성취도":90.02,
            "중학교학업성취도":61.9,
            "용적률":218,
            "건폐율":22,
            "Y":36.965421,
            "X":127.49909,
            "rank":12.0,
            "area_info":"26평(86.91), 28평(95.64), 33평(111.1), 54평(179.59)",
            "last_sales":"2022-02-12,20900.0,33평(111.1)",
            "rank_history":[
                [
                    "202203",
                    12
                ],
                [
                    "202202",
                    9
                ],
                [
                    "202201",
                    9
                ]
            ],
            "rank_gap":-3
        },
        {
            "index":66,
            "아파트명":"부영사랑으로",
            "투자타입":"일반",
            "전용면적(m2)":"128.97",
            "전용면적(평)":"39평",
            "법정동주소":"충청북도 음성군 대소면 대풍리 621",
            "도로명주소":"충청북도 음성군 대청로 17",
            "세대수":30,
            "입주년차":40,
            "용적률점수":"--",
            "건폐율점수":"--",
            "세대당주차수":30,
            "난방방식":30,
            "공급면적":"--",
            "전용률":"--",
            "욕실수":100,
            "현관타입":100,
            "주거총점":46.0,
            "지역구공급총점":0.0,
            "역세권":"NA",
            "30분내 이동가능 거점":"NA",
            "1시간내 이동가능 거점":"NA",
            "교통총점":"NA",
            "백화점":0,
            "아울렛몰":0,
            "대형마트":80,
            "은행":0,
            "병원":0,
            "종합병원":0,
            "공원":0,
            "혐오시설":0,
            "인프라총점":12.0,
            "초등학군":90.0,
            "중학군":45.0,
            "학군총점":54.0,
            "인구수":9.62,
            "인구증감":-0.94,
            "인구총점":6.452,
            "일자리":10.44,
            "소득수준":65.22,
            "일자리총점":26.874,
            "가치 총점":34.4,
            "매매실거래년":20220108.0,
            "매매실거래가":17500.0,
            "전세실거래년":20220125.0,
            "전세실거래가":16000.0,
            "전세가율":91.43,
            "장기전세가율평균":"NA",
            "전세가율거품지수":"NA",
            "검색코드":103231,
            "세대수":392.0,
            "준공년월":"2006-11-27",
            "준공년차":17.0,
            "가까운역이름":"NA",
            "가까운역거리":"NA",
            "역세권여부":"NA",
            "30분이내주요거점역":"NA",
            "30분거점역이름":"NA",
            "1시간이내주요거점역":"NA",
            "1시간거점역이름":"NA",
            "3km이내백화점수":0,
            "5km이내아울렛몰수":0,
            "1km이내대형먀트수":1,
            "500m이내은행수":0,
            "500m이내병원수":0,
            "5km이내대형병원수":0,
            "500m이내공원수":0,
            "3km이내혐오시설수":0,
            "초등학교학업성취도":90.0,
            "중학교학업성취도":75.0,
            "용적률":149,
            "건폐율":17,
            "Y":36.991111,
            "X":127.449975,
            "rank":13.0,
            "area_info":"39평(128.97)",
            "last_sales":"2022-01-08,17500.0,39평(128.97)",
            "rank_history":[
                [
                    "202203",
                    13
                ],
                [
                    "202202",
                    11
                ],
                [
                    "202201",
                    11
                ]
            ],
            "rank_gap":-2
        },
        {
            "index":84,
            "아파트명":"이안음성대소",
            "투자타입":"일반",
            "전용면적(m2)":"84.48",
            "전용면적(평)":"25평",
            "법정동주소":"충청북도 음성군 대소면 소석리 626",
            "도로명주소":"충청북도 음성군 대금로 686-1",
            "세대수":50,
            "입주년차":80,
            "용적률점수":"--",
            "건폐율점수":"--",
            "세대당주차수":30,
            "난방방식":30,
            "공급면적":"--",
            "전용률":"--",
            "욕실수":100,
            "현관타입":100,
            "주거총점":61.0,
            "지역구공급총점":0.0,
            "역세권":"NA",
            "30분내 이동가능 거점":"NA",
            "1시간내 이동가능 거점":"NA",
            "교통총점":"NA",
            "백화점":0,
            "아울렛몰":0,
            "대형마트":0,
            "은행":0,
            "병원":0,
            "종합병원":0,
            "공원":0,
            "혐오시설":0,
            "인프라총점":0.0,
            "초등학군":90.02,
            "중학군":37.14,
            "학군총점":47.716,
            "인구수":9.62,
            "인구증감":-0.94,
            "인구총점":6.452,
            "일자리":10.44,
            "소득수준":65.22,
            "일자리총점":26.874,
            "가치 총점":33.279,
            "매매실거래년":20220222.0,
            "매매실거래가":19700.0,
            "전세실거래년":20210926.0,
            "전세실거래가":11000.0,
            "전세가율":61.8,
            "장기전세가율평균":"NA",
            "전세가율거품지수":"NA",
            "검색코드":111901,
            "세대수":651.0,
            "준공년월":"2018-10-01",
            "준공년차":5.0,
            "가까운역이름":"NA",
            "가까운역거리":"NA",
            "역세권여부":"NA",
            "30분이내주요거점역":"NA",
            "30분거점역이름":"NA",
            "1시간이내주요거점역":"NA",
            "1시간거점역이름":"NA",
            "3km이내백화점수":0,
            "5km이내아울렛몰수":0,
            "1km이내대형먀트수":0,
            "500m이내은행수":0,
            "500m이내병원수":0,
            "5km이내대형병원수":0,
            "500m이내공원수":0,
            "3km이내혐오시설수":0,
            "초등학교학업성취도":90.02,
            "중학교학업성취도":61.9,
            "용적률":172,
            "건폐율":14,
            "Y":36.968591,
            "X":127.511738,
            "rank":14.0,
            "area_info":"25평(84.48), 25평(85.33), 30평(100.52), 33평(112.02)",
            "last_sales":"2022-02-22,19700.0,30평(100.52)",
            "rank_history":[
                [
                    "202203",
                    14
                ],
                [
                    "202202",
                    13
                ],
                [
                    "202201",
                    12
                ]
            ],
            "rank_gap":-1
        },
        {
            "index":6,
            "아파트명":"대신리치빌",
            "투자타입":"일반",
            "전용면적(m2)":"99.36",
            "전용면적(평)":"30평",
            "법정동주소":"충청북도 음성군 감곡면 오향리 1186",
            "도로명주소":"충청북도 음성군 음성로 2634",
            "세대수":0,
            "입주년차":80,
            "용적률점수":"--",
            "건폐율점수":"--",
            "세대당주차수":60,
            "난방방식":30,
            "공급면적":"--",
            "전용률":"--",
            "욕실수":100,
            "현관타입":100,
            "주거총점":48.0,
            "지역구공급총점":0.0,
            "역세권":"NA",
            "30분내 이동가능 거점":"NA",
            "1시간내 이동가능 거점":"NA",
            "교통총점":"NA",
            "백화점":0,
            "아울렛몰":0,
            "대형마트":80,
            "은행":0,
            "병원":0,
            "종합병원":0,
            "공원":0,
            "혐오시설":0,
            "인프라총점":12.0,
            "초등학군":90.03,
            "중학군":35.46,
            "학군총점":46.374,
            "인구수":9.62,
            "인구증감":-0.94,
            "인구총점":6.452,
            "일자리":10.44,
            "소득수준":65.22,
            "일자리총점":26.874,
            "가치 총점":33.1935,
            "매매실거래년":20210812.0,
            "매매실거래가":23700.0,
            "전세실거래년":20180809.0,
            "전세실거래가":8000.0,
            "전세가율":42.11,
            "장기전세가율평균":"NA",
            "전세가율거품지수":"NA",
            "검색코드":121496,
            "세대수":98.0,
            "준공년월":"2018-05-15",
            "준공년차":5.0,
            "가까운역이름":"NA",
            "가까운역거리":"NA",
            "역세권여부":"NA",
            "30분이내주요거점역":"NA",
            "30분거점역이름":"NA",
            "1시간이내주요거점역":"NA",
            "1시간거점역이름":"NA",
            "3km이내백화점수":0,
            "5km이내아울렛몰수":0,
            "1km이내대형먀트수":1,
            "500m이내은행수":0,
            "500m이내병원수":0,
            "5km이내대형병원수":0,
            "500m이내공원수":0,
            "3km이내혐오시설수":0,
            "초등학교학업성취도":90.03,
            "중학교학업성취도":59.1,
            "용적률":188,
            "건폐율":20,
            "Y":37.110738,
            "X":127.643414,
            "rank":15.0,
            "area_info":"30평(99.36), 34평(115.64), 35평(117.84)",
            "last_sales":"2021-08-12,23700.0,35평(117.84)",
            "rank_history":[
                [
                    "202203",
                    15
                ],
                [
                    "202202",
                    9999
                ]
            ],
            "rank_gap":9999
        },
        {
            "index":4,
            "아파트명":"감곡포그니",
            "투자타입":"일반",
            "전용면적(m2)":"94.0",
            "전용면적(평)":"28평",
            "법정동주소":"충청북도 음성군 감곡면 오향리 1187",
            "도로명주소":"충청북도 음성군 오향로 17",
            "세대수":0,
            "입주년차":100,
            "용적률점수":"--",
            "건폐율점수":"--",
            "세대당주차수":30,
            "난방방식":30,
            "공급면적":"--",
            "전용률":"--",
            "욕실수":100,
            "현관타입":100,
            "주거총점":47.5,
            "지역구공급총점":0.0,
            "역세권":"NA",
            "30분내 이동가능 거점":"NA",
            "1시간내 이동가능 거점":"NA",
            "교통총점":"NA",
            "백화점":0,
            "아울렛몰":0,
            "대형마트":80,
            "은행":0,
            "병원":0,
            "종합병원":0,
            "공원":0,
            "혐오시설":0,
            "인프라총점":12.0,
            "초등학군":90.03,
            "중학군":35.46,
            "학군총점":46.374,
            "인구수":9.62,
            "인구증감":-0.94,
            "인구총점":6.452,
            "일자리":10.44,
            "소득수준":65.22,
            "일자리총점":26.874,
            "가치 총점":33.0185,
            "매매실거래년":"18000101",
            "매매실거래가":null,
            "전세실거래년":20210730.0,
            "전세실거래가":12000.0,
            "전세가율":null,
            "장기전세가율평균":"NA",
            "전세가율거품지수":"NA",
            "검색코드":141512,
            "세대수":186.0,
            "준공년월":"2021-05-12",
            "준공년차":2.0,
            "가까운역이름":"NA",
            "가까운역거리":"NA",
            "역세권여부":"NA",
            "30분이내주요거점역":"NA",
            "30분거점역이름":"NA",
            "1시간이내주요거점역":"NA",
            "1시간거점역이름":"NA",
            "3km이내백화점수":0,
            "5km이내아울렛몰수":0,
            "1km이내대형먀트수":1,
            "500m이내은행수":0,
            "500m이내병원수":0,
            "5km이내대형병원수":0,
            "500m이내공원수":0,
            "3km이내혐오시설수":0,
            "초등학교학업성취도":90.03,
            "중학교학업성취도":59.1,
            "용적률":234,
            "건폐율":20,
            "Y":37.110395,
            "X":127.644661,
            "rank":16.0,
            "area_info":"28평(94.0), 31평(102.87)",
            "last_sales":"1800-01-01,nan,28평(94.0)",
            "rank_history":[
                [
                    "202203",
                    16
                ],
                [
                    "202202",
                    12
                ],
                [
                    "202201",
                    18
                ]
            ],
            "rank_gap":-4
        },
        {
            "index":132,
            "아파트명":"생극태경에코그린",
            "투자타입":"일반",
            "전용면적(m2)":"59.68",
            "전용면적(평)":"18평",
            "법정동주소":"충청북도 음성군 생극면 신양리 465-5",
            "도로명주소":"충청북도 음성군 음성로 1663-12",
            "세대수":0,
            "입주년차":80,
            "용적률점수":"--",
            "건폐율점수":"--",
            "세대당주차수":60,
            "난방방식":30,
            "공급면적":"--",
            "전용률":"--",
            "욕실수":50,
            "현관타입":100,
            "주거총점":43.0,
            "지역구공급총점":0.0,
            "역세권":"NA",
            "30분내 이동가능 거점":"NA",
            "1시간내 이동가능 거점":"NA",
            "교통총점":"NA",
            "백화점":0,
            "아울렛몰":0,
            "대형마트":80,
            "은행":0,
            "병원":0,
            "종합병원":0,
            "공원":100,
            "혐오시설":0,
            "인프라총점":15.0,
            "초등학군":90.0,
            "중학군":34.68,
            "학군총점":45.744,
            "인구수":9.62,
            "인구증감":-0.94,
            "인구총점":6.452,
            "일자리":10.44,
            "소득수준":65.22,
            "일자리총점":26.874,
            "가치 총점":32.486,
            "매매실거래년":20211122.0,
            "매매실거래가":14500.0,
            "전세실거래년":20180913.0,
            "전세실거래가":1000.0,
            "전세가율":11.11,
            "장기전세가율평균":"NA",
            "전세가율거품지수":"NA",
            "검색코드":116635,
            "세대수":104.0,
            "준공년월":"2018-08-09",
            "준공년차":5.0,
            "가까운역이름":"NA",
            "가까운역거리":"NA",
            "역세권여부":"NA",
            "30분이내주요거점역":"NA",
            "30분거점역이름":"NA",
            "1시간이내주요거점역":"NA",
            "1시간거점역이름":"NA",
            "3km이내백화점수":0,
            "5km이내아울렛몰수":0,
            "1km이내대형먀트수":1,
            "500m이내은행수":0,
            "500m이내병원수":0,
            "5km이내대형병원수":0,
            "500m이내공원수":2,
            "3km이내혐오시설수":0,
            "초등학교학업성취도":90.0,
            "중학교학업성취도":57.8,
            "용적률":198,
            "건폐율":17,
            "Y":37.034922,
            "X":127.603034,
            "rank":17.0,
            "area_info":"18평(59.68), 24평(81.89), 24평(81.97), 29평(96.02), 32평(108.26)",
            "last_sales":"2021-11-22,14500.0,29평(96.02)",
            "rank_history":[
                [
                    "202203",
                    17
                ],
                [
                    "202202",
                    14
                ],
                [
                    "202201",
                    14
                ]
            ],
            "rank_gap":-3
        },
        {
            "index":186,
            "아파트명":"한성진주",
            "투자타입":"일반",
            "전용면적(m2)":"52.21",
            "전용면적(평)":"15평",
            "법정동주소":"충청북도 음성군 음성읍 읍내리 805",
            "도로명주소":"충청북도 음성군 설성로 22",
            "세대수":80,
            "입주년차":0,
            "용적률점수":"--",
            "건폐율점수":"--",
            "세대당주차수":0,
            "난방방식":30,
            "공급면적":"--",
            "전용률":"--",
            "욕실수":50,
            "현관타입":10,
            "주거총점":37.0,
            "지역구공급총점":0.0,
            "역세권":"NA",
            "30분내 이동가능 거점":"NA",
            "1시간내 이동가능 거점":"NA",
            "교통총점":"NA",
            "백화점":0,
            "아울렛몰":0,
            "대형마트":80,
            "은행":0,
            "병원":0,
            "종합병원":0,
            "공원":0,
            "혐오시설":0,
            "인프라총점":12.0,
            "초등학군":90.01,
            "중학군":43.02,
            "학군총점":52.418,
            "인구수":9.62,
            "인구증감":-0.94,
            "인구총점":6.452,
            "일자리":10.44,
            "소득수준":65.22,
            "일자리총점":26.874,
            "가치 총점":30.8545,
            "매매실거래년":20220212.0,
            "매매실거래가":7000.0,
            "전세실거래년":20201006.0,
            "전세실거래가":3000.0,
            "전세가율":66.67,
            "장기전세가율평균":"NA",
            "전세가율거품지수":"NA",
            "검색코드":7734,
            "세대수":795.0,
            "준공년월":"1994-11-19",
            "준공년차":29.0,
            "가까운역이름":"NA",
            "가까운역거리":"NA",
            "역세권여부":"NA",
            "30분이내주요거점역":"NA",
            "30분거점역이름":"NA",
            "1시간이내주요거점역":"NA",
            "1시간거점역이름":"NA",
            "3km이내백화점수":0,
            "5km이내아울렛몰수":0,
            "1km이내대형먀트수":1,
            "500m이내은행수":0,
            "500m이내병원수":0,
            "5km이내대형병원수":0,
            "500m이내공원수":0,
            "3km이내혐오시설수":0,
            "초등학교학업성취도":90.01,
            "중학교학업성취도":71.7,
            "용적률":234,
            "건폐율":20,
            "Y":36.929407,
            "X":127.684157,
            "rank":18.0,
            "area_info":"15평(52.21), 15평(52.66), 17평(58.89), 23평(77.62), 23평(78.09), 31평(104.64)",
            "last_sales":"2022-02-12,7000.0,23평(78.09)",
            "rank_history":[
                [
                    "202203",
                    18
                ],
                [
                    "202202",
                    15
                ],
                [
                    "202201",
                    13
                ]
            ],
            "rank_gap":-3
        },
        {
            "index":144,
            "아파트명":"삼보",
            "투자타입":"일반",
            "전용면적(m2)":"81.58",
            "전용면적(평)":"24평",
            "법정동주소":"충청북도 음성군 음성읍 읍내리 350-1",
            "도로명주소":"충청북도 음성군 시장로 45",
            "세대수":30,
            "입주년차":0,
            "용적률점수":"--",
            "건폐율점수":"--",
            "세대당주차수":0,
            "난방방식":30,
            "공급면적":"--",
            "전용률":"--",
            "욕실수":50,
            "현관타입":10,
            "주거총점":19.5,
            "지역구공급총점":0.0,
            "역세권":"NA",
            "30분내 이동가능 거점":"NA",
            "1시간내 이동가능 거점":"NA",
            "교통총점":"NA",
            "백화점":0,
            "아울렛몰":0,
            "대형마트":80,
            "은행":0,
            "병원":60,
            "종합병원":0,
            "공원":100,
            "혐오시설":0,
            "인프라총점":21.0,
            "초등학군":90.0,
            "중학군":54.9,
            "학군총점":61.92,
            "인구수":9.62,
            "인구증감":-0.94,
            "인구총점":6.452,
            "일자리":10.44,
            "소득수준":65.22,
            "일자리총점":26.874,
            "가치 총점":30.705,
            "매매실거래년":20220211.0,
            "매매실거래가":7150.0,
            "전세실거래년":20220223.0,
            "전세실거래가":6000.0,
            "전세가율":83.92,
            "장기전세가율평균":"NA",
            "전세가율거품지수":"NA",
            "검색코드":7732,
            "세대수":360.0,
            "준공년월":"1993-09-04",
            "준공년차":30.0,
            "가까운역이름":"NA",
            "가까운역거리":"NA",
            "역세권여부":"NA",
            "30분이내주요거점역":"NA",
            "30분거점역이름":"NA",
            "1시간이내주요거점역":"NA",
            "1시간거점역이름":"NA",
            "3km이내백화점수":0,
            "5km이내아울렛몰수":0,
            "1km이내대형먀트수":1,
            "500m이내은행수":0,
            "500m이내병원수":13,
            "5km이내대형병원수":0,
            "500m이내공원수":2,
            "3km이내혐오시설수":0,
            "초등학교학업성취도":90.0,
            "중학교학업성취도":91.5,
            "용적률":265,
            "건폐율":19,
            "Y":36.931838,
            "X":127.693745,
            "rank":19.0,
            "area_info":"24평(81.58), 31평(102.99)",
            "last_sales":"2022-02-11,7150.0,24평(81.58)",
            "rank_history":[
                [
                    "202203",
                    19
                ],
                [
                    "202202",
                    16
                ],
                [
                    "202201",
                    15
                ]
            ],
            "rank_gap":-3
        },
        {
            "index":33,
            "아파트명":"유수장미",
            "투자타입":"일반",
            "전용면적(m2)":"46.22",
            "전용면적(평)":"13평",
            "법정동주소":"충청북도 음성군 금왕읍 무극리 503",
            "도로명주소":"충청북도 음성군 무극로 243-8",
            "세대수":30,
            "입주년차":0,
            "용적률점수":"--",
            "건폐율점수":"--",
            "세대당주차수":0,
            "난방방식":30,
            "공급면적":"--",
            "전용률":"--",
            "욕실수":50,
            "현관타입":100,
            "주거총점":28.5,
            "지역구공급총점":0.0,
            "역세권":"NA",
            "30분내 이동가능 거점":"NA",
            "1시간내 이동가능 거점":"NA",
            "교통총점":"NA",
            "백화점":0,
            "아울렛몰":0,
            "대형마트":80,
            "은행":0,
            "병원":60,
            "종합병원":0,
            "공원":100,
            "혐오시설":0,
            "인프라총점":21.0,
            "초등학군":89.96,
            "중학군":39.08,
            "학군총점":49.256,
            "인구수":9.62,
            "인구증감":-0.94,
            "인구총점":6.452,
            "일자리":10.44,
            "소득수준":65.22,
            "일자리총점":26.874,
            "가치 총점":30.689,
            "매매실거래년":20220219.0,
            "매매실거래가":8300.0,
            "전세실거래년":20200817.0,
            "전세실거래가":3000.0,
            "전세가율":65.22,
            "장기전세가율평균":"NA",
            "전세가율거품지수":"NA",
            "검색코드":103809,
            "세대수":374.0,
            "준공년월":"1998-06-15",
            "준공년차":25.0,
            "가까운역이름":"NA",
            "가까운역거리":"NA",
            "역세권여부":"NA",
            "30분이내주요거점역":"NA",
            "30분거점역이름":"NA",
            "1시간이내주요거점역":"NA",
            "1시간거점역이름":"NA",
            "3km이내백화점수":0,
            "5km이내아울렛몰수":0,
            "1km이내대형먀트수":1,
            "500m이내은행수":0,
            "500m이내병원수":24,
            "5km이내대형병원수":0,
            "500m이내공원수":3,
            "3km이내혐오시설수":0,
            "초등학교학업성취도":89.96,
            "중학교학업성취도":64.8,
            "용적률":231,
            "건폐율":30,
            "Y":36.992973,
            "X":127.589256,
            "rank":20.0,
            "area_info":"13평(46.22), 20평(66.3), 22평(76.02)",
            "last_sales":"2022-02-19,8300.0,22평(76.02)",
            "rank_history":[
                [
                    "202203",
                    20
                ],
                [
                    "202202",
                    17
                ],
                [
                    "202201",
                    16
                ]
            ],
            "rank_gap":-3
        },
        {
            "index":139,
            "아파트명":"금광포란재",
            "투자타입":"일반",
            "전용면적(m2)":"84.68",
            "전용면적(평)":"25평",
            "법정동주소":"충청북도 음성군 음성읍 신천리 149",
            "도로명주소":"충청북도 음성군 반기문로 45-15",
            "세대수":50,
            "입주년차":40,
            "용적률점수":"--",
            "건폐율점수":"--",
            "세대당주차수":60,
            "난방방식":30,
            "공급면적":"--",
            "전용률":"--",
            "욕실수":100,
            "현관타입":10,
            "주거총점":48.5,
            "지역구공급총점":0.0,
            "역세권":"NA",
            "30분내 이동가능 거점":"NA",
            "1시간내 이동가능 거점":"NA",
            "교통총점":"NA",
            "백화점":0,
            "아울렛몰":0,
            "대형마트":0,
            "은행":0,
            "병원":0,
            "종합병원":0,
            "공원":0,
            "혐오시설":0,
            "인프라총점":0.0,
            "초등학군":90.01,
            "중학군":39.78,
            "학군총점":49.826,
            "인구수":9.62,
            "인구증감":-0.94,
            "인구총점":6.452,
            "일자리":10.44,
            "소득수준":65.22,
            "일자리총점":26.874,
            "가치 총점":29.4315,
            "매매실거래년":20220218.0,
            "매매실거래가":11000.0,
            "전세실거래년":20220110.0,
            "전세실거래가":9000.0,
            "전세가율":81.82,
            "장기전세가율평균":"NA",
            "전세가율거품지수":"NA",
            "검색코드":102796,
            "세대수":569.0,
            "준공년월":"2005-11-14",
            "준공년차":18.0,
            "가까운역이름":"NA",
            "가까운역거리":"NA",
            "역세권여부":"NA",
            "30분이내주요거점역":"NA",
            "30분거점역이름":"NA",
            "1시간이내주요거점역":"NA",
            "1시간거점역이름":"NA",
            "3km이내백화점수":0,
            "5km이내아울렛몰수":0,
            "1km이내대형먀트수":0,
            "500m이내은행수":0,
            "500m이내병원수":0,
            "5km이내대형병원수":0,
            "500m이내공원수":0,
            "3km이내혐오시설수":0,
            "초등학교학업성취도":90.01,
            "중학교학업성취도":66.3,
            "용적률":145,
            "건폐율":12,
            "Y":36.920746,
            "X":127.68756,
            "rank":21.0,
            "area_info":"25평(84.68), 33평(109.28)",
            "last_sales":"2022-02-18,11000.0,25평(84.68)",
            "rank_history":[
                [
                    "202203",
                    21
                ],
                [
                    "202202",
                    18
                ],
                [
                    "202201",
                    17
                ]
            ],
            "rank_gap":-3
        },
        {
            "index":48,
            "아파트명":"장미",
            "투자타입":"일반",
            "전용면적(m2)":"88.54",
            "전용면적(평)":"26평",
            "법정동주소":"충청북도 음성군 금왕읍 무극리 504-16",
            "도로명주소":"충청북도 음성군 무극로 243-7",
            "세대수":0,
            "입주년차":0,
            "용적률점수":"--",
            "건폐율점수":"--",
            "세대당주차수":0,
            "난방방식":30,
            "공급면적":"--",
            "전용률":"--",
            "욕실수":100,
            "현관타입":100,
            "주거총점":23.0,
            "지역구공급총점":0.0,
            "역세권":"NA",
            "30분내 이동가능 거점":"NA",
            "1시간내 이동가능 거점":"NA",
            "교통총점":"NA",
            "백화점":0,
            "아울렛몰":0,
            "대형마트":80,
            "은행":0,
            "병원":60,
            "종합병원":0,
            "공원":100,
            "혐오시설":0,
            "인프라총점":21.0,
            "초등학군":89.96,
            "중학군":39.08,
            "학군총점":49.256,
            "인구수":9.62,
            "인구증감":-0.94,
            "인구총점":6.452,
            "일자리":10.44,
            "소득수준":65.22,
            "일자리총점":26.874,
            "가치 총점":28.764,
            "매매실거래년":20220123.0,
            "매매실거래가":7900.0,
            "전세실거래년":20200814.0,
            "전세실거래가":4500.0,
            "전세가율":56.96,
            "장기전세가율평균":"NA",
            "전세가율거품지수":"NA",
            "검색코드":110143,
            "세대수":142.0,
            "준공년월":"1995-03-10",
            "준공년차":28.0,
            "가까운역이름":"NA",
            "가까운역거리":"NA",
            "역세권여부":"NA",
            "30분이내주요거점역":"NA",
            "30분거점역이름":"NA",
            "1시간이내주요거점역":"NA",
            "1시간거점역이름":"NA",
            "3km이내백화점수":0,
            "5km이내아울렛몰수":0,
            "1km이내대형먀트수":1,
            "500m이내은행수":0,
            "500m이내병원수":21,
            "5km이내대형병원수":0,
            "500m이내공원수":2,
            "3km이내혐오시설수":0,
            "초등학교학업성취도":89.96,
            "중학교학업성취도":64.8,
            "용적률":296,
            "건폐율":24,
            "Y":36.992654,
            "X":127.588224,
            "rank":22.0,
            "area_info":"26평(88.54)",
            "last_sales":"2022-01-23,7900.0,26평(88.54)",
            "rank_history":[
                [
                    "202203",
                    22
                ],
                [
                    "202202",
                    21
                ],
                [
                    "202201",
                    21
                ]
            ],
            "rank_gap":-1
        },
        {
            "index":67,
            "아파트명":"산수화",
            "투자타입":"일반",
            "전용면적(m2)":"66.59",
            "전용면적(평)":"20평",
            "법정동주소":"충청북도 음성군 대소면 대풍리 582-7",
            "도로명주소":"충청북도 음성군 대금로105번길 5",
            "세대수":50,
            "입주년차":40,
            "용적률점수":"--",
            "건폐율점수":"--",
            "세대당주차수":0,
            "난방방식":30,
            "공급면적":"--",
            "전용률":"--",
            "욕실수":50,
            "현관타입":100,
            "주거총점":43.5,
            "지역구공급총점":0.0,
            "역세권":"NA",
            "30분내 이동가능 거점":"NA",
            "1시간내 이동가능 거점":"NA",
            "교통총점":"NA",
            "백화점":0,
            "아울렛몰":0,
            "대형마트":0,
            "은행":0,
            "병원":0,
            "종합병원":0,
            "공원":0,
            "혐오시설":0,
            "인프라총점":0.0,
            "초등학군":90.0,
            "중학군":45.0,
            "학군총점":54.0,
            "인구수":9.62,
            "인구증감":-0.94,
            "인구총점":6.452,
            "일자리":10.44,
            "소득수준":65.22,
            "일자리총점":26.874,
            "가치 총점":28.725,
            "매매실거래년":20220220.0,
            "매매실거래가":5950.0,
            "전세실거래년":20211028.0,
            "전세실거래가":5500.0,
            "전세가율":92.44,
            "장기전세가율평균":"NA",
            "전세가율거품지수":"NA",
            "검색코드":101181,
            "세대수":491.0,
            "준공년월":"2004-12-15",
            "준공년차":19.0,
            "가까운역이름":"NA",
            "가까운역거리":"NA",
            "역세권여부":"NA",
            "30분이내주요거점역":"NA",
            "30분거점역이름":"NA",
            "1시간이내주요거점역":"NA",
            "1시간거점역이름":"NA",
            "3km이내백화점수":0,
            "5km이내아울렛몰수":0,
            "1km이내대형먀트수":0,
            "500m이내은행수":0,
            "500m이내병원수":0,
            "5km이내대형병원수":0,
            "500m이내공원수":0,
            "3km이내혐오시설수":0,
            "초등학교학업성취도":90.0,
            "중학교학업성취도":75.0,
            "용적률":153,
            "건폐율":14,
            "Y":36.986266,
            "X":127.458413,
            "rank":23.0,
            "area_info":"20평(66.59), 24평(82.06)",
            "last_sales":"2022-02-20,5950.0,20평(66.59)",
            "rank_history":[
                [
                    "202203",
                    23
                ],
                [
                    "202202",
                    20
                ],
                [
                    "202201",
                    20
                ]
            ],
            "rank_gap":-3
        },
        {
            "index":152,
            "아파트명":"오랜지카운티(도시형)",
            "투자타입":"일반",
            "전용면적(m2)":"32.39",
            "전용면적(평)":"9평",
            "법정동주소":"충청북도 음성군 음성읍 신천리 258-4",
            "도로명주소":"충청북도 음성군 중앙로40번길 7",
            "세대수":0,
            "입주년차":60,
            "용적률점수":"--",
            "건폐율점수":"--",
            "세대당주차수":0,
            "난방방식":30,
            "공급면적":"--",
            "전용률":"--",
            "욕실수":50,
            "현관타입":100,
            "주거총점":30.0,
            "지역구공급총점":0.0,
            "역세권":"NA",
            "30분내 이동가능 거점":"NA",
            "1시간내 이동가능 거점":"NA",
            "교통총점":"NA",
            "백화점":0,
            "아울렛몰":0,
            "대형마트":80,
            "은행":0,
            "병원":0,
            "종합병원":0,
            "공원":80,
            "혐오시설":0,
            "인프라총점":14.4,
            "초등학군":90.01,
            "중학군":39.78,
            "학군총점":49.826,
            "인구수":9.62,
            "인구증감":-0.94,
            "인구총점":6.452,
            "일자리":10.44,
            "소득수준":65.22,
            "일자리총점":26.874,
            "가치 총점":28.7165,
            "매매실거래년":20211224.0,
            "매매실거래가":5400.0,
            "전세실거래년":null,
            "전세실거래가":null,
            "전세가율":null,
            "장기전세가율평균":"NA",
            "전세가율거품지수":"NA",
            "검색코드":144299,
            "세대수":63.0,
            "준공년월":"2013-06-04",
            "준공년차":10.0,
            "가까운역이름":"NA",
            "가까운역거리":"NA",
            "역세권여부":"NA",
            "30분이내주요거점역":"NA",
            "30분거점역이름":"NA",
            "1시간이내주요거점역":"NA",
            "1시간거점역이름":"NA",
            "3km이내백화점수":0,
            "5km이내아울렛몰수":0,
            "1km이내대형먀트수":1,
            "500m이내은행수":0,
            "500m이내병원수":0,
            "5km이내대형병원수":0,
            "500m이내공원수":1,
            "3km이내혐오시설수":0,
            "초등학교학업성취도":90.01,
            "중학교학업성취도":66.3,
            "용적률":379,
            "건폐율":79,
            "Y":36.927853,
            "X":127.690165,
            "rank":24.0,
            "area_info":"9평(32.39), 10평(33.1), 10평(34.54), 11평(36.38), 12평(40.55), 13평(46.21), 14평(49.38)",
            "last_sales":"2021-12-24,5400.0,9평(32.39)",
            "rank_history":[
                [
                    "202203",
                    24
                ],
                [
                    "202202",
                    9999
                ]
            ],
            "rank_gap":9999
        },
        {
            "index":82,
            "아파트명":"음성SK뷰",
            "투자타입":"일반",
            "전용면적(m2)":"109.42",
            "전용면적(평)":"33평",
            "법정동주소":"충청북도 음성군 대소면 소석리 11-7",
            "도로명주소":"충청북도 음성군 대금로 654",
            "세대수":30,
            "입주년차":40,
            "용적률점수":"--",
            "건폐율점수":"--",
            "세대당주차수":30,
            "난방방식":30,
            "공급면적":"--",
            "전용률":"--",
            "욕실수":100,
            "현관타입":100,
            "주거총점":46.0,
            "지역구공급총점":0.0,
            "역세권":"NA",
            "30분내 이동가능 거점":"NA",
            "1시간내 이동가능 거점":"NA",
            "교통총점":"NA",
            "백화점":0,
            "아울렛몰":0,
            "대형마트":0,
            "은행":0,
            "병원":0,
            "종합병원":0,
            "공원":0,
            "혐오시설":0,
            "인프라총점":0.0,
            "초등학군":90.02,
            "중학군":37.14,
            "학군총점":47.716,
            "인구수":9.62,
            "인구증감":-0.94,
            "인구총점":6.452,
            "일자리":10.44,
            "소득수준":65.22,
            "일자리총점":26.874,
            "가치 총점":28.029,
            "매매실거래년":20211129.0,
            "매매실거래가":16200.0,
            "전세실거래년":20220225.0,
            "전세실거래가":12000.0,
            "전세가율":74.07,
            "장기전세가율평균":"NA",
            "전세가율거품지수":"NA",
            "검색코드":23600,
            "세대수":326.0,
            "준공년월":"2008-03-12",
            "준공년차":15.0,
            "가까운역이름":"NA",
            "가까운역거리":"NA",
            "역세권여부":"NA",
            "30분이내주요거점역":"NA",
            "30분거점역이름":"NA",
            "1시간이내주요거점역":"NA",
            "1시간거점역이름":"NA",
            "3km이내백화점수":0,
            "5km이내아울렛몰수":0,
            "1km이내대형먀트수":0,
            "500m이내은행수":0,
            "500m이내병원수":0,
            "5km이내대형병원수":0,
            "500m이내공원수":0,
            "3km이내혐오시설수":0,
            "초등학교학업성취도":90.02,
            "중학교학업성취도":61.9,
            "용적률":140,
            "건폐율":11,
            "Y":36.969399,
            "X":127.510846,
            "rank":25.0,
            "area_info":"33평(109.42), 45평(150.52)",
            "last_sales":"2021-11-29,16200.0,33평(109.42)",
            "rank_history":[
                [
                    "202203",
                    25
                ],
                [
                    "202202",
                    19
                ],
                [
                    "202201",
                    19
                ]
            ],
            "rank_gap":-6
        },
        {
            "index":69,
            "아파트명":"아현타운(도시형)",
            "투자타입":"일반",
            "전용면적(m2)":"36.09",
            "전용면적(평)":"10평",
            "법정동주소":"충청북도 음성군 대소면 오류리 44-110",
            "도로명주소":"충청북도 음성군 대금로379번길 24-2",
            "세대수":0,
            "입주년차":60,
            "용적률점수":"--",
            "건폐율점수":"--",
            "세대당주차수":0,
            "난방방식":30,
            "공급면적":"--",
            "전용률":"--",
            "욕실수":50,
            "현관타입":100,
            "주거총점":30.0,
            "지역구공급총점":0.0,
            "역세권":"NA",
            "30분내 이동가능 거점":"NA",
            "1시간내 이동가능 거점":"NA",
            "교통총점":"NA",
            "백화점":0,
            "아울렛몰":0,
            "대형마트":80,
            "은행":0,
            "병원":0,
            "종합병원":0,
            "공원":0,
            "혐오시설":0,
            "인프라총점":12.0,
            "초등학군":90.02,
            "중학군":37.14,
            "학군총점":47.716,
            "인구수":9.62,
            "인구증감":-0.94,
            "인구총점":6.452,
            "일자리":10.44,
            "소득수준":65.22,
            "일자리총점":26.874,
            "가치 총점":27.229,
            "매매실거래년":"18000101",
            "매매실거래가":null,
            "전세실거래년":null,
            "전세실거래가":null,
            "전세가율":null,
            "장기전세가율평균":"NA",
            "전세가율거품지수":"NA",
            "검색코드":128319,
            "세대수":104.0,
            "준공년월":"2013-05-29",
            "준공년차":10.0,
            "가까운역이름":"NA",
            "가까운역거리":"NA",
            "역세권여부":"NA",
            "30분이내주요거점역":"NA",
            "30분거점역이름":"NA",
            "1시간이내주요거점역":"NA",
            "1시간거점역이름":"NA",
            "3km이내백화점수":0,
            "5km이내아울렛몰수":0,
            "1km이내대형먀트수":1,
            "500m이내은행수":0,
            "500m이내병원수":0,
            "5km이내대형병원수":0,
            "500m이내공원수":0,
            "3km이내혐오시설수":0,
            "초등학교학업성취도":90.02,
            "중학교학업성취도":61.9,
            "용적률":0,
            "건폐율":0,
            "Y":36.97518,
            "X":127.483243,
            "rank":26.0,
            "area_info":"10평(36.09), 16평(55.38), 20평(67.96), 22평(73.27), 22평(75.3), 23평(76.32), 23평(76.25), 23평(78.52), 23평(78.8), 24평(81.11), 27평(91.88)",
            "last_sales":"1800-01-01,nan,10평(36.09)",
            "rank_history":[
                [
                    "202203",
                    26
                ],
                [
                    "202202",
                    24
                ],
                [
                    "202201",
                    30
                ]
            ],
            "rank_gap":-2
        },
        {
            "index":56,
            "아파트명":"대소개나리",
            "투자타입":"일반",
            "전용면적(m2)":"53.31",
            "전용면적(평)":"16평",
            "법정동주소":"충청북도 음성군 대소면 태생리 423-20",
            "도로명주소":"충청북도 음성군 대금로 410-5",
            "세대수":50,
            "입주년차":0,
            "용적률점수":"--",
            "건폐율점수":"--",
            "세대당주차수":0,
            "난방방식":30,
            "공급면적":"--",
            "전용률":"--",
            "욕실수":50,
            "현관타입":10,
            "주거총점":26.5,
            "지역구공급총점":0.0,
            "역세권":"NA",
            "30분내 이동가능 거점":"NA",
            "1시간내 이동가능 거점":"NA",
            "교통총점":"NA",
            "백화점":0,
            "아울렛몰":0,
            "대형마트":80,
            "은행":0,
            "병원":30,
            "종합병원":0,
            "공원":0,
            "혐오시설":0,
            "인프라총점":15.0,
            "초등학군":90.02,
            "중학군":37.14,
            "학군총점":47.716,
            "인구수":9.62,
            "인구증감":-0.94,
            "인구총점":6.452,
            "일자리":10.44,
            "소득수준":65.22,
            "일자리총점":26.874,
            "가치 총점":27.204,
            "매매실거래년":20220218.0,
            "매매실거래가":5500.0,
            "전세실거래년":20210417.0,
            "전세실거래가":4000.0,
            "전세가율":88.89,
            "장기전세가율평균":"NA",
            "전세가율거품지수":"NA",
            "검색코드":7721,
            "세대수":431.0,
            "준공년월":"1997-07-28",
            "준공년차":26.0,
            "가까운역이름":"NA",
            "가까운역거리":"NA",
            "역세권여부":"NA",
            "30분이내주요거점역":"NA",
            "30분거점역이름":"NA",
            "1시간이내주요거점역":"NA",
            "1시간거점역이름":"NA",
            "3km이내백화점수":0,
            "5km이내아울렛몰수":0,
            "1km이내대형먀트수":1,
            "500m이내은행수":1,
            "500m이내병원수":9,
            "5km이내대형병원수":0,
            "500m이내공원수":0,
            "3km이내혐오시설수":0,
            "초등학교학업성취도":90.02,
            "중학교학업성취도":61.9,
            "용적률":241,
            "건폐율":22,
            "Y":36.97145,
            "X":127.484462,
            "rank":27.0,
            "area_info":"16평(53.31), 20평(66.33), 24평(79.7)",
            "last_sales":"2022-02-18,5500.0,20평(66.33)",
            "rank_history":[
                [
                    "202203",
                    27
                ],
                [
                    "202202",
                    22
                ],
                [
                    "202201",
                    29
                ]
            ],
            "rank_gap":-5
        },
        {
            "index":0,
            "아파트명":"감곡덕일한마음",
            "투자타입":"일반",
            "전용면적(m2)":"61.35",
            "전용면적(평)":"18평",
            "법정동주소":"충청북도 음성군 감곡면 오향리 568",
            "도로명주소":"충청북도 음성군 음성로 2650-22",
            "세대수":50,
            "입주년차":20,
            "용적률점수":"--",
            "건폐율점수":"--",
            "세대당주차수":0,
            "난방방식":30,
            "공급면적":"--",
            "전용률":"--",
            "욕실수":50,
            "현관타입":10,
            "주거총점":30.5,
            "지역구공급총점":0.0,
            "역세권":"NA",
            "30분내 이동가능 거점":"NA",
            "1시간내 이동가능 거점":"NA",
            "교통총점":"NA",
            "백화점":0,
            "아울렛몰":0,
            "대형마트":80,
            "은행":0,
            "병원":0,
            "종합병원":0,
            "공원":0,
            "혐오시설":0,
            "인프라총점":12.0,
            "초등학군":90.03,
            "중학군":35.46,
            "학군총점":46.374,
            "인구수":9.62,
            "인구증감":-0.94,
            "인구총점":6.452,
            "일자리":10.44,
            "소득수준":65.22,
            "일자리총점":26.874,
            "가치 총점":27.0685,
            "매매실거래년":20220224.0,
            "매매실거래가":11500.0,
            "전세실거래년":20211223.0,
            "전세실거래가":5500.0,
            "전세가율":80.29,
            "장기전세가율평균":"NA",
            "전세가율거품지수":"NA",
            "검색코드":100978,
            "세대수":563.0,
            "준공년월":"2003-03-31",
            "준공년차":20.0,
            "가까운역이름":"NA",
            "가까운역거리":"NA",
            "역세권여부":"NA",
            "30분이내주요거점역":"NA",
            "30분거점역이름":"NA",
            "1시간이내주요거점역":"NA",
            "1시간거점역이름":"NA",
            "3km이내백화점수":0,
            "5km이내아울렛몰수":0,
            "1km이내대형먀트수":1,
            "500m이내은행수":0,
            "500m이내병원수":0,
            "5km이내대형병원수":0,
            "500m이내공원수":0,
            "3km이내혐오시설수":0,
            "초등학교학업성취도":90.03,
            "중학교학업성취도":59.1,
            "용적률":185,
            "건폐율":22,
            "Y":37.111078,
            "X":127.645643,
            "rank":28.0,
            "area_info":"18평(61.35), 21평(71.92)",
            "last_sales":"2022-02-24,11500.0,21평(71.92)",
            "rank_history":[
                [
                    "202203",
                    28
                ],
                [
                    "202202",
                    23
                ],
                [
                    "202201",
                    27
                ]
            ],
            "rank_gap":-5
        },
        {
            "index":25,
            "아파트명":"로얄",
            "투자타입":"재건축",
            "전용면적(m2)":"79.57",
            "전용면적(평)":"24평",
            "법정동주소":"충청북도 음성군 금왕읍 금석리 259",
            "도로명주소":"충청북도 음성군 음성로 1149",
            "세대수":0,
            "입주년차":"--",
            "용적률점수":0,
            "건폐율점수":80,
            "세대당주차수":"--",
            "난방방식":"--",
            "공급면적":50,
            "전용률":60,
            "욕실수":"--",
            "현관타입":"--",
            "주거총점":21.5,
            "지역구공급총점":0.0,
            "역세권":"NA",
            "30분내 이동가능 거점":"NA",
            "1시간내 이동가능 거점":"NA",
            "교통총점":"NA",
            "백화점":0,
            "아울렛몰":0,
            "대형마트":80,
            "은행":0,
            "병원":30,
            "종합병원":0,
            "공원":100,
            "혐오시설":0,
            "인프라총점":18.0,
            "초등학군":90.01,
            "중학군":39.08,
            "학군총점":49.266,
            "인구수":9.62,
            "인구증감":-0.94,
            "인구총점":6.452,
            "일자리":10.44,
            "소득수준":65.22,
            "일자리총점":26.874,
            "가치 총점":27.0415,
            "매매실거래년":20220213.0,
            "매매실거래가":6100.0,
            "전세실거래년":20170420.0,
            "전세실거래가":4500.0,
            "전세가율":71.43,
            "장기전세가율평균":"NA",
            "전세가율거품지수":"NA",
            "검색코드":15325,
            "세대수":88.0,
            "준공년월":"1991-04-22",
            "준공년차":32.0,
            "가까운역이름":"NA",
            "가까운역거리":"NA",
            "역세권여부":"NA",
            "30분이내주요거점역":"NA",
            "30분거점역이름":"NA",
            "1시간이내주요거점역":"NA",
            "1시간거점역이름":"NA",
            "3km이내백화점수":0,
            "5km이내아울렛몰수":0,
            "1km이내대형먀트수":1,
            "500m이내은행수":0,
            "500m이내병원수":5,
            "5km이내대형병원수":0,
            "500m이내공원수":3,
            "3km이내혐오시설수":0,
            "초등학교학업성취도":90.01,
            "중학교학업성취도":64.8,
            "용적률":221,
            "건폐율":28,
            "Y":36.99187,
            "X":127.59988,
            "rank":29.0,
            "area_info":"24평(79.57), 24평(80.47), 27평(91.18), 31평(105.67)",
            "last_sales":"2022-02-13,6100.0,24평(80.47)",
            "rank_history":[
                [
                    "202203",
                    29
                ],
                [
                    "202202",
                    9999
                ]
            ],
            "rank_gap":9999
        },
        {
            "index":20,
            "아파트명":"동진매화",
            "투자타입":"일반",
            "전용면적(m2)":"74.92",
            "전용면적(평)":"22평",
            "법정동주소":"충청북도 음성군 금왕읍 무극리 66-1",
            "도로명주소":"충청북도 음성군 응천서길27번길 5",
            "세대수":0,
            "입주년차":0,
            "용적률점수":"--",
            "건폐율점수":"--",
            "세대당주차수":0,
            "난방방식":30,
            "공급면적":"--",
            "전용률":"--",
            "욕실수":50,
            "현관타입":100,
            "주거총점":18.0,
            "지역구공급총점":0.0,
            "역세권":"NA",
            "30분내 이동가능 거점":"NA",
            "1시간내 이동가능 거점":"NA",
            "교통총점":"NA",
            "백화점":0,
            "아울렛몰":0,
            "대형마트":80,
            "은행":0,
            "병원":60,
            "종합병원":0,
            "공원":100,
            "혐오시설":0,
            "인프라총점":21.0,
            "초등학군":89.96,
            "중학군":39.08,
            "학군총점":49.256,
            "인구수":9.62,
            "인구증감":-0.94,
            "인구총점":6.452,
            "일자리":10.44,
            "소득수준":65.22,
            "일자리총점":26.874,
            "가치 총점":27.014,
            "매매실거래년":20210430.0,
            "매매실거래가":7500.0,
            "전세실거래년":20200520.0,
            "전세실거래가":3500.0,
            "전세가율":63.64,
            "장기전세가율평균":"NA",
            "전세가율거품지수":"NA",
            "검색코드":117608,
            "세대수":54.0,
            "준공년월":"1994-06-27",
            "준공년차":29.0,
            "가까운역이름":"NA",
            "가까운역거리":"NA",
            "역세권여부":"NA",
            "30분이내주요거점역":"NA",
            "30분거점역이름":"NA",
            "1시간이내주요거점역":"NA",
            "1시간거점역이름":"NA",
            "3km이내백화점수":0,
            "5km이내아울렛몰수":0,
            "1km이내대형먀트수":1,
            "500m이내은행수":0,
            "500m이내병원수":27,
            "5km이내대형병원수":0,
            "500m이내공원수":2,
            "3km이내혐오시설수":0,
            "초등학교학업성취도":89.96,
            "중학교학업성취도":64.8,
            "용적률":285,
            "건폐율":35,
            "Y":36.99078,
            "X":127.594741,
            "rank":30.0,
            "area_info":"22평(74.92), 22평(75.44), 22평(75.0), 22평(75.35), 22평(75.45)",
            "last_sales":"2021-04-30,7500.0,22평(75.45)",
            "rank_history":[
                [
                    "202203",
                    30
                ],
                [
                    "202202",
                    9999
                ]
            ],
            "rank_gap":9999
        },
        {
            "index":17,
            "아파트명":"금왕명운네스트빌",
            "투자타입":"일반",
            "전용면적(m2)":"75.52",
            "전용면적(평)":"22평",
            "법정동주소":"충청북도 음성군 금왕읍 무극리 585-11",
            "도로명주소":"충청북도 음성군 무극로 203-10",
            "세대수":30,
            "입주년차":40,
            "용적률점수":"--",
            "건폐율점수":"--",
            "세대당주차수":0,
            "난방방식":30,
            "공급면적":"--",
            "전용률":"--",
            "욕실수":50,
            "현관타입":100,
            "주거총점":36.5,
            "지역구공급총점":0.0,
            "역세권":"NA",
            "30분내 이동가능 거점":"NA",
            "1시간내 이동가능 거점":"NA",
            "교통총점":"NA",
            "백화점":0,
            "아울렛몰":0,
            "대형마트":0,
            "은행":0,
            "병원":10,
            "종합병원":0,
            "공원":100,
            "혐오시설":0,
            "인프라총점":4.0,
            "초등학군":89.96,
            "중학군":39.08,
            "학군총점":49.256,
            "인구수":9.62,
            "인구증감":-0.94,
            "인구총점":6.452,
            "일자리":10.44,
            "소득수준":65.22,
            "일자리총점":26.874,
            "가치 총점":26.689,
            "매매실거래년":20220118.0,
            "매매실거래가":14200.0,
            "전세실거래년":20211008.0,
            "전세실거래가":10000.0,
            "전세가율":70.42,
            "장기전세가율평균":"NA",
            "전세가율거품지수":"NA",
            "검색코드":24803,
            "세대수":348.0,
            "준공년월":"2004-04-14",
            "준공년차":19.0,
            "가까운역이름":"NA",
            "가까운역거리":"NA",
            "역세권여부":"NA",
            "30분이내주요거점역":"NA",
            "30분거점역이름":"NA",
            "1시간이내주요거점역":"NA",
            "1시간거점역이름":"NA",
            "3km이내백화점수":0,
            "5km이내아울렛몰수":0,
            "1km이내대형먀트수":0,
            "500m이내은행수":0,
            "500m이내병원수":4,
            "5km이내대형병원수":0,
            "500m이내공원수":2,
            "3km이내혐오시설수":0,
            "초등학교학업성취도":89.96,
            "중학교학업성취도":64.8,
            "용적률":129,
            "건폐율":16,
            "Y":36.992125,
            "X":127.583958,
            "rank":31.0,
            "area_info":"22평(75.52), 31평(103.95), 43평(145.18)",
            "last_sales":"2022-01-18,14200.0,22평(75.52)",
            "rank_history":[
                [
                    "202203",
                    31
                ],
                [
                    "202202",
                    25
                ],
                [
                    "202201",
                    22
                ]
            ],
            "rank_gap":-6
        },
        {
            "index":159,
            "아파트명":"유신",
            "투자타입":"재건축",
            "전용면적(m2)":"105.93",
            "전용면적(평)":"32평",
            "법정동주소":"충청북도 음성군 음성읍 평곡리 924-3",
            "도로명주소":"충청북도 음성군 시장로 26-8",
            "세대수":0,
            "입주년차":"--",
            "용적률점수":0,
            "건폐율점수":80,
            "세대당주차수":"--",
            "난방방식":"--",
            "공급면적":90,
            "전용률":60,
            "욕실수":"--",
            "현관타입":"--",
            "주거총점":23.5,
            "지역구공급총점":0.0,
            "역세권":"NA",
            "30분내 이동가능 거점":"NA",
            "1시간내 이동가능 거점":"NA",
            "교통총점":"NA",
            "백화점":0,
            "아울렛몰":0,
            "대형마트":80,
            "은행":0,
            "병원":0,
            "종합병원":0,
            "공원":80,
            "혐오시설":0,
            "인프라총점":14.4,
            "초등학군":90.0,
            "중학군":39.78,
            "학군총점":49.824,
            "인구수":9.62,
            "인구증감":-0.94,
            "인구총점":6.452,
            "일자리":10.44,
            "소득수준":65.22,
            "일자리총점":26.874,
            "가치 총점":26.441,
            "매매실거래년":20220218.0,
            "매매실거래가":6900.0,
            "전세실거래년":null,
            "전세실거래가":null,
            "전세가율":null,
            "장기전세가율평균":"NA",
            "전세가율거품지수":"NA",
            "검색코드":118876,
            "세대수":69.0,
            "준공년월":"1992-08-08",
            "준공년차":31.0,
            "가까운역이름":"NA",
            "가까운역거리":"NA",
            "역세권여부":"NA",
            "30분이내주요거점역":"NA",
            "30분거점역이름":"NA",
            "1시간이내주요거점역":"NA",
            "1시간거점역이름":"NA",
            "3km이내백화점수":0,
            "5km이내아울렛몰수":0,
            "1km이내대형먀트수":1,
            "500m이내은행수":0,
            "500m이내병원수":1,
            "5km이내대형병원수":0,
            "500m이내공원수":1,
            "3km이내혐오시설수":0,
            "초등학교학업성취도":90.0,
            "중학교학업성취도":66.3,
            "용적률":235,
            "건폐율":24,
            "Y":36.930615,
            "X":127.696728,
            "rank":32.0,
            "area_info":"32평(105.93), 32평(106.37), 32평(107.26), 32평(107.6), 32평(108.16), 32평(108.59), 32평(108.59), 32평(108.61), 33평(109.51), 33평(109.21)",
            "last_sales":"2022-02-18,6900.0,33평(109.51)",
            "rank_history":[
                [
                    "202203",
                    32
                ],
                [
                    "202202",
                    9999
                ]
            ],
            "rank_gap":9999
        },
        {
            "index":41,
            "아파트명":"음성금왕휴먼시아",
            "투자타입":"일반",
            "전용면적(m2)":"68.69",
            "전용면적(평)":"20평",
            "법정동주소":"충청북도 음성군 금왕읍 무극리 34-3",
            "도로명주소":"충청북도 음성군 대금로 1457-8",
            "세대수":0,
            "입주년차":20,
            "용적률점수":"--",
            "건폐율점수":"--",
            "세대당주차수":0,
            "난방방식":30,
            "공급면적":"--",
            "전용률":"--",
            "욕실수":50,
            "현관타입":50,
            "주거총점":17.0,
            "지역구공급총점":0.0,
            "역세권":"NA",
            "30분내 이동가능 거점":"NA",
            "1시간내 이동가능 거점":"NA",
            "교통총점":"NA",
            "백화점":0,
            "아울렛몰":0,
            "대형마트":80,
            "은행":0,
            "병원":60,
            "종합병원":0,
            "공원":80,
            "혐오시설":0,
            "인프라총점":20.4,
            "초등학군":89.96,
            "중학군":39.08,
            "학군총점":49.256,
            "인구수":9.62,
            "인구증감":-0.94,
            "인구총점":6.452,
            "일자리":10.44,
            "소득수준":65.22,
            "일자리총점":26.874,
            "가치 총점":26.424,
            "매매실거래년":20220219.0,
            "매매실거래가":14000.0,
            "전세실거래년":20210204.0,
            "전세실거래가":6500.0,
            "전세가율":52.0,
            "장기전세가율평균":"NA",
            "전세가율거품지수":"NA",
            "검색코드":101206,
            "세대수":280.0,
            "준공년월":"2002-10-31",
            "준공년차":21.0,
            "가까운역이름":"NA",
            "가까운역거리":"NA",
            "역세권여부":"NA",
            "30분이내주요거점역":"NA",
            "30분거점역이름":"NA",
            "1시간이내주요거점역":"NA",
            "1시간거점역이름":"NA",
            "3km이내백화점수":0,
            "5km이내아울렛몰수":0,
            "1km이내대형먀트수":1,
            "500m이내은행수":0,
            "500m이내병원수":21,
            "5km이내대형병원수":0,
            "500m이내공원수":1,
            "3km이내혐오시설수":0,
            "초등학교학업성취도":89.96,
            "중학교학업성취도":64.8,
            "용적률":181,
            "건폐율":17,
            "Y":36.989114,
            "X":127.594164,
            "rank":33.0,
            "area_info":"20평(68.69), 20평(69.3), 24평(79.56), 24평(79.91)",
            "last_sales":"2022-02-19,14000.0,24평(79.56)",
            "rank_history":[
                [
                    "202203",
                    33
                ],
                [
                    "202202",
                    26
                ],
                [
                    "202201",
                    23
                ]
            ],
            "rank_gap":-7
        },
        {
            "index":45,
            "아파트명":"음성두진백로",
            "투자타입":"일반",
            "전용면적(m2)":"75.68",
            "전용면적(평)":"22평",
            "법정동주소":"충청북도 음성군 금왕읍 무극리 662",
            "도로명주소":"충청북도 음성군 탑골길 20",
            "세대수":30,
            "입주년차":0,
            "용적률점수":"--",
            "건폐율점수":"--",
            "세대당주차수":0,
            "난방방식":30,
            "공급면적":"--",
            "전용률":"--",
            "욕실수":50,
            "현관타입":100,
            "주거총점":28.5,
            "지역구공급총점":0.0,
            "역세권":"NA",
            "30분내 이동가능 거점":"NA",
            "1시간내 이동가능 거점":"NA",
            "교통총점":"NA",
            "백화점":0,
            "아울렛몰":0,
            "대형마트":0,
            "은행":0,
            "병원":30,
            "종합병원":0,
            "공원":100,
            "혐오시설":0,
            "인프라총점":6.0,
            "초등학군":89.96,
            "중학군":39.08,
            "학군총점":49.256,
            "인구수":9.62,
            "인구증감":-0.94,
            "인구총점":6.452,
            "일자리":10.44,
            "소득수준":65.22,
            "일자리총점":26.874,
            "가치 총점":24.689,
            "매매실거래년":20220215.0,
            "매매실거래가":10000.0,
            "전세실거래년":20220218.0,
            "전세실거래가":8000.0,
            "전세가율":80.0,
            "장기전세가율평균":"NA",
            "전세가율거품지수":"NA",
            "검색코드":15322,
            "세대수":318.0,
            "준공년월":"1995-12-23",
            "준공년차":28.0,
            "가까운역이름":"NA",
            "가까운역거리":"NA",
            "역세권여부":"NA",
            "30분이내주요거점역":"NA",
            "30분거점역이름":"NA",
            "1시간이내주요거점역":"NA",
            "1시간거점역이름":"NA",
            "3km이내백화점수":0,
            "5km이내아울렛몰수":0,
            "1km이내대형먀트수":0,
            "500m이내은행수":0,
            "500m이내병원수":5,
            "5km이내대형병원수":0,
            "500m이내공원수":2,
            "3km이내혐오시설수":0,
            "초등학교학업성취도":89.96,
            "중학교학업성취도":64.8,
            "용적률":0,
            "건폐율":0,
            "Y":36.98913,
            "X":127.58459,
            "rank":34.0,
            "area_info":"22평(75.68)",
            "last_sales":"2022-02-15,10000.0,22평(75.68)",
            "rank_history":[
                [
                    "202203",
                    34
                ],
                [
                    "202202",
                    29
                ],
                [
                    "202201",
                    25
                ]
            ],
            "rank_gap":-5
        },
        {
            "index":29,
            "아파트명":"벽성",
            "투자타입":"일반",
            "전용면적(m2)":"81.42",
            "전용면적(평)":"24평",
            "법정동주소":"충청북도 음성군 금왕읍 금석리 372-5",
            "도로명주소":"충청북도 음성군 금석로 9",
            "세대수":0,
            "입주년차":0,
            "용적률점수":"--",
            "건폐율점수":"--",
            "세대당주차수":0,
            "난방방식":30,
            "공급면적":"--",
            "전용률":"--",
            "욕실수":50,
            "현관타입":100,
            "주거총점":18.0,
            "지역구공급총점":0.0,
            "역세권":"NA",
            "30분내 이동가능 거점":"NA",
            "1시간내 이동가능 거점":"NA",
            "교통총점":"NA",
            "백화점":0,
            "아울렛몰":0,
            "대형마트":80,
            "은행":0,
            "병원":0,
            "종합병원":0,
            "공원":100,
            "혐오시설":0,
            "인프라총점":15.0,
            "초등학군":90.01,
            "중학군":39.08,
            "학군총점":49.266,
            "인구수":9.62,
            "인구증감":-0.94,
            "인구총점":6.452,
            "일자리":10.44,
            "소득수준":65.22,
            "일자리총점":26.874,
            "가치 총점":24.6165,
            "매매실거래년":20210831.0,
            "매매실거래가":6200.0,
            "전세실거래년":20191001.0,
            "전세실거래가":3000.0,
            "전세가율":48.39,
            "장기전세가율평균":"NA",
            "전세가율거품지수":"NA",
            "검색코드":15326,
            "세대수":72.0,
            "준공년월":"1993-03-02",
            "준공년차":30.0,
            "가까운역이름":"NA",
            "가까운역거리":"NA",
            "역세권여부":"NA",
            "30분이내주요거점역":"NA",
            "30분거점역이름":"NA",
            "1시간이내주요거점역":"NA",
            "1시간거점역이름":"NA",
            "3km이내백화점수":0,
            "5km이내아울렛몰수":0,
            "1km이내대형먀트수":1,
            "500m이내은행수":0,
            "500m이내병원수":1,
            "5km이내대형병원수":0,
            "500m이내공원수":3,
            "3km이내혐오시설수":0,
            "초등학교학업성취도":90.01,
            "중학교학업성취도":64.8,
            "용적률":271,
            "건폐율":29,
            "Y":36.98723,
            "X":127.60233,
            "rank":35.0,
            "area_info":"24평(81.42), 25평(83.31)",
            "last_sales":"2021-08-31,6200.0,24평(81.42)",
            "rank_history":[
                [
                    "202203",
                    35
                ],
                [
                    "202202",
                    9999
                ]
            ],
            "rank_gap":9999
        },
        {
            "index":53,
            "아파트명":"기흥",
            "투자타입":"일반",
            "전용면적(m2)":"75.14",
            "전용면적(평)":"22평",
            "법정동주소":"충청북도 음성군 대소면 오류리 66-5",
            "도로명주소":"충청북도 음성군 대금로379번길 16",
            "세대수":0,
            "입주년차":20,
            "용적률점수":"--",
            "건폐율점수":"--",
            "세대당주차수":0,
            "난방방식":30,
            "공급면적":"--",
            "전용률":"--",
            "욕실수":50,
            "현관타입":100,
            "주거총점":22.0,
            "지역구공급총점":0.0,
            "역세권":"NA",
            "30분내 이동가능 거점":"NA",
            "1시간내 이동가능 거점":"NA",
            "교통총점":"NA",
            "백화점":0,
            "아울렛몰":0,
            "대형마트":80,
            "은행":0,
            "병원":0,
            "종합병원":0,
            "공원":0,
            "혐오시설":0,
            "인프라총점":12.0,
            "초등학군":90.02,
            "중학군":37.14,
            "학군총점":47.716,
            "인구수":9.62,
            "인구증감":-0.94,
            "인구총점":6.452,
            "일자리":10.44,
            "소득수준":65.22,
            "일자리총점":26.874,
            "가치 총점":24.429,
            "매매실거래년":20220127.0,
            "매매실거래가":6300.0,
            "전세실거래년":20211103.0,
            "전세실거래가":7000.0,
            "전세가율":111.11,
            "장기전세가율평균":"NA",
            "전세가율거품지수":"NA",
            "검색코드":104874,
            "세대수":140.0,
            "준공년월":"2000-10-28",
            "준공년차":23.0,
            "가까운역이름":"NA",
            "가까운역거리":"NA",
            "역세권여부":"NA",
            "30분이내주요거점역":"NA",
            "30분거점역이름":"NA",
            "1시간이내주요거점역":"NA",
            "1시간거점역이름":"NA",
            "3km이내백화점수":0,
            "5km이내아울렛몰수":0,
            "1km이내대형먀트수":1,
            "500m이내은행수":0,
            "500m이내병원수":0,
            "5km이내대형병원수":0,
            "500m이내공원수":0,
            "3km이내혐오시설수":0,
            "초등학교학업성취도":90.02,
            "중학교학업성취도":61.9,
            "용적률":98,
            "건폐율":12,
            "Y":36.974555,
            "X":127.48352,
            "rank":36.0,
            "area_info":"22평(75.14)",
            "last_sales":"2022-01-27,6300.0,22평(75.14)",
            "rank_history":[
                [
                    "202203",
                    36
                ],
                [
                    "202202",
                    27
                ],
                [
                    "202201",
                    34
                ]
            ],
            "rank_gap":-9
        },
        {
            "index":131,
            "아파트명":"한빛",
            "투자타입":"일반",
            "전용면적(m2)":"60.36",
            "전용면적(평)":"18평",
            "법정동주소":"충청북도 음성군 삼성면 덕정리 824",
            "도로명주소":"충청북도 음성군 대성로 519-1",
            "세대수":0,
            "입주년차":0,
            "용적률점수":"--",
            "건폐율점수":"--",
            "세대당주차수":0,
            "난방방식":30,
            "공급면적":"--",
            "전용률":"--",
            "욕실수":50,
            "현관타입":100,
            "주거총점":18.0,
            "지역구공급총점":0.0,
            "역세권":"NA",
            "30분내 이동가능 거점":"NA",
            "1시간내 이동가능 거점":"NA",
            "교통총점":"NA",
            "백화점":0,
            "아울렛몰":0,
            "대형마트":80,
            "은행":0,
            "병원":0,
            "종합병원":0,
            "공원":80,
            "혐오시설":0,
            "인프라총점":14.4,
            "초등학군":90.05,
            "중학군":37.92,
            "학군총점":48.346,
            "인구수":9.62,
            "인구증감":-0.94,
            "인구총점":6.452,
            "일자리":10.44,
            "소득수준":65.22,
            "일자리총점":26.874,
            "가치 총점":24.1465,
            "매매실거래년":20220212.0,
            "매매실거래가":5000.0,
            "전세실거래년":20210927.0,
            "전세실거래가":3500.0,
            "전세가율":70.0,
            "장기전세가율평균":"NA",
            "전세가율거품지수":"NA",
            "검색코드":111631,
            "세대수":89.0,
            "준공년월":"1997-07-14",
            "준공년차":26.0,
            "가까운역이름":"NA",
            "가까운역거리":"NA",
            "역세권여부":"NA",
            "30분이내주요거점역":"NA",
            "30분거점역이름":"NA",
            "1시간이내주요거점역":"NA",
            "1시간거점역이름":"NA",
            "3km이내백화점수":0,
            "5km이내아울렛몰수":0,
            "1km이내대형먀트수":1,
            "500m이내은행수":0,
            "500m이내병원수":0,
            "5km이내대형병원수":0,
            "500m이내공원수":1,
            "3km이내혐오시설수":0,
            "초등학교학업성취도":90.05,
            "중학교학업성취도":63.2,
            "용적률":149,
            "건폐율":16,
            "Y":37.011151,
            "X":127.49415,
            "rank":37.0,
            "area_info":"18평(60.36)",
            "last_sales":"2022-02-12,5000.0,18평(60.36)",
            "rank_history":[
                [
                    "202203",
                    37
                ],
                [
                    "202202",
                    9999
                ]
            ],
            "rank_gap":9999
        },
        {
            "index":146,
            "아파트명":"신동아",
            "투자타입":"일반",
            "전용면적(m2)":"71.74",
            "전용면적(평)":"21평",
            "법정동주소":"충청북도 음성군 음성읍 읍내리 896",
            "도로명주소":"충청북도 음성군 문화16길 5",
            "세대수":0,
            "입주년차":0,
            "용적률점수":"--",
            "건폐율점수":"--",
            "세대당주차수":0,
            "난방방식":30,
            "공급면적":"--",
            "전용률":"--",
            "욕실수":50,
            "현관타입":100,
            "주거총점":18.0,
            "지역구공급총점":0.0,
            "역세권":"NA",
            "30분내 이동가능 거점":"NA",
            "1시간내 이동가능 거점":"NA",
            "교통총점":"NA",
            "백화점":0,
            "아울렛몰":0,
            "대형마트":0,
            "은행":0,
            "병원":30,
            "종합병원":0,
            "공원":80,
            "혐오시설":0,
            "인프라총점":5.4,
            "초등학군":90.02,
            "중학군":54.9,
            "학군총점":61.924,
            "인구수":9.62,
            "인구증감":-0.94,
            "인구총점":6.452,
            "일자리":10.44,
            "소득수준":65.22,
            "일자리총점":26.874,
            "가치 총점":23.941,
            "매매실거래년":20220211.0,
            "매매실거래가":6300.0,
            "전세실거래년":20191212.0,
            "전세실거래가":4000.0,
            "전세가율":63.49,
            "장기전세가율평균":"NA",
            "전세가율거품지수":"NA",
            "검색코드":15335,
            "세대수":100.0,
            "준공년월":"1994-07-21",
            "준공년차":29.0,
            "가까운역이름":"NA",
            "가까운역거리":"NA",
            "역세권여부":"NA",
            "30분이내주요거점역":"NA",
            "30분거점역이름":"NA",
            "1시간이내주요거점역":"NA",
            "1시간거점역이름":"NA",
            "3km이내백화점수":0,
            "5km이내아울렛몰수":0,
            "1km이내대형먀트수":0,
            "500m이내은행수":0,
            "500m이내병원수":6,
            "5km이내대형병원수":0,
            "500m이내공원수":1,
            "3km이내혐오시설수":0,
            "초등학교학업성취도":90.02,
            "중학교학업성취도":91.5,
            "용적률":107,
            "건폐율":28,
            "Y":36.938451,
            "X":127.696547,
            "rank":38.0,
            "area_info":"21평(71.74), 29평(99.11)",
            "last_sales":"2022-02-11,6300.0,21평(71.74)",
            "rank_history":[
                [
                    "202203",
                    38
                ],
                [
                    "202202",
                    31
                ],
                [
                    "202201",
                    26
                ]
            ],
            "rank_gap":-7
        },
        {
            "index":125,
            "아파트명":"대성진달래",
            "투자타입":"일반",
            "전용면적(m2)":"76.96",
            "전용면적(평)":"23평",
            "법정동주소":"충청북도 음성군 삼성면 덕정리 594-10",
            "도로명주소":"충청북도 음성군 덕정로 106-13",
            "세대수":0,
            "입주년차":0,
            "용적률점수":"--",
            "건폐율점수":"--",
            "세대당주차수":0,
            "난방방식":30,
            "공급면적":"--",
            "전용률":"--",
            "욕실수":50,
            "현관타입":100,
            "주거총점":18.0,
            "지역구공급총점":0.0,
            "역세권":"NA",
            "30분내 이동가능 거점":"NA",
            "1시간내 이동가능 거점":"NA",
            "교통총점":"NA",
            "백화점":0,
            "아울렛몰":0,
            "대형마트":80,
            "은행":0,
            "병원":10,
            "종합병원":0,
            "공원":0,
            "혐오시설":0,
            "인프라총점":13.0,
            "초등학군":90.05,
            "중학군":37.92,
            "학군총점":48.346,
            "인구수":9.62,
            "인구증감":-0.94,
            "인구총점":6.452,
            "일자리":10.44,
            "소득수준":65.22,
            "일자리총점":26.874,
            "가치 총점":23.5865,
            "매매실거래년":20211203.0,
            "매매실거래가":5200.0,
            "전세실거래년":20191218.0,
            "전세실거래가":4000.0,
            "전세가율":76.92,
            "장기전세가율평균":"NA",
            "전세가율거품지수":"NA",
            "검색코드":104873,
            "세대수":132.0,
            "준공년월":"1996-12-11",
            "준공년차":27.0,
            "가까운역이름":"NA",
            "가까운역거리":"NA",
            "역세권여부":"NA",
            "30분이내주요거점역":"NA",
            "30분거점역이름":"NA",
            "1시간이내주요거점역":"NA",
            "1시간거점역이름":"NA",
            "3km이내백화점수":0,
            "5km이내아울렛몰수":0,
            "1km이내대형먀트수":1,
            "500m이내은행수":0,
            "500m이내병원수":4,
            "5km이내대형병원수":0,
            "500m이내공원수":0,
            "3km이내혐오시설수":0,
            "초등학교학업성취도":90.05,
            "중학교학업성취도":63.2,
            "용적률":172,
            "건폐율":57,
            "Y":37.01986,
            "X":127.503566,
            "rank":39.0,
            "area_info":"23평(76.96), 23평(77.41), 33평(109.9)",
            "last_sales":"2021-12-03,5200.0,23평(76.96)",
            "rank_history":[
                [
                    "202203",
                    39
                ],
                [
                    "202202",
                    28
                ],
                [
                    "202201",
                    24
                ]
            ],
            "rank_gap":-11
        },
        {
            "index":88,
            "아파트명":"조원무궁화",
            "투자타입":"일반",
            "전용면적(m2)":"40.14",
            "전용면적(평)":"12평",
            "법정동주소":"충청북도 음성군 대소면 부윤리 130-17",
            "도로명주소":"충청북도 음성군 대동로 503",
            "세대수":30,
            "입주년차":0,
            "용적률점수":"--",
            "건폐율점수":"--",
            "세대당주차수":0,
            "난방방식":30,
            "공급면적":"--",
            "전용률":"--",
            "욕실수":50,
            "현관타입":10,
            "주거총점":19.5,
            "지역구공급총점":0.0,
            "역세권":"NA",
            "30분내 이동가능 거점":"NA",
            "1시간내 이동가능 거점":"NA",
            "교통총점":"NA",
            "백화점":0,
            "아울렛몰":0,
            "대형마트":80,
            "은행":0,
            "병원":0,
            "종합병원":0,
            "공원":0,
            "혐오시설":0,
            "인프라총점":12.0,
            "초등학군":89.98,
            "중학군":37.14,
            "학군총점":47.708,
            "인구수":9.62,
            "인구증감":-0.94,
            "인구총점":6.452,
            "일자리":10.44,
            "소득수준":65.22,
            "일자리총점":26.874,
            "가치 총점":23.552,
            "매매실거래년":20220219.0,
            "매매실거래가":2100.0,
            "전세실거래년":20211006.0,
            "전세실거래가":900.0,
            "전세가율":42.86,
            "장기전세가율평균":"NA",
            "전세가율거품지수":"NA",
            "검색코드":15332,
            "세대수":388.0,
            "준공년월":"1995-04-04",
            "준공년차":28.0,
            "가까운역이름":"NA",
            "가까운역거리":"NA",
            "역세권여부":"NA",
            "30분이내주요거점역":"NA",
            "30분거점역이름":"NA",
            "1시간이내주요거점역":"NA",
            "1시간거점역이름":"NA",
            "3km이내백화점수":0,
            "5km이내아울렛몰수":0,
            "1km이내대형먀트수":1,
            "500m이내은행수":0,
            "500m이내병원수":0,
            "5km이내대형병원수":0,
            "500m이내공원수":0,
            "3km이내혐오시설수":0,
            "초등학교학업성취도":89.98,
            "중학교학업성취도":61.9,
            "용적률":230,
            "건폐율":23,
            "Y":36.94956,
            "X":127.52477,
            "rank":40.0,
            "area_info":"12평(40.14), 17평(58.44)",
            "last_sales":"2022-02-19,2100.0,12평(40.14)",
            "rank_history":[
                [
                    "202203",
                    40
                ],
                [
                    "202202",
                    30
                ],
                [
                    "202201",
                    36
                ]
            ],
            "rank_gap":-10
        },
        {
            "index":46,
            "아파트명":"음성두진백로2차",
            "투자타입":"일반",
            "전용면적(m2)":"76.2",
            "전용면적(평)":"23평",
            "법정동주소":"충청북도 음성군 금왕읍 무극리 661",
            "도로명주소":"충청북도 음성군 탑골길 14",
            "세대수":0,
            "입주년차":0,
            "용적률점수":"--",
            "건폐율점수":"--",
            "세대당주차수":0,
            "난방방식":80,
            "공급면적":"--",
            "전용률":"--",
            "욕실수":50,
            "현관타입":100,
            "주거총점":23.0,
            "지역구공급총점":0.0,
            "역세권":"NA",
            "30분내 이동가능 거점":"NA",
            "1시간내 이동가능 거점":"NA",
            "교통총점":"NA",
            "백화점":0,
            "아울렛몰":0,
            "대형마트":0,
            "은행":0,
            "병원":30,
            "종합병원":0,
            "공원":100,
            "혐오시설":0,
            "인프라총점":6.0,
            "초등학군":89.96,
            "중학군":39.08,
            "학군총점":49.256,
            "인구수":9.62,
            "인구증감":-0.94,
            "인구총점":6.452,
            "일자리":10.44,
            "소득수준":65.22,
            "일자리총점":26.874,
            "가치 총점":22.764,
            "매매실거래년":20220221.0,
            "매매실거래가":13300.0,
            "전세실거래년":20210505.0,
            "전세실거래가":7000.0,
            "전세가율":64.22,
            "장기전세가율평균":"NA",
            "전세가율거품지수":"NA",
            "검색코드":15323,
            "세대수":116.0,
            "준공년월":"1997-05-16",
            "준공년차":26.0,
            "가까운역이름":"NA",
            "가까운역거리":"NA",
            "역세권여부":"NA",
            "30분이내주요거점역":"NA",
            "30분거점역이름":"NA",
            "1시간이내주요거점역":"NA",
            "1시간거점역이름":"NA",
            "3km이내백화점수":0,
            "5km이내아울렛몰수":0,
            "1km이내대형먀트수":0,
            "500m이내은행수":0,
            "500m이내병원수":6,
            "5km이내대형병원수":0,
            "500m이내공원수":2,
            "3km이내혐오시설수":0,
            "초등학교학업성취도":89.96,
            "중학교학업성취도":64.8,
            "용적률":114,
            "건폐율":14,
            "Y":36.990118,
            "X":127.584621,
            "rank":41.0,
            "area_info":"23평(76.2), 31평(104.06)",
            "last_sales":"2022-02-21,13300.0,31평(104.06)",
            "rank_history":[
                [
                    "202203",
                    41
                ],
                [
                    "202202",
                    34
                ],
                [
                    "202201",
                    31
                ]
            ],
            "rank_gap":-7
        },
        {
            "index":2,
            "아파트명":"감곡부강",
            "투자타입":"일반",
            "전용면적(m2)":"81.61",
            "전용면적(평)":"24평",
            "법정동주소":"충청북도 음성군 감곡면 오향리 557-4",
            "도로명주소":"충청북도 음성군 음성로 2640",
            "세대수":0,
            "입주년차":0,
            "용적률점수":"--",
            "건폐율점수":"--",
            "세대당주차수":0,
            "난방방식":30,
            "공급면적":"--",
            "전용률":"--",
            "욕실수":50,
            "현관타입":100,
            "주거총점":18.0,
            "지역구공급총점":0.0,
            "역세권":"NA",
            "30분내 이동가능 거점":"NA",
            "1시간내 이동가능 거점":"NA",
            "교통총점":"NA",
            "백화점":0,
            "아울렛몰":0,
            "대형마트":80,
            "은행":0,
            "병원":0,
            "종합병원":0,
            "공원":0,
            "혐오시설":0,
            "인프라총점":12.0,
            "초등학군":90.03,
            "중학군":35.46,
            "학군총점":46.374,
            "인구수":9.62,
            "인구증감":-0.94,
            "인구총점":6.452,
            "일자리":10.44,
            "소득수준":65.22,
            "일자리총점":26.874,
            "가치 총점":22.6935,
            "매매실거래년":20220118.0,
            "매매실거래가":7700.0,
            "전세실거래년":20210724.0,
            "전세실거래가":5500.0,
            "전세가율":71.43,
            "장기전세가율평균":"NA",
            "전세가율거품지수":"NA",
            "검색코드":7718,
            "세대수":195.0,
            "준공년월":"1993-07-15",
            "준공년차":30.0,
            "가까운역이름":"NA",
            "가까운역거리":"NA",
            "역세권여부":"NA",
            "30분이내주요거점역":"NA",
            "30분거점역이름":"NA",
            "1시간이내주요거점역":"NA",
            "1시간거점역이름":"NA",
            "3km이내백화점수":0,
            "5km이내아울렛몰수":0,
            "1km이내대형먀트수":1,
            "500m이내은행수":0,
            "500m이내병원수":0,
            "5km이내대형병원수":0,
            "500m이내공원수":0,
            "3km이내혐오시설수":0,
            "초등학교학업성취도":90.03,
            "중학교학업성취도":59.1,
            "용적률":279,
            "건폐율":33,
            "Y":37.11143,
            "X":127.64364,
            "rank":42.0,
            "area_info":"24평(81.61), 30평(102.04)",
            "last_sales":"2022-01-18,7700.0,24평(81.61)",
            "rank_history":[
                [
                    "202203",
                    42
                ],
                [
                    "202202",
                    32
                ],
                [
                    "202201",
                    37
                ]
            ],
            "rank_gap":-10
        },
        {
            "index":137,
            "아파트명":"홍은모드니",
            "투자타입":"일반",
            "전용면적(m2)":"77.58",
            "전용면적(평)":"23평",
            "법정동주소":"충청북도 음성군 생극면 신양리 388-11",
            "도로명주소":"충청북도 음성군 오신로550번길 3",
            "세대수":0,
            "입주년차":0,
            "용적률점수":"--",
            "건폐율점수":"--",
            "세대당주차수":0,
            "난방방식":30,
            "공급면적":"--",
            "전용률":"--",
            "욕실수":50,
            "현관타입":100,
            "주거총점":18.0,
            "지역구공급총점":0.0,
            "역세권":"NA",
            "30분내 이동가능 거점":"NA",
            "1시간내 이동가능 거점":"NA",
            "교통총점":"NA",
            "백화점":0,
            "아울렛몰":0,
            "대형마트":80,
            "은행":0,
            "병원":0,
            "종합병원":0,
            "공원":0,
            "혐오시설":0,
            "인프라총점":12.0,
            "초등학군":90.0,
            "중학군":34.68,
            "학군총점":45.744,
            "인구수":9.62,
            "인구증감":-0.94,
            "인구총점":6.452,
            "일자리":10.44,
            "소득수준":65.22,
            "일자리총점":26.874,
            "가치 총점":22.536,
            "매매실거래년":20211210.0,
            "매매실거래가":4000.0,
            "전세실거래년":20180325.0,
            "전세실거래가":2000.0,
            "전세가율":86.96,
            "장기전세가율평균":"NA",
            "전세가율거품지수":"NA",
            "검색코드":117585,
            "세대수":130.0,
            "준공년월":"1996-08-05",
            "준공년차":27.0,
            "가까운역이름":"NA",
            "가까운역거리":"NA",
            "역세권여부":"NA",
            "30분이내주요거점역":"NA",
            "30분거점역이름":"NA",
            "1시간이내주요거점역":"NA",
            "1시간거점역이름":"NA",
            "3km이내백화점수":0,
            "5km이내아울렛몰수":0,
            "1km이내대형먀트수":1,
            "500m이내은행수":0,
            "500m이내병원수":0,
            "5km이내대형병원수":0,
            "500m이내공원수":0,
            "3km이내혐오시설수":0,
            "초등학교학업성취도":90.0,
            "중학교학업성취도":57.8,
            "용적률":361,
            "건폐율":35,
            "Y":37.03476,
            "X":127.612664,
            "rank":43.0,
            "area_info":"23평(77.58), 28평(92.66)",
            "last_sales":"2021-12-10,4000.0,28평(92.66)",
            "rank_history":[
                [
                    "202203",
                    43
                ],
                [
                    "202202",
                    33
                ],
                [
                    "202201",
                    28
                ]
            ],
            "rank_gap":-10
        },
        {
            "index":49,
            "아파트명":"풍산",
            "투자타입":"재건축",
            "전용면적(m2)":"60.45",
            "전용면적(평)":"18평",
            "법정동주소":"충청북도 음성군 금왕읍 무극리 59-23",
            "도로명주소":"충청북도 음성군 무극로286번길 16",
            "세대수":0,
            "입주년차":"--",
            "용적률점수":0,
            "건폐율점수":0,
            "세대당주차수":"--",
            "난방방식":"--",
            "공급면적":50,
            "전용률":40,
            "욕실수":"--",
            "현관타입":"--",
            "주거총점":4.5,
            "지역구공급총점":0.0,
            "역세권":"NA",
            "30분내 이동가능 거점":"NA",
            "1시간내 이동가능 거점":"NA",
            "교통총점":"NA",
            "백화점":0,
            "아울렛몰":0,
            "대형마트":80,
            "은행":0,
            "병원":60,
            "종합병원":0,
            "공원":100,
            "혐오시설":0,
            "인프라총점":21.0,
            "초등학군":89.96,
            "중학군":39.08,
            "학군총점":49.256,
            "인구수":9.62,
            "인구증감":-0.94,
            "인구총점":6.452,
            "일자리":10.44,
            "소득수준":65.22,
            "일자리총점":26.874,
            "가치 총점":22.289,
            "매매실거래년":20210705.0,
            "매매실거래가":9000.0,
            "전세실거래년":null,
            "전세실거래가":null,
            "전세가율":null,
            "장기전세가율평균":"NA",
            "전세가율거품지수":"NA",
            "검색코드":15327,
            "세대수":120.0,
            "준공년월":"1990-12-24",
            "준공년차":33.0,
            "가까운역이름":"NA",
            "가까운역거리":"NA",
            "역세권여부":"NA",
            "30분이내주요거점역":"NA",
            "30분거점역이름":"NA",
            "1시간이내주요거점역":"NA",
            "1시간거점역이름":"NA",
            "3km이내백화점수":0,
            "5km이내아울렛몰수":0,
            "1km이내대형먀트수":1,
            "500m이내은행수":0,
            "500m이내병원수":27,
            "5km이내대형병원수":0,
            "500m이내공원수":2,
            "3km이내혐오시설수":0,
            "초등학교학업성취도":89.96,
            "중학교학업성취도":64.8,
            "용적률":0,
            "건폐율":0,
            "Y":36.99169,
            "X":127.593611,
            "rank":44.0,
            "area_info":"18평(60.45), 20평(66.38), 24평(79.41), 33평(109.24)",
            "last_sales":"2021-07-05,9000.0,33평(109.24)",
            "rank_history":[
                [
                    "202203",
                    44
                ],
                [
                    "202202",
                    35
                ],
                [
                    "202201",
                    32
                ]
            ],
            "rank_gap":-9
        },
        {
            "index":183,
            "아파트명":"프리안",
            "투자타입":"일반",
            "전용면적(m2)":"76.33",
            "전용면적(평)":"23평",
            "법정동주소":"충청북도 음성군 음성읍 읍내리 686",
            "도로명주소":"충청북도 음성군 용광로48번길 10",
            "세대수":0,
            "입주년차":60,
            "용적률점수":"--",
            "건폐율점수":"--",
            "세대당주차수":0,
            "난방방식":30,
            "공급면적":"--",
            "전용률":"--",
            "욕실수":100,
            "현관타입":10,
            "주거총점":26.0,
            "지역구공급총점":0.0,
            "역세권":"NA",
            "30분내 이동가능 거점":"NA",
            "1시간내 이동가능 거점":"NA",
            "교통총점":"NA",
            "백화점":0,
            "아울렛몰":0,
            "대형마트":0,
            "은행":0,
            "병원":0,
            "종합병원":0,
            "공원":0,
            "혐오시설":0,
            "인프라총점":0.0,
            "초등학군":90.02,
            "중학군":43.02,
            "학군총점":52.42,
            "인구수":9.62,
            "인구증감":-0.94,
            "인구총점":6.452,
            "일자리":10.44,
            "소득수준":65.22,
            "일자리총점":26.874,
            "가치 총점":22.205,
            "매매실거래년":20211101.0,
            "매매실거래가":6000.0,
            "전세실거래년":20210426.0,
            "전세실거래가":5000.0,
            "전세가율":83.33,
            "장기전세가율평균":"NA",
            "전세가율거품지수":"NA",
            "검색코드":105768,
            "세대수":90.0,
            "준공년월":"2012-03-27",
            "준공년차":11.0,
            "가까운역이름":"NA",
            "가까운역거리":"NA",
            "역세권여부":"NA",
            "30분이내주요거점역":"NA",
            "30분거점역이름":"NA",
            "1시간이내주요거점역":"NA",
            "1시간거점역이름":"NA",
            "3km이내백화점수":0,
            "5km이내아울렛몰수":0,
            "1km이내대형먀트수":0,
            "500m이내은행수":0,
            "500m이내병원수":1,
            "5km이내대형병원수":0,
            "500m이내공원수":0,
            "3km이내혐오시설수":0,
            "초등학교학업성취도":90.02,
            "중학교학업성취도":71.7,
            "용적률":214,
            "건폐율":28,
            "Y":36.942459,
            "X":127.688785,
            "rank":45.0,
            "area_info":"23평(76.33), 26평(88.79), 33평(111.1)",
            "last_sales":"2021-11-01,6000.0,23평(76.33)",
            "rank_history":[
                [
                    "202203",
                    45
                ],
                [
                    "202202",
                    9999
                ]
            ],
            "rank_gap":9999
        },
        {
            "index":93,
            "아파트명":"풍산",
            "투자타입":"재건축",
            "전용면적(m2)":"54.87",
            "전용면적(평)":"16평",
            "법정동주소":"충청북도 음성군 대소면 오산리 114-5",
            "도로명주소":"충청북도 음성군 오산로 31-1",
            "세대수":0,
            "입주년차":"--",
            "용적률점수":0,
            "건폐율점수":0,
            "세대당주차수":"--",
            "난방방식":"--",
            "공급면적":50,
            "전용률":60,
            "욕실수":"--",
            "현관타입":"--",
            "주거총점":5.5,
            "지역구공급총점":0.0,
            "역세권":"NA",
            "30분내 이동가능 거점":"NA",
            "1시간내 이동가능 거점":"NA",
            "교통총점":"NA",
            "백화점":0,
            "아울렛몰":0,
            "대형마트":80,
            "은행":0,
            "병원":60,
            "종합병원":0,
            "공원":0,
            "혐오시설":0,
            "인프라총점":18.0,
            "초등학군":90.02,
            "중학군":37.14,
            "학군총점":47.716,
            "인구수":9.62,
            "인구증감":-0.94,
            "인구총점":6.452,
            "일자리":10.44,
            "소득수준":65.22,
            "일자리총점":26.874,
            "가치 총점":21.054,
            "매매실거래년":20220128.0,
            "매매실거래가":3800.0,
            "전세실거래년":20150628.0,
            "전세실거래가":3000.0,
            "전세가율":88.24,
            "장기전세가율평균":"NA",
            "전세가율거품지수":"NA",
            "검색코드":7725,
            "세대수":224.0,
            "준공년월":"1991-11-30",
            "준공년차":32.0,
            "가까운역이름":"NA",
            "가까운역거리":"NA",
            "역세권여부":"NA",
            "30분이내주요거점역":"NA",
            "30분거점역이름":"NA",
            "1시간이내주요거점역":"NA",
            "1시간거점역이름":"NA",
            "3km이내백화점수":0,
            "5km이내아울렛몰수":0,
            "1km이내대형먀트수":1,
            "500m이내은행수":0,
            "500m이내병원수":10,
            "5km이내대형병원수":0,
            "500m이내공원수":0,
            "3km이내혐오시설수":0,
            "초등학교학업성취도":90.02,
            "중학교학업성취도":61.9,
            "용적률":0,
            "건폐율":0,
            "Y":36.96672,
            "X":127.48368,
            "rank":46.0,
            "area_info":"16평(54.87), 17평(59.35), 19평(65.28), 23평(76.27), 30평(101.98)",
            "last_sales":"2022-01-28,3800.0,19평(65.28)",
            "rank_history":[
                [
                    "202203",
                    46
                ],
                [
                    "202202",
                    36
                ],
                [
                    "202201",
                    45
                ]
            ],
            "rank_gap":-10
        },
        {
            "index":119,
            "아파트명":"음성황새마을미영",
            "투자타입":"일반",
            "전용면적(m2)":"46.79",
            "전용면적(평)":"14평",
            "법정동주소":"충청북도 음성군 맹동면 용촌리 56-1",
            "도로명주소":"충청북도 음성군 덕금로211번길 77",
            "세대수":0,
            "입주년차":60,
            "용적률점수":"--",
            "건폐율점수":"--",
            "세대당주차수":0,
            "난방방식":30,
            "공급면적":"--",
            "전용률":"--",
            "욕실수":50,
            "현관타입":10,
            "주거총점":21.0,
            "지역구공급총점":0.0,
            "역세권":"NA",
            "30분내 이동가능 거점":"NA",
            "1시간내 이동가능 거점":"NA",
            "교통총점":"NA",
            "백화점":0,
            "아울렛몰":0,
            "대형마트":0,
            "은행":0,
            "병원":0,
            "종합병원":0,
            "공원":0,
            "혐오시설":0,
            "인프라총점":0.0,
            "초등학군":90.0,
            "중학군":43.3,
            "학군총점":52.64,
            "인구수":9.62,
            "인구증감":-0.94,
            "인구총점":6.452,
            "일자리":10.44,
            "소득수준":65.22,
            "일자리총점":26.874,
            "가치 총점":20.51,
            "매매실거래년":20220112.0,
            "매매실거래가":3200.0,
            "전세실거래년":20210928.0,
            "전세실거래가":2300.0,
            "전세가율":71.88,
            "장기전세가율평균":"NA",
            "전세가율거품지수":"NA",
            "검색코드":103359,
            "세대수":170.0,
            "준공년월":"2009-02-12",
            "준공년차":14.0,
            "가까운역이름":"NA",
            "가까운역거리":"NA",
            "역세권여부":"NA",
            "30분이내주요거점역":"NA",
            "30분거점역이름":"NA",
            "1시간이내주요거점역":"NA",
            "1시간거점역이름":"NA",
            "3km이내백화점수":0,
            "5km이내아울렛몰수":0,
            "1km이내대형먀트수":0,
            "500m이내은행수":0,
            "500m이내병원수":0,
            "5km이내대형병원수":0,
            "500m이내공원수":0,
            "3km이내혐오시설수":0,
            "초등학교학업성취도":90.0,
            "중학교학업성취도":71.5,
            "용적률":89,
            "건폐율":23,
            "Y":36.929205,
            "X":127.53976,
            "rank":47.0,
            "area_info":"14평(46.79), 19평(64.4), 20평(66.47)",
            "last_sales":"2022-01-12,3200.0,14평(46.79)",
            "rank_history":[
                [
                    "202203",
                    47
                ],
                [
                    "202202",
                    40
                ],
                [
                    "202201",
                    35
                ]
            ],
            "rank_gap":-7
        },
        {
            "index":9,
            "아파트명":"드림타워",
            "투자타입":"일반",
            "전용면적(m2)":"51.44",
            "전용면적(평)":"15평",
            "법정동주소":"충청북도 음성군 감곡면 오향리 405-16",
            "도로명주소":"충청북도 음성군 거일길 27-38",
            "세대수":0,
            "입주년차":60,
            "용적률점수":"--",
            "건폐율점수":"--",
            "세대당주차수":0,
            "난방방식":30,
            "공급면적":"--",
            "전용률":"--",
            "욕실수":50,
            "현관타입":50,
            "주거총점":25.0,
            "지역구공급총점":0.0,
            "역세권":"NA",
            "30분내 이동가능 거점":"NA",
            "1시간내 이동가능 거점":"NA",
            "교통총점":"NA",
            "백화점":0,
            "아울렛몰":0,
            "대형마트":0,
            "은행":0,
            "병원":0,
            "종합병원":0,
            "공원":0,
            "혐오시설":0,
            "인프라총점":0.0,
            "초등학군":90.03,
            "중학군":35.46,
            "학군총점":46.374,
            "인구수":9.62,
            "인구증감":-0.94,
            "인구총점":6.452,
            "일자리":10.44,
            "소득수준":65.22,
            "일자리총점":26.874,
            "가치 총점":20.3435,
            "매매실거래년":20220104.0,
            "매매실거래가":7500.0,
            "전세실거래년":20211126.0,
            "전세실거래가":4500.0,
            "전세가율":72.58,
            "장기전세가율평균":"NA",
            "전세가율거품지수":"NA",
            "검색코드":105514,
            "세대수":149.0,
            "준공년월":"2011-11-10",
            "준공년차":12.0,
            "가까운역이름":"NA",
            "가까운역거리":"NA",
            "역세권여부":"NA",
            "30분이내주요거점역":"NA",
            "30분거점역이름":"NA",
            "1시간이내주요거점역":"NA",
            "1시간거점역이름":"NA",
            "3km이내백화점수":0,
            "5km이내아울렛몰수":0,
            "1km이내대형먀트수":0,
            "500m이내은행수":0,
            "500m이내병원수":0,
            "5km이내대형병원수":0,
            "500m이내공원수":0,
            "3km이내혐오시설수":0,
            "초등학교학업성취도":90.03,
            "중학교학업성취도":59.1,
            "용적률":178,
            "건폐율":15,
            "Y":37.112947,
            "X":127.649787,
            "rank":48.0,
            "area_info":"15평(51.44), 22평(76.0)",
            "last_sales":"2022-01-04,7500.0,22평(76.0)",
            "rank_history":[
                [
                    "202203",
                    48
                ],
                [
                    "202202",
                    37
                ],
                [
                    "202201",
                    33
                ]
            ],
            "rank_gap":-11
        },
        {
            "index":16,
            "아파트명":"극동미라주",
            "투자타입":"일반",
            "전용면적(m2)":"73.06",
            "전용면적(평)":"22평",
            "법정동주소":"충청북도 음성군 금왕읍 오선리 25-4",
            "도로명주소":"충청북도 음성군 대금로 1243",
            "세대수":0,
            "입주년차":20,
            "용적률점수":"--",
            "건폐율점수":"--",
            "세대당주차수":0,
            "난방방식":30,
            "공급면적":"--",
            "전용률":"--",
            "욕실수":100,
            "현관타입":50,
            "주거총점":22.0,
            "지역구공급총점":0.0,
            "역세권":"NA",
            "30분내 이동가능 거점":"NA",
            "1시간내 이동가능 거점":"NA",
            "교통총점":"NA",
            "백화점":0,
            "아울렛몰":0,
            "대형마트":0,
            "은행":0,
            "병원":0,
            "종합병원":0,
            "공원":0,
            "혐오시설":0,
            "인프라총점":0.0,
            "초등학군":89.95,
            "중학군":39.08,
            "학군총점":49.254,
            "인구수":9.62,
            "인구증감":-0.94,
            "인구총점":6.452,
            "일자리":10.44,
            "소득수준":65.22,
            "일자리총점":26.874,
            "가치 총점":20.0135,
            "매매실거래년":20211106.0,
            "매매실거래가":4100.0,
            "전세실거래년":20220115.0,
            "전세실거래가":3500.0,
            "전세가율":85.37,
            "장기전세가율평균":"NA",
            "전세가율거품지수":"NA",
            "검색코드":104913,
            "세대수":80.0,
            "준공년월":"2002-07-04",
            "준공년차":21.0,
            "가까운역이름":"NA",
            "가까운역거리":"NA",
            "역세권여부":"NA",
            "30분이내주요거점역":"NA",
            "30분거점역이름":"NA",
            "1시간이내주요거점역":"NA",
            "1시간거점역이름":"NA",
            "3km이내백화점수":0,
            "5km이내아울렛몰수":0,
            "1km이내대형먀트수":0,
            "500m이내은행수":0,
            "500m이내병원수":0,
            "5km이내대형병원수":0,
            "500m이내공원수":0,
            "3km이내혐오시설수":0,
            "초등학교학업성취도":89.95,
            "중학교학업성취도":64.8,
            "용적률":62,
            "건폐율":16,
            "Y":36.983205,
            "X":127.571718,
            "rank":49.0,
            "area_info":"22평(73.06)",
            "last_sales":"2021-11-06,4100.0,22평(73.06)",
            "rank_history":[
                [
                    "202203",
                    49
                ],
                [
                    "202202",
                    9999
                ]
            ],
            "rank_gap":9999
        },
        {
            "index":98,
            "아파트명":"한미금강",
            "투자타입":"일반",
            "전용면적(m2)":"49.29",
            "전용면적(평)":"14평",
            "법정동주소":"충청북도 음성군 대소면 부윤리 121-1",
            "도로명주소":"충청북도 음성군 신내로 148-8",
            "세대수":0,
            "입주년차":0,
            "용적률점수":"--",
            "건폐율점수":"--",
            "세대당주차수":0,
            "난방방식":30,
            "공급면적":"--",
            "전용률":"--",
            "욕실수":50,
            "현관타입":10,
            "주거총점":9.0,
            "지역구공급총점":0.0,
            "역세권":"NA",
            "30분내 이동가능 거점":"NA",
            "1시간내 이동가능 거점":"NA",
            "교통총점":"NA",
            "백화점":0,
            "아울렛몰":0,
            "대형마트":80,
            "은행":0,
            "병원":0,
            "종합병원":0,
            "공원":0,
            "혐오시설":0,
            "인프라총점":12.0,
            "초등학군":89.98,
            "중학군":37.14,
            "학군총점":47.708,
            "인구수":9.62,
            "인구증감":-0.94,
            "인구총점":6.452,
            "일자리":10.44,
            "소득수준":65.22,
            "일자리총점":26.874,
            "가치 총점":19.877,
            "매매실거래년":20220213.0,
            "매매실거래가":3800.0,
            "전세실거래년":20200401.0,
            "전세실거래가":1500.0,
            "전세가율":53.57,
            "장기전세가율평균":"NA",
            "전세가율거품지수":"NA",
            "검색코드":11245,
            "세대수":270.0,
            "준공년월":"1994-12-31",
            "준공년차":29.0,
            "가까운역이름":"NA",
            "가까운역거리":"NA",
            "역세권여부":"NA",
            "30분이내주요거점역":"NA",
            "30분거점역이름":"NA",
            "1시간이내주요거점역":"NA",
            "1시간거점역이름":"NA",
            "3km이내백화점수":0,
            "5km이내아울렛몰수":0,
            "1km이내대형먀트수":1,
            "500m이내은행수":0,
            "500m이내병원수":0,
            "5km이내대형병원수":0,
            "500m이내공원수":0,
            "3km이내혐오시설수":0,
            "초등학교학업성취도":89.98,
            "중학교학업성취도":61.9,
            "용적률":149,
            "건폐율":29,
            "Y":36.951254,
            "X":127.527692,
            "rank":50.0,
            "area_info":"14평(49.29), 14평(49.02), 21평(72.03), 23평(77.01)",
            "last_sales":"2022-02-13,3800.0,21평(72.03)",
            "rank_history":[
                [
                    "202203",
                    50
                ],
                [
                    "202202",
                    38
                ],
                [
                    "202201",
                    44
                ]
            ],
            "rank_gap":-12
        },
        {
            "index":11,
            "아파트명":"삼성푸른",
            "투자타입":"일반",
            "전용면적(m2)":"80.88",
            "전용면적(평)":"24평",
            "법정동주소":"충청북도 음성군 감곡면 오향리 409-1",
            "도로명주소":"충청북도 음성군 거일길 27-31",
            "세대수":0,
            "입주년차":0,
            "용적률점수":"--",
            "건폐율점수":"--",
            "세대당주차수":0,
            "난방방식":30,
            "공급면적":"--",
            "전용률":"--",
            "욕실수":50,
            "현관타입":10,
            "주거총점":9.0,
            "지역구공급총점":0.0,
            "역세권":"NA",
            "30분내 이동가능 거점":"NA",
            "1시간내 이동가능 거점":"NA",
            "교통총점":"NA",
            "백화점":0,
            "아울렛몰":0,
            "대형마트":80,
            "은행":0,
            "병원":0,
            "종합병원":0,
            "공원":0,
            "혐오시설":0,
            "인프라총점":12.0,
            "초등학군":90.03,
            "중학군":35.46,
            "학군총점":46.374,
            "인구수":9.62,
            "인구증감":-0.94,
            "인구총점":6.452,
            "일자리":10.44,
            "소득수준":65.22,
            "일자리총점":26.874,
            "가치 총점":19.5435,
            "매매실거래년":20220208.0,
            "매매실거래가":10800.0,
            "전세실거래년":20181103.0,
            "전세실거래가":4500.0,
            "전세가율":75.0,
            "장기전세가율평균":"NA",
            "전세가율거품지수":"NA",
            "검색코드":15321,
            "세대수":108.0,
            "준공년월":"1994-07-01",
            "준공년차":29.0,
            "가까운역이름":"NA",
            "가까운역거리":"NA",
            "역세권여부":"NA",
            "30분이내주요거점역":"NA",
            "30분거점역이름":"NA",
            "1시간이내주요거점역":"NA",
            "1시간거점역이름":"NA",
            "3km이내백화점수":0,
            "5km이내아울렛몰수":0,
            "1km이내대형먀트수":1,
            "500m이내은행수":0,
            "500m이내병원수":0,
            "5km이내대형병원수":0,
            "500m이내공원수":0,
            "3km이내혐오시설수":0,
            "초등학교학업성취도":90.03,
            "중학교학업성취도":59.1,
            "용적률":139,
            "건폐율":16,
            "Y":37.11334,
            "X":127.648547,
            "rank":51.0,
            "area_info":"24평(80.88), 32평(106.16)",
            "last_sales":"2022-02-08,10800.0,32평(106.16)",
            "rank_history":[
                [
                    "202203",
                    51
                ],
                [
                    "202202",
                    39
                ],
                [
                    "202201",
                    43
                ]
            ],
            "rank_gap":-12
        },
        {
            "index":141,
            "아파트명":"무지개",
            "투자타입":"일반",
            "전용면적(m2)":"73.38",
            "전용면적(평)":"22평",
            "법정동주소":"충청북도 음성군 음성읍 읍내리 679-2",
            "도로명주소":"충청북도 음성군 용광로 41",
            "세대수":0,
            "입주년차":0,
            "용적률점수":"--",
            "건폐율점수":"--",
            "세대당주차수":0,
            "난방방식":30,
            "공급면적":"--",
            "전용률":"--",
            "욕실수":50,
            "현관타입":100,
            "주거총점":18.0,
            "지역구공급총점":0.0,
            "역세권":"NA",
            "30분내 이동가능 거점":"NA",
            "1시간내 이동가능 거점":"NA",
            "교통총점":"NA",
            "백화점":0,
            "아울렛몰":0,
            "대형마트":0,
            "은행":0,
            "병원":0,
            "종합병원":0,
            "공원":0,
            "혐오시설":0,
            "인프라총점":0.0,
            "초등학군":90.02,
            "중학군":43.02,
            "학군총점":52.42,
            "인구수":9.62,
            "인구증감":-0.94,
            "인구총점":6.452,
            "일자리":10.44,
            "소득수준":65.22,
            "일자리총점":26.874,
            "가치 총점":19.405,
            "매매실거래년":20220209.0,
            "매매실거래가":6300.0,
            "전세실거래년":20211118.0,
            "전세실거래가":4500.0,
            "전세가율":71.43,
            "장기전세가율평균":"NA",
            "전세가율거품지수":"NA",
            "검색코드":110087,
            "세대수":99.0,
            "준공년월":"1993-12-13",
            "준공년차":30.0,
            "가까운역이름":"NA",
            "가까운역거리":"NA",
            "역세권여부":"NA",
            "30분이내주요거점역":"NA",
            "30분거점역이름":"NA",
            "1시간이내주요거점역":"NA",
            "1시간거점역이름":"NA",
            "3km이내백화점수":0,
            "5km이내아울렛몰수":0,
            "1km이내대형먀트수":0,
            "500m이내은행수":0,
            "500m이내병원수":1,
            "5km이내대형병원수":0,
            "500m이내공원수":0,
            "3km이내혐오시설수":0,
            "초등학교학업성취도":90.02,
            "중학교학업성취도":71.7,
            "용적률":276,
            "건폐율":30,
            "Y":36.94205,
            "X":127.68772,
            "rank":52.0,
            "area_info":"22평(73.38), 30평(102.24), 31평(103.87)",
            "last_sales":"2022-02-09,6300.0,22평(73.38)",
            "rank_history":[
                [
                    "202203",
                    52
                ],
                [
                    "202202",
                    9999
                ]
            ],
            "rank_gap":9999
        },
        {
            "index":128,
            "아파트명":"별무늬",
            "투자타입":"재건축",
            "전용면적(m2)":"65.87",
            "전용면적(평)":"19평",
            "법정동주소":"충청북도 음성군 삼성면 덕정리 594-4",
            "도로명주소":"충청북도 음성군 덕정로 110",
            "세대수":0,
            "입주년차":"--",
            "용적률점수":0,
            "건폐율점수":0,
            "세대당주차수":"--",
            "난방방식":"--",
            "공급면적":50,
            "전용률":60,
            "욕실수":"--",
            "현관타입":"--",
            "주거총점":5.5,
            "지역구공급총점":0.0,
            "역세권":"NA",
            "30분내 이동가능 거점":"NA",
            "1시간내 이동가능 거점":"NA",
            "교통총점":"NA",
            "백화점":0,
            "아울렛몰":0,
            "대형마트":80,
            "은행":0,
            "병원":10,
            "종합병원":0,
            "공원":0,
            "혐오시설":0,
            "인프라총점":13.0,
            "초등학군":90.05,
            "중학군":37.92,
            "학군총점":48.346,
            "인구수":9.62,
            "인구증감":-0.94,
            "인구총점":6.452,
            "일자리":10.44,
            "소득수준":65.22,
            "일자리총점":26.874,
            "가치 총점":19.2115,
            "매매실거래년":20220104.0,
            "매매실거래가":3900.0,
            "전세실거래년":20111013.0,
            "전세실거래가":2000.0,
            "전세가율":51.28,
            "장기전세가율평균":"NA",
            "전세가율거품지수":"NA",
            "검색코드":106083,
            "세대수":84.0,
            "준공년월":"1991-10-18",
            "준공년차":32.0,
            "가까운역이름":"NA",
            "가까운역거리":"NA",
            "역세권여부":"NA",
            "30분이내주요거점역":"NA",
            "30분거점역이름":"NA",
            "1시간이내주요거점역":"NA",
            "1시간거점역이름":"NA",
            "3km이내백화점수":0,
            "5km이내아울렛몰수":0,
            "1km이내대형먀트수":1,
            "500m이내은행수":0,
            "500m이내병원수":3,
            "5km이내대형병원수":0,
            "500m이내공원수":0,
            "3km이내혐오시설수":0,
            "초등학교학업성취도":90.05,
            "중학교학업성취도":63.2,
            "용적률":0,
            "건폐율":0,
            "Y":37.020376,
            "X":127.504181,
            "rank":53.0,
            "area_info":"19평(65.87), 22평(75.37), 31평(103.22)",
            "last_sales":"2022-01-04,3900.0,19평(65.87)",
            "rank_history":[
                [
                    "202203",
                    53
                ],
                [
                    "202202",
                    9999
                ]
            ],
            "rank_gap":9999
        },
        {
            "index":80,
            "아파트명":"융보목련",
            "투자타입":"일반",
            "전용면적(m2)":"57.7",
            "전용면적(평)":"17평",
            "법정동주소":"충청북도 음성군 대소면 오류리 218-27",
            "도로명주소":"충청북도 음성군 대풍산단로 12-8",
            "세대수":0,
            "입주년차":0,
            "용적률점수":"--",
            "건폐율점수":"--",
            "세대당주차수":0,
            "난방방식":30,
            "공급면적":"--",
            "전용률":"--",
            "욕실수":50,
            "현관타입":100,
            "주거총점":18.0,
            "지역구공급총점":0.0,
            "역세권":"NA",
            "30분내 이동가능 거점":"NA",
            "1시간내 이동가능 거점":"NA",
            "교통총점":"NA",
            "백화점":0,
            "아울렛몰":0,
            "대형마트":0,
            "은행":20,
            "병원":0,
            "종합병원":0,
            "공원":0,
            "혐오시설":0,
            "인프라총점":2.0,
            "초등학군":90.02,
            "중학군":37.14,
            "학군총점":47.716,
            "인구수":9.62,
            "인구증감":-0.94,
            "인구총점":6.452,
            "일자리":10.44,
            "소득수준":65.22,
            "일자리총점":26.874,
            "가치 총점":19.029,
            "매매실거래년":20220217.0,
            "매매실거래가":5000.0,
            "전세실거래년":20200423.0,
            "전세실거래가":2500.0,
            "전세가율":62.5,
            "장기전세가율평균":"NA",
            "전세가율거품지수":"NA",
            "검색코드":102727,
            "세대수":171.0,
            "준공년월":"1995-02-07",
            "준공년차":28.0,
            "가까운역이름":"NA",
            "가까운역거리":"NA",
            "역세권여부":"NA",
            "30분이내주요거점역":"NA",
            "30분거점역이름":"NA",
            "1시간이내주요거점역":"NA",
            "1시간거점역이름":"NA",
            "3km이내백화점수":0,
            "5km이내아울렛몰수":0,
            "1km이내대형먀트수":0,
            "500m이내은행수":2,
            "500m이내병원수":0,
            "5km이내대형병원수":0,
            "500m이내공원수":0,
            "3km이내혐오시설수":0,
            "초등학교학업성취도":90.02,
            "중학교학업성취도":61.9,
            "용적률":207,
            "건폐율":19,
            "Y":36.977557,
            "X":127.467471,
            "rank":54.0,
            "area_info":"17평(57.7), 24평(81.93)",
            "last_sales":"2022-02-17,5000.0,24평(81.93)",
            "rank_history":[
                [
                    "202203",
                    54
                ],
                [
                    "202202",
                    42
                ],
                [
                    "202201",
                    39
                ]
            ],
            "rank_gap":-12
        },
        {
            "index":31,
            "아파트명":"우원",
            "투자타입":"일반",
            "전용면적(m2)":"41.36",
            "전용면적(평)":"12평",
            "법정동주소":"충청북도 음성군 금왕읍 내송리 216-1",
            "도로명주소":"충청북도 음성군 금일로 108",
            "세대수":0,
            "입주년차":20,
            "용적률점수":"--",
            "건폐율점수":"--",
            "세대당주차수":0,
            "난방방식":30,
            "공급면적":"--",
            "전용률":"--",
            "욕실수":50,
            "현관타입":50,
            "주거총점":17.0,
            "지역구공급총점":0.0,
            "역세권":"NA",
            "30분내 이동가능 거점":"NA",
            "1시간내 이동가능 거점":"NA",
            "교통총점":"NA",
            "백화점":0,
            "아울렛몰":0,
            "대형마트":0,
            "은행":0,
            "병원":0,
            "종합병원":0,
            "공원":0,
            "혐오시설":0,
            "인프라총점":0.0,
            "초등학군":89.95,
            "중학군":39.08,
            "학군총점":49.254,
            "인구수":9.62,
            "인구증감":-0.94,
            "인구총점":6.452,
            "일자리":10.44,
            "소득수준":65.22,
            "일자리총점":26.874,
            "가치 총점":18.2635,
            "매매실거래년":20220222.0,
            "매매실거래가":3700.0,
            "전세실거래년":20210914.0,
            "전세실거래가":2000.0,
            "전세가율":54.05,
            "장기전세가율평균":"NA",
            "전세가율거품지수":"NA",
            "검색코드":104959,
            "세대수":252.0,
            "준공년월":"2003-01-28",
            "준공년차":20.0,
            "가까운역이름":"NA",
            "가까운역거리":"NA",
            "역세권여부":"NA",
            "30분이내주요거점역":"NA",
            "30분거점역이름":"NA",
            "1시간이내주요거점역":"NA",
            "1시간거점역이름":"NA",
            "3km이내백화점수":0,
            "5km이내아울렛몰수":0,
            "1km이내대형먀트수":0,
            "500m이내은행수":0,
            "500m이내병원수":0,
            "5km이내대형병원수":0,
            "500m이내공원수":0,
            "3km이내혐오시설수":0,
            "초등학교학업성취도":89.95,
            "중학교학업성취도":64.8,
            "용적률":124,
            "건폐율":21,
            "Y":36.994898,
            "X":127.570495,
            "rank":55.0,
            "area_info":"12평(41.36), 15평(49.88)",
            "last_sales":"2022-02-22,3700.0,12평(41.36)",
            "rank_history":[
                [
                    "202203",
                    55
                ],
                [
                    "202202",
                    43
                ],
                [
                    "202201",
                    40
                ]
            ],
            "rank_gap":-12
        },
        {
            "index":90,
            "아파트명":"청우",
            "투자타입":"일반",
            "전용면적(m2)":"78.71",
            "전용면적(평)":"23평",
            "법정동주소":"충청북도 음성군 대소면 태생리 269",
            "도로명주소":"충청북도 음성군 대성로 91",
            "세대수":0,
            "입주년차":0,
            "용적률점수":"--",
            "건폐율점수":"--",
            "세대당주차수":0,
            "난방방식":30,
            "공급면적":"--",
            "전용률":"--",
            "욕실수":50,
            "현관타입":100,
            "주거총점":18.0,
            "지역구공급총점":0.0,
            "역세권":"NA",
            "30분내 이동가능 거점":"NA",
            "1시간내 이동가능 거점":"NA",
            "교통총점":"NA",
            "백화점":0,
            "아울렛몰":0,
            "대형마트":0,
            "은행":0,
            "병원":0,
            "종합병원":0,
            "공원":0,
            "혐오시설":0,
            "인프라총점":0.0,
            "초등학군":90.02,
            "중학군":37.14,
            "학군총점":47.716,
            "인구수":9.62,
            "인구증감":-0.94,
            "인구총점":6.452,
            "일자리":10.44,
            "소득수준":65.22,
            "일자리총점":26.874,
            "가치 총점":18.229,
            "매매실거래년":20220125.0,
            "매매실거래가":3650.0,
            "전세실거래년":20201019.0,
            "전세실거래가":2500.0,
            "전세가율":68.49,
            "장기전세가율평균":"NA",
            "전세가율거품지수":"NA",
            "검색코드":17214,
            "세대수":70.0,
            "준공년월":"1993-12-02",
            "준공년차":30.0,
            "가까운역이름":"NA",
            "가까운역거리":"NA",
            "역세권여부":"NA",
            "30분이내주요거점역":"NA",
            "30분거점역이름":"NA",
            "1시간이내주요거점역":"NA",
            "1시간거점역이름":"NA",
            "3km이내백화점수":0,
            "5km이내아울렛몰수":0,
            "1km이내대형먀트수":0,
            "500m이내은행수":0,
            "500m이내병원수":0,
            "5km이내대형병원수":0,
            "500m이내공원수":0,
            "3km이내혐오시설수":0,
            "초등학교학업성취도":90.02,
            "중학교학업성취도":61.9,
            "용적률":108,
            "건폐율":51,
            "Y":36.97743,
            "X":127.491958,
            "rank":56.0,
            "area_info":"23평(78.71), 33평(110.04), 38평(126.46)",
            "last_sales":"2022-01-25,3650.0,23평(78.71)",
            "rank_history":[
                [
                    "202203",
                    56
                ],
                [
                    "202202",
                    9999
                ]
            ],
            "rank_gap":9999
        },
        {
            "index":108,
            "아파트명":"한진신세대",
            "투자타입":"일반",
            "전용면적(m2)":"45.9",
            "전용면적(평)":"13평",
            "법정동주소":"충청북도 음성군 대소면 태생리 308",
            "도로명주소":"충청북도 음성군 대성로77번길 15",
            "세대수":0,
            "입주년차":0,
            "용적률점수":"--",
            "건폐율점수":"--",
            "세대당주차수":0,
            "난방방식":30,
            "공급면적":"--",
            "전용률":"--",
            "욕실수":50,
            "현관타입":100,
            "주거총점":18.0,
            "지역구공급총점":0.0,
            "역세권":"NA",
            "30분내 이동가능 거점":"NA",
            "1시간내 이동가능 거점":"NA",
            "교통총점":"NA",
            "백화점":0,
            "아울렛몰":0,
            "대형마트":0,
            "은행":0,
            "병원":0,
            "종합병원":0,
            "공원":0,
            "혐오시설":0,
            "인프라총점":0.0,
            "초등학군":90.02,
            "중학군":37.14,
            "학군총점":47.716,
            "인구수":9.62,
            "인구증감":-0.94,
            "인구총점":6.452,
            "일자리":10.44,
            "소득수준":65.22,
            "일자리총점":26.874,
            "가치 총점":18.229,
            "매매실거래년":20220120.0,
            "매매실거래가":6200.0,
            "전세실거래년":20180313.0,
            "전세실거래가":1000.0,
            "전세가율":28.99,
            "장기전세가율평균":"NA",
            "전세가율거품지수":"NA",
            "검색코드":25715,
            "세대수":234.0,
            "준공년월":"1998-11-30",
            "준공년차":25.0,
            "가까운역이름":"NA",
            "가까운역거리":"NA",
            "역세권여부":"NA",
            "30분이내주요거점역":"NA",
            "30분거점역이름":"NA",
            "1시간이내주요거점역":"NA",
            "1시간거점역이름":"NA",
            "3km이내백화점수":0,
            "5km이내아울렛몰수":0,
            "1km이내대형먀트수":0,
            "500m이내은행수":0,
            "500m이내병원수":0,
            "5km이내대형병원수":0,
            "500m이내공원수":0,
            "3km이내혐오시설수":0,
            "초등학교학업성취도":90.02,
            "중학교학업성취도":61.9,
            "용적률":151,
            "건폐율":19,
            "Y":36.976131,
            "X":127.489586,
            "rank":56.0,
            "area_info":"13평(45.9), 22평(75.21)",
            "last_sales":"2022-01-20,6200.0,22평(75.21)",
            "rank_history":[
                [
                    "202203",
                    56
                ],
                [
                    "202202",
                    41
                ],
                [
                    "202201",
                    38
                ]
            ],
            "rank_gap":-15
        },
        {
            "index":180,
            "아파트명":"청솔",
            "투자타입":"일반",
            "전용면적(m2)":"77.8",
            "전용면적(평)":"23평",
            "법정동주소":"충청북도 음성군 음성읍 692-1",
            "도로명주소":"충청북도 음성군 교동1길 9-6",
            "세대수":0,
            "입주년차":0,
            "용적률점수":"--",
            "건폐율점수":"--",
            "세대당주차수":0,
            "난방방식":30,
            "공급면적":"--",
            "전용률":"--",
            "욕실수":100,
            "현관타입":10,
            "주거총점":14.0,
            "지역구공급총점":0.0,
            "역세권":"NA",
            "30분내 이동가능 거점":"NA",
            "1시간내 이동가능 거점":"NA",
            "교통총점":"NA",
            "백화점":0,
            "아울렛몰":0,
            "대형마트":0,
            "은행":0,
            "병원":0,
            "종합병원":0,
            "공원":0,
            "혐오시설":0,
            "인프라총점":0.0,
            "초등학군":90.02,
            "중학군":43.02,
            "학군총점":52.42,
            "인구수":9.62,
            "인구증감":-0.94,
            "인구총점":6.452,
            "일자리":10.44,
            "소득수준":65.22,
            "일자리총점":26.874,
            "가치 총점":18.005,
            "매매실거래년":20211022.0,
            "매매실거래가":5500.0,
            "전세실거래년":20181013.0,
            "전세실거래가":3000.0,
            "전세가율":54.55,
            "장기전세가율평균":"NA",
            "전세가율거품지수":"NA",
            "검색코드":122976,
            "세대수":61.0,
            "준공년월":"1996-11-28",
            "준공년차":27.0,
            "가까운역이름":"NA",
            "가까운역거리":"NA",
            "역세권여부":"NA",
            "30분이내주요거점역":"NA",
            "30분거점역이름":"NA",
            "1시간이내주요거점역":"NA",
            "1시간거점역이름":"NA",
            "3km이내백화점수":0,
            "5km이내아울렛몰수":0,
            "1km이내대형먀트수":0,
            "500m이내은행수":0,
            "500m이내병원수":1,
            "5km이내대형병원수":0,
            "500m이내공원수":0,
            "3km이내혐오시설수":0,
            "초등학교학업성취도":90.02,
            "중학교학업성취도":71.7,
            "용적률":216,
            "건폐율":27,
            "Y":36.942159,
            "X":127.689525,
            "rank":57.0,
            "area_info":"23평(77.8)",
            "last_sales":"2021-10-22,5500.0,23평(77.8)",
            "rank_history":[
                [
                    "202203",
                    57
                ],
                [
                    "202202",
                    9999
                ]
            ],
            "rank_gap":9999
        },
        {
            "index":54,
            "아파트명":"기흥2차",
            "투자타입":"일반",
            "전용면적(m2)":"78.1",
            "전용면적(평)":"23평",
            "법정동주소":"충청북도 음성군 대소면 삼정리 610-5",
            "도로명주소":"충청북도 음성군 대동로 809-5",
            "세대수":0,
            "입주년차":20,
            "용적률점수":"--",
            "건폐율점수":"--",
            "세대당주차수":0,
            "난방방식":30,
            "공급면적":"--",
            "전용률":"--",
            "욕실수":50,
            "현관타입":10,
            "주거총점":13.0,
            "지역구공급총점":0.0,
            "역세권":"NA",
            "30분내 이동가능 거점":"NA",
            "1시간내 이동가능 거점":"NA",
            "교통총점":"NA",
            "백화점":0,
            "아울렛몰":0,
            "대형마트":0,
            "은행":0,
            "병원":0,
            "종합병원":0,
            "공원":100,
            "혐오시설":0,
            "인프라총점":3.0,
            "초등학군":90.02,
            "중학군":37.14,
            "학군총점":47.716,
            "인구수":9.62,
            "인구증감":-0.94,
            "인구총점":6.452,
            "일자리":10.44,
            "소득수준":65.22,
            "일자리총점":26.874,
            "가치 총점":17.679,
            "매매실거래년":20220203.0,
            "매매실거래가":12000.0,
            "전세실거래년":20220218.0,
            "전세실거래가":5000.0,
            "전세가율":60.24,
            "장기전세가율평균":"NA",
            "전세가율거품지수":"NA",
            "검색코드":101781,
            "세대수":211.0,
            "준공년월":"2002-01-19",
            "준공년차":21.0,
            "가까운역이름":"NA",
            "가까운역거리":"NA",
            "역세권여부":"NA",
            "30분이내주요거점역":"NA",
            "30분거점역이름":"NA",
            "1시간이내주요거점역":"NA",
            "1시간거점역이름":"NA",
            "3km이내백화점수":0,
            "5km이내아울렛몰수":0,
            "1km이내대형먀트수":0,
            "500m이내은행수":0,
            "500m이내병원수":1,
            "5km이내대형병원수":0,
            "500m이내공원수":2,
            "3km이내혐오시설수":0,
            "초등학교학업성취도":90.02,
            "중학교학업성취도":61.9,
            "용적률":195,
            "건폐율":18,
            "Y":36.96196,
            "X":127.494745,
            "rank":58.0,
            "area_info":"23평(78.1), 32평(108.58)",
            "last_sales":"2022-02-03,12000.0,32평(108.58)",
            "rank_history":[
                [
                    "202203",
                    58
                ],
                [
                    "202202",
                    44
                ],
                [
                    "202201",
                    41
                ]
            ],
            "rank_gap":-14
        },
        {
            "index":105,
            "아파트명":"한양밀알2차",
            "투자타입":"일반",
            "전용면적(m2)":"56.41",
            "전용면적(평)":"17평",
            "법정동주소":"충청북도 음성군 대소면 태생리 79-12",
            "도로명주소":"충청북도 음성군 대화1길 58-12",
            "세대수":0,
            "입주년차":0,
            "용적률점수":"--",
            "건폐율점수":"--",
            "세대당주차수":0,
            "난방방식":30,
            "공급면적":"--",
            "전용률":"--",
            "욕실수":50,
            "현관타입":10,
            "주거총점":9.0,
            "지역구공급총점":0.0,
            "역세권":"NA",
            "30분내 이동가능 거점":"NA",
            "1시간내 이동가능 거점":"NA",
            "교통총점":"NA",
            "백화점":0,
            "아울렛몰":0,
            "대형마트":0,
            "은행":0,
            "병원":10,
            "종합병원":0,
            "공원":100,
            "혐오시설":0,
            "인프라총점":4.0,
            "초등학군":90.02,
            "중학군":37.14,
            "학군총점":47.716,
            "인구수":9.62,
            "인구증감":-0.94,
            "인구총점":6.452,
            "일자리":10.44,
            "소득수준":65.22,
            "일자리총점":26.874,
            "가치 총점":16.679,
            "매매실거래년":20220216.0,
            "매매실거래가":5000.0,
            "전세실거래년":20211113.0,
            "전세실거래가":5000.0,
            "전세가율":100.0,
            "장기전세가율평균":"NA",
            "전세가율거품지수":"NA",
            "검색코드":15331,
            "세대수":274.0,
            "준공년월":"1997-07-12",
            "준공년차":26.0,
            "가까운역이름":"NA",
            "가까운역거리":"NA",
            "역세권여부":"NA",
            "30분이내주요거점역":"NA",
            "30분거점역이름":"NA",
            "1시간이내주요거점역":"NA",
            "1시간거점역이름":"NA",
            "3km이내백화점수":0,
            "5km이내아울렛몰수":0,
            "1km이내대형먀트수":0,
            "500m이내은행수":0,
            "500m이내병원수":2,
            "5km이내대형병원수":0,
            "500m이내공원수":2,
            "3km이내혐오시설수":0,
            "초등학교학업성취도":90.02,
            "중학교학업성취도":61.9,
            "용적률":145,
            "건폐율":85,
            "Y":36.965285,
            "X":127.496913,
            "rank":59.0,
            "area_info":"17평(56.41), 22평(75.51), 27평(90.6)",
            "last_sales":"2022-02-16,5000.0,17평(56.41)",
            "rank_history":[
                [
                    "202203",
                    59
                ],
                [
                    "202202",
                    45
                ],
                [
                    "202201",
                    42
                ]
            ],
            "rank_gap":-14
        },
        {
            "index":102,
            "아파트명":"한양밀알",
            "투자타입":"일반",
            "전용면적(m2)":"58.51",
            "전용면적(평)":"17평",
            "법정동주소":"충청북도 음성군 대소면 태생리 79-5",
            "도로명주소":"충청북도 음성군 대화1길 58-12",
            "세대수":0,
            "입주년차":0,
            "용적률점수":"--",
            "건폐율점수":"--",
            "세대당주차수":0,
            "난방방식":30,
            "공급면적":"--",
            "전용률":"--",
            "욕실수":50,
            "현관타입":10,
            "주거총점":9.0,
            "지역구공급총점":0.0,
            "역세권":"NA",
            "30분내 이동가능 거점":"NA",
            "1시간내 이동가능 거점":"NA",
            "교통총점":"NA",
            "백화점":0,
            "아울렛몰":0,
            "대형마트":0,
            "은행":0,
            "병원":10,
            "종합병원":0,
            "공원":100,
            "혐오시설":0,
            "인프라총점":4.0,
            "초등학군":90.02,
            "중학군":37.14,
            "학군총점":47.716,
            "인구수":9.62,
            "인구증감":-0.94,
            "인구총점":6.452,
            "일자리":10.44,
            "소득수준":65.22,
            "일자리총점":26.874,
            "가치 총점":16.679,
            "매매실거래년":20220118.0,
            "매매실거래가":6500.0,
            "전세실거래년":20200620.0,
            "전세실거래가":3500.0,
            "전세가율":71.43,
            "장기전세가율평균":"NA",
            "전세가율거품지수":"NA",
            "검색코드":15330,
            "세대수":298.0,
            "준공년월":"1997-01-24",
            "준공년차":26.0,
            "가까운역이름":"NA",
            "가까운역거리":"NA",
            "역세권여부":"NA",
            "30분이내주요거점역":"NA",
            "30분거점역이름":"NA",
            "1시간이내주요거점역":"NA",
            "1시간거점역이름":"NA",
            "3km이내백화점수":0,
            "5km이내아울렛몰수":0,
            "1km이내대형먀트수":0,
            "500m이내은행수":0,
            "500m이내병원수":2,
            "5km이내대형병원수":0,
            "500m이내공원수":2,
            "3km이내혐오시설수":0,
            "초등학교학업성취도":90.02,
            "중학교학업성취도":61.9,
            "용적률":147,
            "건폐율":19,
            "Y":36.964892,
            "X":127.497802,
            "rank":59.0,
            "area_info":"17평(58.51), 19평(65.26), 23평(79.06)",
            "last_sales":"2022-01-18,6500.0,19평(65.26)",
            "rank_history":[
                [
                    "202203",
                    59
                ],
                [
                    "202202",
                    45
                ],
                [
                    "202201",
                    42
                ]
            ],
            "rank_gap":-14
        },
        {
            "index":13,
            "아파트명":"광일",
            "투자타입":"재건축",
            "전용면적(m2)":"61.51",
            "전용면적(평)":"18평",
            "법정동주소":"충청북도 음성군 금왕읍 본대리 산20-4",
            "도로명주소":"충청북도 음성군 신내로 519-1",
            "세대수":0,
            "입주년차":"--",
            "용적률점수":0,
            "건폐율점수":0,
            "세대당주차수":"--",
            "난방방식":"--",
            "공급면적":50,
            "전용률":60,
            "욕실수":"--",
            "현관타입":"--",
            "주거총점":5.5,
            "지역구공급총점":0.0,
            "역세권":"NA",
            "30분내 이동가능 거점":"NA",
            "1시간내 이동가능 거점":"NA",
            "교통총점":"NA",
            "백화점":0,
            "아울렛몰":0,
            "대형마트":0,
            "은행":0,
            "병원":0,
            "종합병원":0,
            "공원":0,
            "혐오시설":0,
            "인프라총점":0.0,
            "초등학군":90.0,
            "중학군":37.14,
            "학군총점":47.712,
            "인구수":9.62,
            "인구증감":-0.94,
            "인구총점":6.452,
            "일자리":10.44,
            "소득수준":65.22,
            "일자리총점":26.874,
            "가치 총점":13.853,
            "매매실거래년":20220128.0,
            "매매실거래가":3000.0,
            "전세실거래년":20180731.0,
            "전세실거래가":2000.0,
            "전세가율":66.67,
            "장기전세가율평균":"NA",
            "전세가율거품지수":"NA",
            "검색코드":17210,
            "세대수":198.0,
            "준공년월":"1992-01-30",
            "준공년차":31.0,
            "가까운역이름":"NA",
            "가까운역거리":"NA",
            "역세권여부":"NA",
            "30분이내주요거점역":"NA",
            "30분거점역이름":"NA",
            "1시간이내주요거점역":"NA",
            "1시간거점역이름":"NA",
            "3km이내백화점수":0,
            "5km이내아울렛몰수":0,
            "1km이내대형먀트수":0,
            "500m이내은행수":0,
            "500m이내병원수":0,
            "5km이내대형병원수":0,
            "500m이내공원수":0,
            "3km이내혐오시설수":0,
            "초등학교학업성취도":90.0,
            "중학교학업성취도":61.9,
            "용적률":0,
            "건폐율":0,
            "Y":36.983149,
            "X":127.528483,
            "rank":60.0,
            "area_info":"18평(61.51), 19평(64.89), 21평(70.14)",
            "last_sales":"2022-01-28,3000.0,18평(61.51)",
            "rank_history":[
                [
                    "202203",
                    60
                ],
                [
                    "202202",
                    46
                ],
                [
                    "202201",
                    46
                ]
            ],
            "rank_gap":-14
        }
    ]
}