{
    "schema":{
        "fields":[
            {
                "name":"index",
                "type":"integer"
            },
            {
                "name":"아파트명",
                "type":"string"
            },
            {
                "name":"투자타입",
                "type":"string"
            },
            {
                "name":"전용면적(m2)",
                "type":"string"
            },
            {
                "name":"전용면적(평)",
                "type":"string"
            },
            {
                "name":"법정동주소",
                "type":"string"
            },
            {
                "name":"도로명주소",
                "type":"string"
            },
            {
                "name":"세대수",
                "type":"integer"
            },
            {
                "name":"입주년차",
                "type":"string"
            },
            {
                "name":"용적률점수",
                "type":"string"
            },
            {
                "name":"건폐율점수",
                "type":"string"
            },
            {
                "name":"세대당주차수",
                "type":"string"
            },
            {
                "name":"난방방식",
                "type":"string"
            },
            {
                "name":"공급면적",
                "type":"string"
            },
            {
                "name":"전용률",
                "type":"string"
            },
            {
                "name":"욕실수",
                "type":"string"
            },
            {
                "name":"현관타입",
                "type":"string"
            },
            {
                "name":"주거총점",
                "type":"number"
            },
            {
                "name":"지역구공급총점",
                "type":"number"
            },
            {
                "name":"역세권",
                "type":"string"
            },
            {
                "name":"30분내 이동가능 거점",
                "type":"string"
            },
            {
                "name":"1시간내 이동가능 거점",
                "type":"string"
            },
            {
                "name":"교통총점",
                "type":"string"
            },
            {
                "name":"백화점",
                "type":"integer"
            },
            {
                "name":"아울렛몰",
                "type":"integer"
            },
            {
                "name":"대형마트",
                "type":"integer"
            },
            {
                "name":"은행",
                "type":"integer"
            },
            {
                "name":"병원",
                "type":"integer"
            },
            {
                "name":"종합병원",
                "type":"integer"
            },
            {
                "name":"공원",
                "type":"integer"
            },
            {
                "name":"혐오시설",
                "type":"integer"
            },
            {
                "name":"인프라총점",
                "type":"number"
            },
            {
                "name":"초등학군",
                "type":"number"
            },
            {
                "name":"중학군",
                "type":"number"
            },
            {
                "name":"학군총점",
                "type":"number"
            },
            {
                "name":"인구수",
                "type":"number"
            },
            {
                "name":"인구증감",
                "type":"number"
            },
            {
                "name":"인구총점",
                "type":"number"
            },
            {
                "name":"일자리",
                "type":"number"
            },
            {
                "name":"소득수준",
                "type":"number"
            },
            {
                "name":"일자리총점",
                "type":"number"
            },
            {
                "name":"가치 총점",
                "type":"number"
            },
            {
                "name":"매매실거래년",
                "type":"string"
            },
            {
                "name":"매매실거래가",
                "type":"number"
            },
            {
                "name":"전세실거래년",
                "type":"number"
            },
            {
                "name":"전세실거래가",
                "type":"number"
            },
            {
                "name":"전세가율",
                "type":"number"
            },
            {
                "name":"장기전세가율평균",
                "type":"number"
            },
            {
                "name":"전세가율거품지수",
                "type":"number"
            },
            {
                "name":"검색코드",
                "type":"integer"
            },
            {
                "name":"세대수",
                "type":"number"
            },
            {
                "name":"준공년월",
                "type":"string"
            },
            {
                "name":"준공년차",
                "type":"number"
            },
            {
                "name":"가까운역이름",
                "type":"string"
            },
            {
                "name":"가까운역거리",
                "type":"string"
            },
            {
                "name":"역세권여부",
                "type":"string"
            },
            {
                "name":"30분이내주요거점역",
                "type":"string"
            },
            {
                "name":"30분거점역이름",
                "type":"string"
            },
            {
                "name":"1시간이내주요거점역",
                "type":"string"
            },
            {
                "name":"1시간거점역이름",
                "type":"string"
            },
            {
                "name":"3km이내백화점수",
                "type":"integer"
            },
            {
                "name":"5km이내아울렛몰수",
                "type":"integer"
            },
            {
                "name":"1km이내대형먀트수",
                "type":"integer"
            },
            {
                "name":"500m이내은행수",
                "type":"integer"
            },
            {
                "name":"500m이내병원수",
                "type":"integer"
            },
            {
                "name":"5km이내대형병원수",
                "type":"integer"
            },
            {
                "name":"500m이내공원수",
                "type":"integer"
            },
            {
                "name":"3km이내혐오시설수",
                "type":"integer"
            },
            {
                "name":"초등학교학업성취도",
                "type":"number"
            },
            {
                "name":"중학교학업성취도",
                "type":"number"
            },
            {
                "name":"용적률",
                "type":"integer"
            },
            {
                "name":"건폐율",
                "type":"integer"
            },
            {
                "name":"Y",
                "type":"number"
            },
            {
                "name":"X",
                "type":"number"
            },
            {
                "name":"rank",
                "type":"number"
            },
            {
                "name":"area_info",
                "type":"string"
            },
            {
                "name":"last_sales",
                "type":"string"
            },
            {
                "name":"rank_history",
                "type":"string"
            },
            {
                "name":"rank_gap",
                "type":"integer"
            }
        ],
        "primaryKey":[
            "index"
        ],
        "pandas_version":"1.4.0"
    },
    "data":[
        {
            "index":83,
            "아파트명":"힐스테이트당진2차",
            "투자타입":"일반",
            "전용면적(m2)":"83.44",
            "전용면적(평)":"25평",
            "법정동주소":"충청남도 당진시 송악읍 기지시리 504",
            "도로명주소":"충청남도 당진시 틀모시로 737",
            "세대수":100,
            "입주년차":80,
            "용적률점수":"--",
            "건폐율점수":"--",
            "세대당주차수":60,
            "난방방식":30,
            "공급면적":"--",
            "전용률":"--",
            "욕실수":100,
            "현관타입":100,
            "주거총점":83.0,
            "지역구공급총점":0.0,
            "역세권":"NA",
            "30분내 이동가능 거점":"NA",
            "1시간내 이동가능 거점":"NA",
            "교통총점":"NA",
            "백화점":0,
            "아울렛몰":0,
            "대형마트":0,
            "은행":0,
            "병원":60,
            "종합병원":80,
            "공원":100,
            "혐오시설":0,
            "인프라총점":25.0,
            "초등학군":89.99,
            "중학군":35.52,
            "학군총점":46.414,
            "인구수":17.12,
            "인구증감":5.56,
            "인구총점":13.652,
            "일자리":13.55,
            "소득수준":64.99,
            "일자리총점":28.982,
            "가치 총점":50.6535,
            "매매실거래년":20220211.0,
            "매매실거래가":35900.0,
            "전세실거래년":20220127.0,
            "전세실거래가":20500.0,
            "전세가율":89.13,
            "장기전세가율평균":71.76,
            "전세가율거품지수":-17.37,
            "검색코드":111015,
            "세대수":1617.0,
            "준공년월":"2018-03-01",
            "준공년차":5.0,
            "가까운역이름":"NA",
            "가까운역거리":"NA",
            "역세권여부":"NA",
            "30분이내주요거점역":"NA",
            "30분거점역이름":"NA",
            "1시간이내주요거점역":"NA",
            "1시간거점역이름":"NA",
            "3km이내백화점수":0,
            "5km이내아울렛몰수":0,
            "1km이내대형먀트수":0,
            "500m이내은행수":0,
            "500m이내병원수":13,
            "5km이내대형병원수":1,
            "500m이내공원수":14,
            "3km이내혐오시설수":0,
            "초등학교학업성취도":89.99,
            "중학교학업성취도":59.2,
            "용적률":0,
            "건폐율":0,
            "Y":36.900706,
            "X":126.691652,
            "rank":1.0,
            "area_info":"25평(83.44), 25평(83.19), 29평(98.42), 29평(99.15), 33평(111.35), 33평(111.88), 33평(112.1), 39평(130.81)",
            "last_sales":"2022-02-11,35900.0,39평(130.81)",
            "rank_history":[
                [
                    "202203",
                    1
                ],
                [
                    "202202",
                    2
                ],
                [
                    "202201",
                    1
                ]
            ],
            "rank_gap":1
        },
        {
            "index":194,
            "아파트명":"당진원당한라비발디",
            "투자타입":"일반",
            "전용면적(m2)":"111.06",
            "전용면적(평)":"33평",
            "법정동주소":"충청남도 당진시 원당동 1255",
            "도로명주소":"충청남도 당진시 원당로 51-10",
            "세대수":80,
            "입주년차":60,
            "용적률점수":"--",
            "건폐율점수":"--",
            "세대당주차수":60,
            "난방방식":30,
            "공급면적":"--",
            "전용률":"--",
            "욕실수":100,
            "현관타입":100,
            "주거총점":72.0,
            "지역구공급총점":0.0,
            "역세권":"NA",
            "30분내 이동가능 거점":"NA",
            "1시간내 이동가능 거점":"NA",
            "교통총점":"NA",
            "백화점":0,
            "아울렛몰":0,
            "대형마트":80,
            "은행":0,
            "병원":0,
            "종합병원":80,
            "공원":0,
            "혐오시설":0,
            "인프라총점":28.0,
            "초등학군":89.99,
            "중학군":48.76,
            "학군총점":57.006,
            "인구수":17.12,
            "인구증감":5.56,
            "인구총점":13.652,
            "일자리":13.55,
            "소득수준":64.99,
            "일자리총점":28.982,
            "가치 총점":50.6515,
            "매매실거래년":20220207.0,
            "매매실거래가":27500.0,
            "전세실거래년":20220118.0,
            "전세실거래가":22000.0,
            "전세가율":89.8,
            "장기전세가율평균":71.76,
            "전세가율거품지수":-18.04,
            "검색코드":25912,
            "세대수":710.0,
            "준공년월":"2009-08-24",
            "준공년차":14.0,
            "가까운역이름":"NA",
            "가까운역거리":"NA",
            "역세권여부":"NA",
            "30분이내주요거점역":"NA",
            "30분거점역이름":"NA",
            "1시간이내주요거점역":"NA",
            "1시간거점역이름":"NA",
            "3km이내백화점수":0,
            "5km이내아울렛몰수":0,
            "1km이내대형먀트수":1,
            "500m이내은행수":0,
            "500m이내병원수":1,
            "5km이내대형병원수":1,
            "500m이내공원수":0,
            "3km이내혐오시설수":0,
            "초등학교학업성취도":89.99,
            "중학교학업성취도":80.6,
            "용적률":236,
            "건폐율":18,
            "Y":36.907363,
            "X":126.642469,
            "rank":2.0,
            "area_info":"33평(111.06), 33평(111.64), 36평(119.18), 39평(130.72), 40평(133.14), 47평(156.64), 47평(158.33)",
            "last_sales":"2022-02-07,27500.0,47평(156.64)",
            "rank_history":[
                [
                    "202203",
                    2
                ],
                [
                    "202202",
                    1
                ],
                [
                    "202201",
                    3
                ]
            ],
            "rank_gap":-1
        },
        {
            "index":186,
            "아파트명":"당진원당이안",
            "투자타입":"일반",
            "전용면적(m2)":"113.64",
            "전용면적(평)":"34평",
            "법정동주소":"충청남도 당진시 원당동 1257",
            "도로명주소":"충청남도 당진시 원당로 52",
            "세대수":50,
            "입주년차":60,
            "용적률점수":"--",
            "건폐율점수":"--",
            "세대당주차수":60,
            "난방방식":30,
            "공급면적":"--",
            "전용률":"--",
            "욕실수":100,
            "현관타입":100,
            "주거총점":61.5,
            "지역구공급총점":0.0,
            "역세권":"NA",
            "30분내 이동가능 거점":"NA",
            "1시간내 이동가능 거점":"NA",
            "교통총점":"NA",
            "백화점":0,
            "아울렛몰":0,
            "대형마트":80,
            "은행":0,
            "병원":60,
            "종합병원":80,
            "공원":100,
            "혐오시설":0,
            "인프라총점":37.0,
            "초등학군":89.99,
            "중학군":48.76,
            "학군총점":57.006,
            "인구수":17.12,
            "인구증감":5.56,
            "인구총점":13.652,
            "일자리":13.55,
            "소득수준":64.99,
            "일자리총점":28.982,
            "가치 총점":50.5765,
            "매매실거래년":20220216.0,
            "매매실거래가":39300.0,
            "전세실거래년":null,
            "전세실거래가":null,
            "전세가율":null,
            "장기전세가율평균":71.76,
            "전세가율거품지수":null,
            "검색코드":102881,
            "세대수":580.0,
            "준공년월":"2012-02-01",
            "준공년차":11.0,
            "가까운역이름":"NA",
            "가까운역거리":"NA",
            "역세권여부":"NA",
            "30분이내주요거점역":"NA",
            "30분거점역이름":"NA",
            "1시간이내주요거점역":"NA",
            "1시간거점역이름":"NA",
            "3km이내백화점수":0,
            "5km이내아울렛몰수":0,
            "1km이내대형먀트수":1,
            "500m이내은행수":0,
            "500m이내병원수":14,
            "5km이내대형병원수":1,
            "500m이내공원수":2,
            "3km이내혐오시설수":0,
            "초등학교학업성취도":89.99,
            "중학교학업성취도":80.6,
            "용적률":228,
            "건폐율":18,
            "Y":36.905486,
            "X":126.643826,
            "rank":3.0,
            "area_info":"34평(113.64), 34평(114.81), 34평(115.36), 34평(115.26), 35평(116.11), 39평(130.62), 39평(131.91), 58평(193.79)",
            "last_sales":"2022-02-16,39300.0,58평(193.79)",
            "rank_history":[
                [
                    "202203",
                    3
                ],
                [
                    "202202",
                    3
                ],
                [
                    "202201",
                    4
                ]
            ],
            "rank_gap":0
        },
        {
            "index":212,
            "아파트명":"남산공원휴먼빌",
            "투자타입":"일반",
            "전용면적(m2)":"113.51",
            "전용면적(평)":"34평",
            "법정동주소":"충청남도 당진시 읍내동 1448",
            "도로명주소":"충청남도 당진시 무수동옛길 99",
            "세대수":50,
            "입주년차":60,
            "용적률점수":"--",
            "건폐율점수":"--",
            "세대당주차수":30,
            "난방방식":30,
            "공급면적":"--",
            "전용률":"--",
            "욕실수":100,
            "현관타입":100,
            "주거총점":57.0,
            "지역구공급총점":0.0,
            "역세권":"NA",
            "30분내 이동가능 거점":"NA",
            "1시간내 이동가능 거점":"NA",
            "교통총점":"NA",
            "백화점":0,
            "아울렛몰":0,
            "대형마트":80,
            "은행":70,
            "병원":80,
            "종합병원":80,
            "공원":100,
            "혐오시설":0,
            "인프라총점":46.0,
            "초등학군":90.0,
            "중학군":38.26,
            "학군총점":48.608,
            "인구수":17.12,
            "인구증감":5.56,
            "인구총점":13.652,
            "일자리":13.55,
            "소득수준":64.99,
            "일자리총점":28.982,
            "가치 총점":50.502,
            "매매실거래년":20220128.0,
            "매매실거래가":25800.0,
            "전세실거래년":20201218.0,
            "전세실거래가":22000.0,
            "전세가율":85.27,
            "장기전세가율평균":71.76,
            "전세가율거품지수":-13.51,
            "검색코드":26348,
            "세대수":461.0,
            "준공년월":"2010-03-30",
            "준공년차":13.0,
            "가까운역이름":"NA",
            "가까운역거리":"NA",
            "역세권여부":"NA",
            "30분이내주요거점역":"NA",
            "30분거점역이름":"NA",
            "1시간이내주요거점역":"NA",
            "1시간거점역이름":"NA",
            "3km이내백화점수":0,
            "5km이내아울렛몰수":0,
            "1km이내대형먀트수":1,
            "500m이내은행수":4,
            "500m이내병원수":36,
            "5km이내대형병원수":1,
            "500m이내공원수":14,
            "3km이내혐오시설수":0,
            "초등학교학업성취도":90.0,
            "중학교학업성취도":63.1,
            "용적률":229,
            "건폐율":24,
            "Y":36.891567,
            "X":126.634592,
            "rank":4.0,
            "area_info":"34평(113.51), 34평(114.26), 40평(132.44), 47평(157.22)",
            "last_sales":"2022-01-28,25800.0,34평(113.51)",
            "rank_history":[
                [
                    "202203",
                    4
                ],
                [
                    "202202",
                    4
                ],
                [
                    "202201",
                    5
                ]
            ],
            "rank_gap":0
        },
        {
            "index":9,
            "아파트명":"한성필하우스",
            "투자타입":"일반",
            "전용면적(m2)":"100.05",
            "전용면적(평)":"30평",
            "법정동주소":"충청남도 당진시 대덕동 1808",
            "도로명주소":"충청남도 당진시 남부로 200",
            "세대수":80,
            "입주년차":80,
            "용적률점수":"--",
            "건폐율점수":"--",
            "세대당주차수":30,
            "난방방식":30,
            "공급면적":"--",
            "전용률":"--",
            "욕실수":100,
            "현관타입":100,
            "주거총점":71.5,
            "지역구공급총점":0.0,
            "역세권":"NA",
            "30분내 이동가능 거점":"NA",
            "1시간내 이동가능 거점":"NA",
            "교통총점":"NA",
            "백화점":0,
            "아울렛몰":0,
            "대형마트":80,
            "은행":0,
            "병원":0,
            "종합병원":80,
            "공원":100,
            "혐오시설":0,
            "인프라총점":31.0,
            "초등학군":90.08,
            "중학군":38.26,
            "학군총점":48.624,
            "인구수":17.12,
            "인구증감":5.56,
            "인구총점":13.652,
            "일자리":13.55,
            "소득수준":64.99,
            "일자리총점":28.982,
            "가치 총점":49.581,
            "매매실거래년":20220212.0,
            "매매실거래가":28300.0,
            "전세실거래년":20220117.0,
            "전세실거래가":24800.0,
            "전세가율":87.94,
            "장기전세가율평균":71.76,
            "전세가율거품지수":-16.18,
            "검색코드":108513,
            "세대수":710.0,
            "준공년월":"2016-08-09",
            "준공년차":7.0,
            "가까운역이름":"NA",
            "가까운역거리":"NA",
            "역세권여부":"NA",
            "30분이내주요거점역":"NA",
            "30분거점역이름":"NA",
            "1시간이내주요거점역":"NA",
            "1시간거점역이름":"NA",
            "3km이내백화점수":0,
            "5km이내아울렛몰수":0,
            "1km이내대형먀트수":1,
            "500m이내은행수":0,
            "500m이내병원수":0,
            "5km이내대형병원수":1,
            "500m이내공원수":14,
            "3km이내혐오시설수":0,
            "초등학교학업성취도":90.08,
            "중학교학업성취도":63.1,
            "용적률":199,
            "건폐율":17,
            "Y":36.884641,
            "X":126.639041,
            "rank":5.0,
            "area_info":"30평(100.05), 33평(110.35), 33평(110.87), 33평(110.91), 33평(111.21), 34평(112.7)",
            "last_sales":"2022-02-12,28300.0,33평(110.91)",
            "rank_history":[
                [
                    "202203",
                    5
                ],
                [
                    "202202",
                    5
                ],
                [
                    "202201",
                    7
                ]
            ],
            "rank_gap":0
        },
        {
            "index":6,
            "아파트명":"당진대덕수청지구중흥S클래스파크힐",
            "투자타입":"일반",
            "전용면적(m2)":"112.9",
            "전용면적(평)":"34평",
            "법정동주소":"충청남도 당진시 대덕동 1879",
            "도로명주소":"충청남도 당진시 대덕1로 102-15",
            "세대수":50,
            "입주년차":100,
            "용적률점수":"--",
            "건폐율점수":"--",
            "세대당주차수":30,
            "난방방식":30,
            "공급면적":"--",
            "전용률":"--",
            "욕실수":100,
            "현관타입":100,
            "주거총점":65.0,
            "지역구공급총점":0.0,
            "역세권":"NA",
            "30분내 이동가능 거점":"NA",
            "1시간내 이동가능 거점":"NA",
            "교통총점":"NA",
            "백화점":0,
            "아울렛몰":0,
            "대형마트":80,
            "은행":0,
            "병원":0,
            "종합병원":80,
            "공원":100,
            "혐오시설":0,
            "인프라총점":31.0,
            "초등학군":90.08,
            "중학군":48.76,
            "학군총점":57.024,
            "인구수":17.12,
            "인구증감":5.56,
            "인구총점":13.652,
            "일자리":13.55,
            "소득수준":64.99,
            "일자리총점":28.982,
            "가치 총점":49.406,
            "매매실거래년":"18000101",
            "매매실거래가":null,
            "전세실거래년":null,
            "전세실거래가":null,
            "전세가율":null,
            "장기전세가율평균":71.76,
            "전세가율거품지수":null,
            "검색코드":120228,
            "세대수":482.0,
            "준공년월":"2020-07-01",
            "준공년차":3.0,
            "가까운역이름":"NA",
            "가까운역거리":"NA",
            "역세권여부":"NA",
            "30분이내주요거점역":"NA",
            "30분거점역이름":"NA",
            "1시간이내주요거점역":"NA",
            "1시간거점역이름":"NA",
            "3km이내백화점수":0,
            "5km이내아울렛몰수":0,
            "1km이내대형먀트수":1,
            "500m이내은행수":0,
            "500m이내병원수":0,
            "5km이내대형병원수":1,
            "500m이내공원수":10,
            "3km이내혐오시설수":0,
            "초등학교학업성취도":90.08,
            "중학교학업성취도":80.6,
            "용적률":0,
            "건폐율":0,
            "Y":36.881315,
            "X":126.642842,
            "rank":6.0,
            "area_info":"34평(112.9)",
            "last_sales":"1800-01-01,nan,34평(112.9)",
            "rank_history":[
                [
                    "202203",
                    6
                ],
                [
                    "202202",
                    6
                ],
                [
                    "202201",
                    8
                ]
            ],
            "rank_gap":0
        },
        {
            "index":7,
            "아파트명":"대덕수청시티프라디움2차(민간임대)",
            "투자타입":"일반",
            "전용면적(m2)":"107.9",
            "전용면적(평)":"32평",
            "법정동주소":"충청남도 당진시 대덕동 1883",
            "도로명주소":"충청남도 당진시 대덕1로 50",
            "세대수":50,
            "입주년차":100,
            "용적률점수":"--",
            "건폐율점수":"--",
            "세대당주차수":60,
            "난방방식":30,
            "공급면적":"--",
            "전용률":"--",
            "욕실수":100,
            "현관타입":100,
            "주거총점":69.5,
            "지역구공급총점":0.0,
            "역세권":"NA",
            "30분내 이동가능 거점":"NA",
            "1시간내 이동가능 거점":"NA",
            "교통총점":"NA",
            "백화점":0,
            "아울렛몰":0,
            "대형마트":80,
            "은행":0,
            "병원":0,
            "종합병원":80,
            "공원":100,
            "혐오시설":0,
            "인프라총점":31.0,
            "초등학군":90.08,
            "중학군":39.66,
            "학군총점":49.744,
            "인구수":17.12,
            "인구증감":5.56,
            "인구총점":13.652,
            "일자리":13.55,
            "소득수준":64.99,
            "일자리총점":28.982,
            "가치 총점":49.161,
            "매매실거래년":"18000101",
            "매매실거래가":null,
            "전세실거래년":20220224.0,
            "전세실거래가":22590.0,
            "전세가율":null,
            "장기전세가율평균":71.76,
            "전세가율거품지수":null,
            "검색코드":128362,
            "세대수":460.0,
            "준공년월":"2021-02-01",
            "준공년차":2.0,
            "가까운역이름":"NA",
            "가까운역거리":"NA",
            "역세권여부":"NA",
            "30분이내주요거점역":"NA",
            "30분거점역이름":"NA",
            "1시간이내주요거점역":"NA",
            "1시간거점역이름":"NA",
            "3km이내백화점수":0,
            "5km이내아울렛몰수":0,
            "1km이내대형먀트수":1,
            "500m이내은행수":0,
            "500m이내병원수":0,
            "5km이내대형병원수":1,
            "500m이내공원수":12,
            "3km이내혐오시설수":0,
            "초등학교학업성취도":90.08,
            "중학교학업성취도":65.9,
            "용적률":191,
            "건폐율":18,
            "Y":36.883242,
            "X":126.638226,
            "rank":7.0,
            "area_info":"32평(107.9), 32평(107.7)",
            "last_sales":"1800-01-01,nan,32평(107.9)",
            "rank_history":[
                [
                    "202203",
                    7
                ],
                [
                    "202202",
                    7
                ],
                [
                    "202201",
                    9
                ]
            ],
            "rank_gap":0
        },
        {
            "index":91,
            "아파트명":"당진수청한라비발디캠퍼스",
            "투자타입":"일반",
            "전용면적(m2)":"80.56",
            "전용면적(평)":"24평",
            "법정동주소":"충청남도 당진시 수청동 1244",
            "도로명주소":"충청남도 당진시 동부로 99",
            "세대수":80,
            "입주년차":100,
            "용적률점수":"--",
            "건폐율점수":"--",
            "세대당주차수":30,
            "난방방식":30,
            "공급면적":"--",
            "전용률":"--",
            "욕실수":100,
            "현관타입":100,
            "주거총점":75.5,
            "지역구공급총점":0.0,
            "역세권":"NA",
            "30분내 이동가능 거점":"NA",
            "1시간내 이동가능 거점":"NA",
            "교통총점":"NA",
            "백화점":0,
            "아울렛몰":0,
            "대형마트":0,
            "은행":0,
            "병원":0,
            "종합병원":80,
            "공원":100,
            "혐오시설":0,
            "인프라총점":19.0,
            "초등학군":90.0,
            "중학군":48.76,
            "학군총점":57.008,
            "인구수":17.12,
            "인구증감":5.56,
            "인구총점":13.652,
            "일자리":13.55,
            "소득수준":64.99,
            "일자리총점":28.982,
            "가치 총점":48.277,
            "매매실거래년":20211217.0,
            "매매실거래가":35000.0,
            "전세실거래년":20210901.0,
            "전세실거래가":22000.0,
            "전세가율":93.62,
            "장기전세가율평균":71.76,
            "전세가율거품지수":-21.86,
            "검색코드":121742,
            "세대수":839.0,
            "준공년월":"2020-11-30",
            "준공년차":3.0,
            "가까운역이름":"NA",
            "가까운역거리":"NA",
            "역세권여부":"NA",
            "30분이내주요거점역":"NA",
            "30분거점역이름":"NA",
            "1시간이내주요거점역":"NA",
            "1시간거점역이름":"NA",
            "3km이내백화점수":0,
            "5km이내아울렛몰수":0,
            "1km이내대형먀트수":0,
            "500m이내은행수":0,
            "500m이내병원수":1,
            "5km이내대형병원수":1,
            "500m이내공원수":18,
            "3km이내혐오시설수":0,
            "초등학교학업성취도":90.0,
            "중학교학업성취도":80.6,
            "용적률":237,
            "건폐율":14,
            "Y":36.896171,
            "X":126.646365,
            "rank":8.0,
            "area_info":"24평(80.56), 24평(81.79), 30평(100.08), 34평(113.1), 34평(113.31), 42평(141.19), 45평(149.3)",
            "last_sales":"2021-12-17,35000.0,34평(113.31)",
            "rank_history":[
                [
                    "202203",
                    8
                ],
                [
                    "202202",
                    8
                ],
                [
                    "202201",
                    10
                ]
            ],
            "rank_gap":0
        },
        {
            "index":79,
            "아파트명":"힐스테이트당진",
            "투자타입":"일반",
            "전용면적(m2)":"84.18",
            "전용면적(평)":"25평",
            "법정동주소":"충청남도 당진시 송악읍 기지시리 510",
            "도로명주소":"충청남도 당진시 틀모시로 738",
            "세대수":90,
            "입주년차":80,
            "용적률점수":"--",
            "건폐율점수":"--",
            "세대당주차수":30,
            "난방방식":30,
            "공급면적":"--",
            "전용률":"--",
            "욕실수":100,
            "현관타입":100,
            "주거총점":75.0,
            "지역구공급총점":0.0,
            "역세권":"NA",
            "30분내 이동가능 거점":"NA",
            "1시간내 이동가능 거점":"NA",
            "교통총점":"NA",
            "백화점":0,
            "아울렛몰":0,
            "대형마트":0,
            "은행":0,
            "병원":60,
            "종합병원":80,
            "공원":100,
            "혐오시설":0,
            "인프라총점":25.0,
            "초등학군":89.99,
            "중학군":35.52,
            "학군총점":46.414,
            "인구수":17.12,
            "인구증감":5.56,
            "인구총점":13.652,
            "일자리":13.55,
            "소득수준":64.99,
            "일자리총점":28.982,
            "가치 총점":47.8535,
            "매매실거래년":20220128.0,
            "매매실거래가":26500.0,
            "전세실거래년":20220113.0,
            "전세실거래가":20000.0,
            "전세가율":98.52,
            "장기전세가율평균":71.76,
            "전세가율거품지수":-26.76,
            "검색코드":108413,
            "세대수":915.0,
            "준공년월":"2016-11-01",
            "준공년차":7.0,
            "가까운역이름":"NA",
            "가까운역거리":"NA",
            "역세권여부":"NA",
            "30분이내주요거점역":"NA",
            "30분거점역이름":"NA",
            "1시간이내주요거점역":"NA",
            "1시간거점역이름":"NA",
            "3km이내백화점수":0,
            "5km이내아울렛몰수":0,
            "1km이내대형먀트수":0,
            "500m이내은행수":0,
            "500m이내병원수":13,
            "5km이내대형병원수":1,
            "500m이내공원수":14,
            "3km이내혐오시설수":0,
            "초등학교학업성취도":89.99,
            "중학교학업성취도":59.2,
            "용적률":206,
            "건폐율":17,
            "Y":36.90045,
            "X":126.694685,
            "rank":9.0,
            "area_info":"25평(84.18), 29평(96.54), 34평(112.84), 34평(113.87)",
            "last_sales":"2022-01-28,26500.0,34평(113.87)",
            "rank_history":[
                [
                    "202203",
                    9
                ],
                [
                    "202202",
                    9
                ],
                [
                    "202201",
                    2
                ]
            ],
            "rank_gap":0
        },
        {
            "index":204,
            "아파트명":"원당주공1단지",
            "투자타입":"일반",
            "전용면적(m2)":"67.78",
            "전용면적(평)":"20평",
            "법정동주소":"충청남도 당진시 원당동 1251",
            "도로명주소":"충청남도 당진시 밤절로 103",
            "세대수":90,
            "입주년차":20,
            "용적률점수":"--",
            "건폐율점수":"--",
            "세대당주차수":0,
            "난방방식":30,
            "공급면적":"--",
            "전용률":"--",
            "욕실수":50,
            "현관타입":100,
            "주거총점":53.5,
            "지역구공급총점":0.0,
            "역세권":"NA",
            "30분내 이동가능 거점":"NA",
            "1시간내 이동가능 거점":"NA",
            "교통총점":"NA",
            "백화점":0,
            "아울렛몰":0,
            "대형마트":80,
            "은행":0,
            "병원":60,
            "종합병원":80,
            "공원":100,
            "혐오시설":0,
            "인프라총점":37.0,
            "초등학군":89.99,
            "중학군":48.76,
            "학군총점":57.006,
            "인구수":17.12,
            "인구증감":5.56,
            "인구총점":13.652,
            "일자리":13.55,
            "소득수준":64.99,
            "일자리총점":28.982,
            "가치 총점":47.7765,
            "매매실거래년":20220214.0,
            "매매실거래가":16800.0,
            "전세실거래년":20220219.0,
            "전세실거래가":15000.0,
            "전세가율":89.29,
            "장기전세가율평균":71.76,
            "전세가율거품지수":-17.53,
            "검색코드":27606,
            "세대수":1082.0,
            "준공년월":"2003-12-02",
            "준공년차":20.0,
            "가까운역이름":"NA",
            "가까운역거리":"NA",
            "역세권여부":"NA",
            "30분이내주요거점역":"NA",
            "30분거점역이름":"NA",
            "1시간이내주요거점역":"NA",
            "1시간거점역이름":"NA",
            "3km이내백화점수":0,
            "5km이내아울렛몰수":0,
            "1km이내대형먀트수":1,
            "500m이내은행수":1,
            "500m이내병원수":18,
            "5km이내대형병원수":1,
            "500m이내공원수":8,
            "3km이내혐오시설수":0,
            "초등학교학업성취도":89.99,
            "중학교학업성취도":80.6,
            "용적률":142,
            "건폐율":22,
            "Y":36.902776,
            "X":126.643178,
            "rank":10.0,
            "area_info":"20평(67.78), 20평(68.03), 23평(77.71)",
            "last_sales":"2022-02-14,16800.0,20평(67.78)",
            "rank_history":[
                [
                    "202203",
                    10
                ],
                [
                    "202202",
                    10
                ],
                [
                    "202201",
                    11
                ]
            ],
            "rank_gap":0
        },
        {
            "index":207,
            "아파트명":"파크빌",
            "투자타입":"일반",
            "전용면적(m2)":"116.49",
            "전용면적(평)":"35평",
            "법정동주소":"충청남도 당진시 원당동 1226",
            "도로명주소":"충청남도 당진시 당진중앙2로 331",
            "세대수":50,
            "입주년차":40,
            "용적률점수":"--",
            "건폐율점수":"--",
            "세대당주차수":30,
            "난방방식":30,
            "공급면적":"--",
            "전용률":"--",
            "욕실수":100,
            "현관타입":100,
            "주거총점":53.0,
            "지역구공급총점":0.0,
            "역세권":"NA",
            "30분내 이동가능 거점":"NA",
            "1시간내 이동가능 거점":"NA",
            "교통총점":"NA",
            "백화점":0,
            "아울렛몰":0,
            "대형마트":100,
            "은행":0,
            "병원":30,
            "종합병원":80,
            "공원":100,
            "혐오시설":0,
            "인프라총점":37.0,
            "초등학군":90.0,
            "중학군":48.76,
            "학군총점":57.008,
            "인구수":17.12,
            "인구증감":5.56,
            "인구총점":13.652,
            "일자리":13.55,
            "소득수준":64.99,
            "일자리총점":28.982,
            "가치 총점":47.602,
            "매매실거래년":20220212.0,
            "매매실거래가":32300.0,
            "전세실거래년":20220129.0,
            "전세실거래가":24300.0,
            "전세가율":97.2,
            "장기전세가율평균":71.76,
            "전세가율거품지수":-25.44,
            "검색코드":13841,
            "세대수":440.0,
            "준공년월":"2005-07-27",
            "준공년차":18.0,
            "가까운역이름":"NA",
            "가까운역거리":"NA",
            "역세권여부":"NA",
            "30분이내주요거점역":"NA",
            "30분거점역이름":"NA",
            "1시간이내주요거점역":"NA",
            "1시간거점역이름":"NA",
            "3km이내백화점수":0,
            "5km이내아울렛몰수":0,
            "1km이내대형먀트수":2,
            "500m이내은행수":0,
            "500m이내병원수":6,
            "5km이내대형병원수":1,
            "500m이내공원수":10,
            "3km이내혐오시설수":0,
            "초등학교학업성취도":90.0,
            "중학교학업성취도":80.6,
            "용적률":222,
            "건폐율":21,
            "Y":36.898562,
            "X":126.641132,
            "rank":11.0,
            "area_info":"35평(116.49), 46평(152.26), 54평(178.71)",
            "last_sales":"2022-02-12,32300.0,54평(178.71)",
            "rank_history":[
                [
                    "202203",
                    11
                ],
                [
                    "202202",
                    11
                ],
                [
                    "202201",
                    13
                ]
            ],
            "rank_gap":0
        },
        {
            "index":2,
            "아파트명":"당진대덕수청시티프라디움",
            "투자타입":"일반",
            "전용면적(m2)":"79.94",
            "전용면적(평)":"24평",
            "법정동주소":"충청남도 당진시 대덕동 1876",
            "도로명주소":"충청남도 당진시",
            "세대수":30,
            "입주년차":100,
            "용적률점수":"--",
            "건폐율점수":"--",
            "세대당주차수":30,
            "난방방식":30,
            "공급면적":"--",
            "전용률":"--",
            "욕실수":100,
            "현관타입":100,
            "주거총점":58.0,
            "지역구공급총점":0.0,
            "역세권":"NA",
            "30분내 이동가능 거점":"NA",
            "1시간내 이동가능 거점":"NA",
            "교통총점":"NA",
            "백화점":0,
            "아울렛몰":0,
            "대형마트":80,
            "은행":0,
            "병원":0,
            "종합병원":80,
            "공원":100,
            "혐오시설":0,
            "인프라총점":31.0,
            "초등학군":90.08,
            "중학군":48.76,
            "학군총점":57.024,
            "인구수":17.12,
            "인구증감":5.56,
            "인구총점":13.652,
            "일자리":13.55,
            "소득수준":64.99,
            "일자리총점":28.982,
            "가치 총점":46.956,
            "매매실거래년":20220108.0,
            "매매실거래가":23700.0,
            "전세실거래년":20220117.0,
            "전세실거래가":21500.0,
            "전세가율":93.48,
            "장기전세가율평균":71.76,
            "전세가율거품지수":-21.72,
            "검색코드":123520,
            "세대수":370.0,
            "준공년월":"2020-12-01",
            "준공년차":3.0,
            "가까운역이름":"NA",
            "가까운역거리":"NA",
            "역세권여부":"NA",
            "30분이내주요거점역":"NA",
            "30분거점역이름":"NA",
            "1시간이내주요거점역":"NA",
            "1시간거점역이름":"NA",
            "3km이내백화점수":0,
            "5km이내아울렛몰수":0,
            "1km이내대형먀트수":1,
            "500m이내은행수":0,
            "500m이내병원수":0,
            "5km이내대형병원수":1,
            "500m이내공원수":14,
            "3km이내혐오시설수":0,
            "초등학교학업성취도":90.08,
            "중학교학업성취도":80.6,
            "용적률":175,
            "건폐율":18,
            "Y":36.883053,
            "X":126.643426,
            "rank":12.0,
            "area_info":"24평(79.94), 24평(80.18), 24평(80.17), 24평(81.08)",
            "last_sales":"2022-01-08,23700.0,24평(80.17)",
            "rank_history":[
                [
                    "202203",
                    12
                ],
                [
                    "202202",
                    12
                ],
                [
                    "202201",
                    12
                ]
            ],
            "rank_gap":0
        },
        {
            "index":184,
            "아파트명":"그린빌",
            "투자타입":"일반",
            "전용면적(m2)":"98.92",
            "전용면적(평)":"29평",
            "법정동주소":"충청남도 당진시 원당동 1248",
            "도로명주소":"충청남도 당진시 밤절로 104",
            "세대수":50,
            "입주년차":40,
            "용적률점수":"--",
            "건폐율점수":"--",
            "세대당주차수":0,
            "난방방식":30,
            "공급면적":"--",
            "전용률":"--",
            "욕실수":100,
            "현관타입":100,
            "주거총점":48.5,
            "지역구공급총점":0.0,
            "역세권":"NA",
            "30분내 이동가능 거점":"NA",
            "1시간내 이동가능 거점":"NA",
            "교통총점":"NA",
            "백화점":0,
            "아울렛몰":0,
            "대형마트":80,
            "은행":0,
            "병원":60,
            "종합병원":80,
            "공원":100,
            "혐오시설":0,
            "인프라총점":37.0,
            "초등학군":89.99,
            "중학군":48.76,
            "학군총점":57.006,
            "인구수":17.12,
            "인구증감":5.56,
            "인구총점":13.652,
            "일자리":13.55,
            "소득수준":64.99,
            "일자리총점":28.982,
            "가치 총점":46.0265,
            "매매실거래년":20220223.0,
            "매매실거래가":25400.0,
            "전세실거래년":20211217.0,
            "전세실거래가":21500.0,
            "전세가율":91.49,
            "장기전세가율평균":71.76,
            "전세가율거품지수":-19.73,
            "검색코드":17380,
            "세대수":683.0,
            "준공년월":"2005-11-11",
            "준공년차":18.0,
            "가까운역이름":"NA",
            "가까운역거리":"NA",
            "역세권여부":"NA",
            "30분이내주요거점역":"NA",
            "30분거점역이름":"NA",
            "1시간이내주요거점역":"NA",
            "1시간거점역이름":"NA",
            "3km이내백화점수":0,
            "5km이내아울렛몰수":0,
            "1km이내대형먀트수":1,
            "500m이내은행수":1,
            "500m이내병원수":18,
            "5km이내대형병원수":1,
            "500m이내공원수":12,
            "3km이내혐오시설수":0,
            "초등학교학업성취도":89.99,
            "중학교학업성취도":80.6,
            "용적률":154,
            "건폐율":14,
            "Y":36.900678,
            "X":126.643361,
            "rank":13.0,
            "area_info":"29평(98.92), 33평(110.75)",
            "last_sales":"2022-02-23,25400.0,33평(110.75)",
            "rank_history":[
                [
                    "202203",
                    13
                ],
                [
                    "202202",
                    13
                ],
                [
                    "202201",
                    14
                ]
            ],
            "rank_gap":0
        },
        {
            "index":44,
            "아파트명":"당진롯데캐슬",
            "투자타입":"일반",
            "전용면적(m2)":"82.53",
            "전용면적(평)":"24평",
            "법정동주소":"충청남도 당진시 송악읍 반촌리 987",
            "도로명주소":"충청남도 당진시 반촌로 108",
            "세대수":80,
            "입주년차":60,
            "용적률점수":"--",
            "건폐율점수":"--",
            "세대당주차수":30,
            "난방방식":30,
            "공급면적":"--",
            "전용률":"--",
            "욕실수":100,
            "현관타입":100,
            "주거총점":67.5,
            "지역구공급총점":0.0,
            "역세권":"NA",
            "30분내 이동가능 거점":"NA",
            "1시간내 이동가능 거점":"NA",
            "교통총점":"NA",
            "백화점":0,
            "아울렛몰":0,
            "대형마트":0,
            "은행":0,
            "병원":60,
            "종합병원":80,
            "공원":100,
            "혐오시설":0,
            "인프라총점":25.0,
            "초등학군":89.99,
            "중학군":35.52,
            "학군총점":46.414,
            "인구수":17.12,
            "인구증감":5.56,
            "인구총점":13.652,
            "일자리":13.55,
            "소득수준":64.99,
            "일자리총점":28.982,
            "가치 총점":45.2285,
            "매매실거래년":20211119.0,
            "매매실거래가":24900.0,
            "전세실거래년":20211115.0,
            "전세실거래가":17000.0,
            "전세가율":92.39,
            "장기전세가율평균":71.76,
            "전세가율거품지수":-20.63,
            "검색코드":101292,
            "세대수":706.0,
            "준공년월":"2012-04-10",
            "준공년차":11.0,
            "가까운역이름":"NA",
            "가까운역거리":"NA",
            "역세권여부":"NA",
            "30분이내주요거점역":"NA",
            "30분거점역이름":"NA",
            "1시간이내주요거점역":"NA",
            "1시간거점역이름":"NA",
            "3km이내백화점수":0,
            "5km이내아울렛몰수":0,
            "1km이내대형먀트수":0,
            "500m이내은행수":0,
            "500m이내병원수":13,
            "5km이내대형병원수":1,
            "500m이내공원수":12,
            "3km이내혐오시설수":0,
            "초등학교학업성취도":89.99,
            "중학교학업성취도":59.2,
            "용적률":227,
            "건폐율":19,
            "Y":36.903651,
            "X":126.696415,
            "rank":14.0,
            "area_info":"24평(82.53), 32평(108.42), 33평(110.96), 33평(110.56), 33평(111.02), 33평(112.27), 38평(127.31), 38평(128.91), 46평(153.58)",
            "last_sales":"2021-11-19,24900.0,38평(128.91)",
            "rank_history":[
                [
                    "202203",
                    14
                ],
                [
                    "202202",
                    14
                ],
                [
                    "202201",
                    6
                ]
            ],
            "rank_gap":0
        },
        {
            "index":67,
            "아파트명":"송악e편한세상",
            "투자타입":"일반",
            "전용면적(m2)":"111.35",
            "전용면적(평)":"33평",
            "법정동주소":"충청남도 당진시 송악읍 가학리 690",
            "도로명주소":"충청남도 당진시 반촌로 103",
            "세대수":80,
            "입주년차":60,
            "용적률점수":"--",
            "건폐율점수":"--",
            "세대당주차수":30,
            "난방방식":30,
            "공급면적":"--",
            "전용률":"--",
            "욕실수":100,
            "현관타입":100,
            "주거총점":67.5,
            "지역구공급총점":0.0,
            "역세권":"NA",
            "30분내 이동가능 거점":"NA",
            "1시간내 이동가능 거점":"NA",
            "교통총점":"NA",
            "백화점":0,
            "아울렛몰":0,
            "대형마트":0,
            "은행":0,
            "병원":60,
            "종합병원":80,
            "공원":100,
            "혐오시설":0,
            "인프라총점":25.0,
            "초등학군":89.99,
            "중학군":35.52,
            "학군총점":46.414,
            "인구수":17.12,
            "인구증감":5.56,
            "인구총점":13.652,
            "일자리":13.55,
            "소득수준":64.99,
            "일자리총점":28.982,
            "가치 총점":45.2285,
            "매매실거래년":20220126.0,
            "매매실거래가":23600.0,
            "전세실거래년":20220216.0,
            "전세실거래가":21000.0,
            "전세가율":89.36,
            "장기전세가율평균":71.76,
            "전세가율거품지수":-17.6,
            "검색코드":26346,
            "세대수":811.0,
            "준공년월":"2010-03-03",
            "준공년차":13.0,
            "가까운역이름":"NA",
            "가까운역거리":"NA",
            "역세권여부":"NA",
            "30분이내주요거점역":"NA",
            "30분거점역이름":"NA",
            "1시간이내주요거점역":"NA",
            "1시간거점역이름":"NA",
            "3km이내백화점수":0,
            "5km이내아울렛몰수":0,
            "1km이내대형먀트수":0,
            "500m이내은행수":0,
            "500m이내병원수":13,
            "5km이내대형병원수":1,
            "500m이내공원수":8,
            "3km이내혐오시설수":0,
            "초등학교학업성취도":89.99,
            "중학교학업성취도":59.2,
            "용적률":233,
            "건폐율":16,
            "Y":36.905268,
            "X":126.695097,
            "rank":14.0,
            "area_info":"33평(111.35), 33평(112.18), 39평(131.14), 47평(157.65)",
            "last_sales":"2022-01-26,23600.0,39평(131.14)",
            "rank_history":[
                [
                    "202203",
                    14
                ],
                [
                    "202202",
                    14
                ],
                [
                    "202201",
                    6
                ]
            ],
            "rank_gap":0
        },
        {
            "index":210,
            "아파트명":"파크빌2차",
            "투자타입":"일반",
            "전용면적(m2)":"116.41",
            "전용면적(평)":"35평",
            "법정동주소":"충청남도 당진시 원당동 1172",
            "도로명주소":"충청남도 당진시 밤절로 51",
            "세대수":30,
            "입주년차":40,
            "용적률점수":"--",
            "건폐율점수":"--",
            "세대당주차수":30,
            "난방방식":30,
            "공급면적":"--",
            "전용률":"--",
            "욕실수":100,
            "현관타입":100,
            "주거총점":46.0,
            "지역구공급총점":0.0,
            "역세권":"NA",
            "30분내 이동가능 거점":"NA",
            "1시간내 이동가능 거점":"NA",
            "교통총점":"NA",
            "백화점":0,
            "아울렛몰":0,
            "대형마트":80,
            "은행":0,
            "병원":60,
            "종합병원":80,
            "공원":100,
            "혐오시설":0,
            "인프라총점":37.0,
            "초등학군":89.99,
            "중학군":48.76,
            "학군총점":57.006,
            "인구수":17.12,
            "인구증감":5.56,
            "인구총점":13.652,
            "일자리":13.55,
            "소득수준":64.99,
            "일자리총점":28.982,
            "가치 총점":45.1515,
            "매매실거래년":20220212.0,
            "매매실거래가":23700.0,
            "전세실거래년":20220121.0,
            "전세실거래가":24000.0,
            "전세가율":101.27,
            "장기전세가율평균":71.76,
            "전세가율거품지수":-29.51,
            "검색코드":14767,
            "세대수":397.0,
            "준공년월":"2005-11-02",
            "준공년차":18.0,
            "가까운역이름":"NA",
            "가까운역거리":"NA",
            "역세권여부":"NA",
            "30분이내주요거점역":"NA",
            "30분거점역이름":"NA",
            "1시간이내주요거점역":"NA",
            "1시간거점역이름":"NA",
            "3km이내백화점수":0,
            "5km이내아울렛몰수":0,
            "1km이내대형먀트수":1,
            "500m이내은행수":0,
            "500m이내병원수":13,
            "5km이내대형병원수":1,
            "500m이내공원수":8,
            "3km이내혐오시설수":0,
            "초등학교학업성취도":89.99,
            "중학교학업성취도":80.6,
            "용적률":219,
            "건폐율":19,
            "Y":36.902314,
            "X":126.640628,
            "rank":15.0,
            "area_info":"35평(116.41), 46평(153.92)",
            "last_sales":"2022-02-12,23700.0,35평(116.41)",
            "rank_history":[
                [
                    "202203",
                    15
                ],
                [
                    "202202",
                    15
                ],
                [
                    "202201",
                    15
                ]
            ],
            "rank_gap":0
        },
        {
            "index":216,
            "아파트명":"당진푸르지오1차",
            "투자타입":"일반",
            "전용면적(m2)":"97.75",
            "전용면적(평)":"29평",
            "법정동주소":"충청남도 당진시 읍내동 1451",
            "도로명주소":"충청남도 당진시 북문로 15",
            "세대수":80,
            "입주년차":60,
            "용적률점수":"--",
            "건폐율점수":"--",
            "세대당주차수":60,
            "난방방식":30,
            "공급면적":"--",
            "전용률":"--",
            "욕실수":100,
            "현관타입":100,
            "주거총점":72.0,
            "지역구공급총점":0.0,
            "역세권":"NA",
            "30분내 이동가능 거점":"NA",
            "1시간내 이동가능 거점":"NA",
            "교통총점":"NA",
            "백화점":0,
            "아울렛몰":0,
            "대형마트":80,
            "은행":0,
            "병원":10,
            "종합병원":0,
            "공원":100,
            "혐오시설":0,
            "인프라총점":16.0,
            "초등학군":89.99,
            "중학군":39.66,
            "학군총점":49.726,
            "인구수":17.12,
            "인구증감":5.56,
            "인구총점":13.652,
            "일자리":13.55,
            "소득수준":64.99,
            "일자리총점":28.982,
            "가치 총점":44.0315,
            "매매실거래년":20220109.0,
            "매매실거래가":35000.0,
            "전세실거래년":20220203.0,
            "전세실거래가":23000.0,
            "전세가율":98.29,
            "장기전세가율평균":71.76,
            "전세가율거품지수":-26.53,
            "검색코드":102986,
            "세대수":898.0,
            "준공년월":"2011-12-28",
            "준공년차":12.0,
            "가까운역이름":"NA",
            "가까운역거리":"NA",
            "역세권여부":"NA",
            "30분이내주요거점역":"NA",
            "30분거점역이름":"NA",
            "1시간이내주요거점역":"NA",
            "1시간거점역이름":"NA",
            "3km이내백화점수":0,
            "5km이내아울렛몰수":0,
            "1km이내대형먀트수":1,
            "500m이내은행수":0,
            "500m이내병원수":2,
            "5km이내대형병원수":0,
            "500m이내공원수":12,
            "3km이내혐오시설수":0,
            "초등학교학업성취도":89.99,
            "중학교학업성취도":65.9,
            "용적률":228,
            "건폐율":21,
            "Y":36.899085,
            "X":126.626291,
            "rank":16.0,
            "area_info":"29평(97.75), 34평(112.8), 34평(113.51), 34평(113.51), 39평(131.73), 39평(131.73), 46평(153.34), 47평(158.3), 54평(180.14)",
            "last_sales":"2022-01-09,35000.0,47평(158.3)",
            "rank_history":[
                [
                    "202203",
                    16
                ],
                [
                    "202202",
                    16
                ],
                [
                    "202201",
                    16
                ]
            ],
            "rank_gap":0
        },
        {
            "index":252,
            "아파트명":"하늘채",
            "투자타입":"일반",
            "전용면적(m2)":"112.76",
            "전용면적(평)":"34평",
            "법정동주소":"충청남도 당진시 읍내동 1061",
            "도로명주소":"충청남도 당진시 무수동7길 124",
            "세대수":30,
            "입주년차":40,
            "용적률점수":"--",
            "건폐율점수":"--",
            "세대당주차수":30,
            "난방방식":30,
            "공급면적":"--",
            "전용률":"--",
            "욕실수":100,
            "현관타입":100,
            "주거총점":46.0,
            "지역구공급총점":0.0,
            "역세권":"NA",
            "30분내 이동가능 거점":"NA",
            "1시간내 이동가능 거점":"NA",
            "교통총점":"NA",
            "백화점":0,
            "아울렛몰":0,
            "대형마트":80,
            "은행":0,
            "병원":10,
            "종합병원":80,
            "공원":100,
            "혐오시설":0,
            "인프라총점":32.0,
            "초등학군":90.0,
            "중학군":48.76,
            "학군총점":57.008,
            "인구수":17.12,
            "인구증감":5.56,
            "인구총점":13.652,
            "일자리":13.55,
            "소득수준":64.99,
            "일자리총점":28.982,
            "가치 총점":43.152,
            "매매실거래년":20220214.0,
            "매매실거래가":19000.0,
            "전세실거래년":20220104.0,
            "전세실거래가":20000.0,
            "전세가율":105.26,
            "장기전세가율평균":71.76,
            "전세가율거품지수":-33.5,
            "검색코드":13842,
            "세대수":383.0,
            "준공년월":"2005-10-27",
            "준공년차":18.0,
            "가까운역이름":"NA",
            "가까운역거리":"NA",
            "역세권여부":"NA",
            "30분이내주요거점역":"NA",
            "30분거점역이름":"NA",
            "1시간이내주요거점역":"NA",
            "1시간거점역이름":"NA",
            "3km이내백화점수":0,
            "5km이내아울렛몰수":0,
            "1km이내대형먀트수":1,
            "500m이내은행수":1,
            "500m이내병원수":2,
            "5km이내대형병원수":1,
            "500m이내공원수":8,
            "3km이내혐오시설수":0,
            "초등학교학업성취도":90.0,
            "중학교학업성취도":80.6,
            "용적률":252,
            "건폐율":17,
            "Y":36.892467,
            "X":126.640792,
            "rank":17.0,
            "area_info":"34평(112.76), 44평(147.58), 55평(184.07)",
            "last_sales":"2022-02-14,19000.0,34평(112.76)",
            "rank_history":[
                [
                    "202203",
                    17
                ],
                [
                    "202202",
                    17
                ],
                [
                    "202201",
                    23
                ]
            ],
            "rank_gap":0
        },
        {
            "index":26,
            "아파트명":"당진엠코타운",
            "투자타입":"일반",
            "전용면적(m2)":"110.85",
            "전용면적(평)":"33평",
            "법정동주소":"충청남도 당진시 송산면 유곡리 861",
            "도로명주소":"충청남도 당진시 유곡로 20",
            "세대수":80,
            "입주년차":60,
            "용적률점수":"--",
            "건폐율점수":"--",
            "세대당주차수":30,
            "난방방식":30,
            "공급면적":"--",
            "전용률":"--",
            "욕실수":100,
            "현관타입":100,
            "주거총점":67.5,
            "지역구공급총점":0.0,
            "역세권":"NA",
            "30분내 이동가능 거점":"NA",
            "1시간내 이동가능 거점":"NA",
            "교통총점":"NA",
            "백화점":0,
            "아울렛몰":0,
            "대형마트":80,
            "은행":0,
            "병원":10,
            "종합병원":0,
            "공원":100,
            "혐오시설":0,
            "인프라총점":16.0,
            "초등학군":90.0,
            "중학군":39.54,
            "학군총점":49.632,
            "인구수":17.12,
            "인구증감":5.56,
            "인구총점":13.652,
            "일자리":13.55,
            "소득수준":64.99,
            "일자리총점":28.982,
            "가치 총점":42.433,
            "매매실거래년":20220225.0,
            "매매실거래가":18200.0,
            "전세실거래년":20220221.0,
            "전세실거래가":15500.0,
            "전세가율":85.16,
            "장기전세가율평균":71.76,
            "전세가율거품지수":-13.4,
            "검색코드":103754,
            "세대수":855.0,
            "준공년월":"2013-05-27",
            "준공년차":10.0,
            "가까운역이름":"NA",
            "가까운역거리":"NA",
            "역세권여부":"NA",
            "30분이내주요거점역":"NA",
            "30분거점역이름":"NA",
            "1시간이내주요거점역":"NA",
            "1시간거점역이름":"NA",
            "3km이내백화점수":0,
            "5km이내아울렛몰수":0,
            "1km이내대형먀트수":1,
            "500m이내은행수":0,
            "500m이내병원수":2,
            "5km이내대형병원수":0,
            "500m이내공원수":12,
            "3km이내혐오시설수":0,
            "초등학교학업성취도":90.0,
            "중학교학업성취도":65.9,
            "용적률":203,
            "건폐율":17,
            "Y":36.963901,
            "X":126.687595,
            "rank":18.0,
            "area_info":"33평(110.85), 33평(110.96), 33평(110.63), 33평(111.48)",
            "last_sales":"2022-02-25,18200.0,33평(110.85)",
            "rank_history":[
                [
                    "202203",
                    18
                ],
                [
                    "202202",
                    18
                ],
                [
                    "202201",
                    29
                ]
            ],
            "rank_gap":0
        },
        {
            "index":233,
            "아파트명":"벽산",
            "투자타입":"일반",
            "전용면적(m2)":"77.54",
            "전용면적(평)":"23평",
            "법정동주소":"충청남도 당진시 읍내동 283",
            "도로명주소":"충청남도 당진시 계성2길 51",
            "세대수":50,
            "입주년차":0,
            "용적률점수":"--",
            "건폐율점수":"--",
            "세대당주차수":0,
            "난방방식":30,
            "공급면적":"--",
            "전용률":"--",
            "욕실수":50,
            "현관타입":10,
            "주거총점":26.5,
            "지역구공급총점":0.0,
            "역세권":"NA",
            "30분내 이동가능 거점":"NA",
            "1시간내 이동가능 거점":"NA",
            "교통총점":"NA",
            "백화점":0,
            "아울렛몰":0,
            "대형마트":80,
            "은행":100,
            "병원":80,
            "종합병원":80,
            "공원":100,
            "혐오시설":0,
            "인프라총점":49.0,
            "초등학군":90.0,
            "중학군":38.26,
            "학군총점":48.608,
            "인구수":17.12,
            "인구증감":5.56,
            "인구총점":13.652,
            "일자리":13.55,
            "소득수준":64.99,
            "일자리총점":28.982,
            "가치 총점":41.027,
            "매매실거래년":20220112.0,
            "매매실거래가":12500.0,
            "전세실거래년":20220103.0,
            "전세실거래가":12500.0,
            "전세가율":100.0,
            "장기전세가율평균":71.76,
            "전세가율거품지수":-28.24,
            "검색코드":6874,
            "세대수":438.0,
            "준공년월":"1996-09-23",
            "준공년차":27.0,
            "가까운역이름":"NA",
            "가까운역거리":"NA",
            "역세권여부":"NA",
            "30분이내주요거점역":"NA",
            "30분거점역이름":"NA",
            "1시간이내주요거점역":"NA",
            "1시간거점역이름":"NA",
            "3km이내백화점수":0,
            "5km이내아울렛몰수":0,
            "1km이내대형먀트수":1,
            "500m이내은행수":5,
            "500m이내병원수":54,
            "5km이내대형병원수":1,
            "500m이내공원수":14,
            "3km이내혐오시설수":0,
            "초등학교학업성취도":90.0,
            "중학교학업성취도":63.1,
            "용적률":0,
            "건폐율":0,
            "Y":36.898101,
            "X":126.63083,
            "rank":19.0,
            "area_info":"23평(77.54), 32평(107.21), 47평(157.6)",
            "last_sales":"2022-01-12,12500.0,23평(77.54)",
            "rank_history":[
                [
                    "202203",
                    19
                ],
                [
                    "202202",
                    19
                ],
                [
                    "202201",
                    17
                ]
            ],
            "rank_gap":0
        },
        {
            "index":225,
            "아파트명":"당진푸르지오2차",
            "투자타입":"일반",
            "전용면적(m2)":"81.37",
            "전용면적(평)":"24평",
            "법정동주소":"충청남도 당진시 읍내동 1486",
            "도로명주소":"충청남도 당진시 북문로 16",
            "세대수":50,
            "입주년차":80,
            "용적률점수":"--",
            "건폐율점수":"--",
            "세대당주차수":30,
            "난방방식":30,
            "공급면적":"--",
            "전용률":"--",
            "욕실수":100,
            "현관타입":100,
            "주거총점":61.0,
            "지역구공급총점":0.0,
            "역세권":"NA",
            "30분내 이동가능 거점":"NA",
            "1시간내 이동가능 거점":"NA",
            "교통총점":"NA",
            "백화점":0,
            "아울렛몰":0,
            "대형마트":80,
            "은행":0,
            "병원":10,
            "종합병원":0,
            "공원":100,
            "혐오시설":0,
            "인프라총점":16.0,
            "초등학군":89.99,
            "중학군":38.26,
            "학군총점":48.606,
            "인구수":17.12,
            "인구증감":5.56,
            "인구총점":13.652,
            "일자리":13.55,
            "소득수준":64.99,
            "일자리총점":28.982,
            "가치 총점":39.9015,
            "매매실거래년":20220127.0,
            "매매실거래가":33500.0,
            "전세실거래년":20210806.0,
            "전세실거래가":22900.0,
            "전세가율":93.85,
            "장기전세가율평균":71.76,
            "전세가율거품지수":-22.09,
            "검색코드":108302,
            "세대수":581.0,
            "준공년월":"2016-06-28",
            "준공년차":7.0,
            "가까운역이름":"NA",
            "가까운역거리":"NA",
            "역세권여부":"NA",
            "30분이내주요거점역":"NA",
            "30분거점역이름":"NA",
            "1시간이내주요거점역":"NA",
            "1시간거점역이름":"NA",
            "3km이내백화점수":0,
            "5km이내아울렛몰수":0,
            "1km이내대형먀트수":1,
            "500m이내은행수":0,
            "500m이내병원수":2,
            "5km이내대형병원수":0,
            "500m이내공원수":14,
            "3km이내혐오시설수":0,
            "초등학교학업성취도":89.99,
            "중학교학업성취도":63.1,
            "용적률":221,
            "건폐율":18,
            "Y":36.900131,
            "X":126.627931,
            "rank":20.0,
            "area_info":"24평(81.37), 24평(82.13), 29평(97.69), 29평(97.29), 33평(109.67), 33평(109.38), 33평(109.58), 33평(110.42)",
            "last_sales":"2022-01-27,33500.0,33평(110.42)",
            "rank_history":[
                [
                    "202203",
                    20
                ],
                [
                    "202202",
                    20
                ],
                [
                    "202201",
                    19
                ]
            ],
            "rank_gap":0
        },
        {
            "index":245,
            "아파트명":"이안",
            "투자타입":"일반",
            "전용면적(m2)":"112.84",
            "전용면적(평)":"34평",
            "법정동주소":"충청남도 당진시 읍내동 1096",
            "도로명주소":"충청남도 당진시 무수동7길 78",
            "세대수":0,
            "입주년차":40,
            "용적률점수":"--",
            "건폐율점수":"--",
            "세대당주차수":30,
            "난방방식":30,
            "공급면적":"--",
            "전용률":"--",
            "욕실수":100,
            "현관타입":100,
            "주거총점":35.5,
            "지역구공급총점":0.0,
            "역세권":"NA",
            "30분내 이동가능 거점":"NA",
            "1시간내 이동가능 거점":"NA",
            "교통총점":"NA",
            "백화점":0,
            "아울렛몰":0,
            "대형마트":80,
            "은행":0,
            "병원":10,
            "종합병원":80,
            "공원":100,
            "혐오시설":0,
            "인프라총점":32.0,
            "초등학군":90.08,
            "중학군":48.76,
            "학군총점":57.024,
            "인구수":17.12,
            "인구증감":5.56,
            "인구총점":13.652,
            "일자리":13.55,
            "소득수준":64.99,
            "일자리총점":28.982,
            "가치 총점":39.481,
            "매매실거래년":20220117.0,
            "매매실거래가":21200.0,
            "전세실거래년":20220125.0,
            "전세실거래가":21000.0,
            "전세가율":99.06,
            "장기전세가율평균":71.76,
            "전세가율거품지수":-27.3,
            "검색코드":14764,
            "세대수":297.0,
            "준공년월":"2005-10-24",
            "준공년차":18.0,
            "가까운역이름":"NA",
            "가까운역거리":"NA",
            "역세권여부":"NA",
            "30분이내주요거점역":"NA",
            "30분거점역이름":"NA",
            "1시간이내주요거점역":"NA",
            "1시간거점역이름":"NA",
            "3km이내백화점수":0,
            "5km이내아울렛몰수":0,
            "1km이내대형먀트수":1,
            "500m이내은행수":1,
            "500m이내병원수":2,
            "5km이내대형병원수":1,
            "500m이내공원수":10,
            "3km이내혐오시설수":0,
            "초등학교학업성취도":90.08,
            "중학교학업성취도":80.6,
            "용적률":248,
            "건폐율":24,
            "Y":36.890135,
            "X":126.641001,
            "rank":21.0,
            "area_info":"34평(112.84), 34평(112.44), 47평(158.05), 59평(197.98)",
            "last_sales":"2022-01-17,21200.0,34평(112.84)",
            "rank_history":[
                [
                    "202203",
                    21
                ],
                [
                    "202202",
                    21
                ],
                [
                    "202201",
                    20
                ]
            ],
            "rank_gap":0
        },
        {
            "index":181,
            "아파트명":"합덕우강유탑유블레스",
            "투자타입":"일반",
            "전용면적(m2)":"90.8",
            "전용면적(평)":"27평",
            "법정동주소":"충청남도 당진시 우강면 창리 396",
            "도로명주소":"충청남도 당진시 합우로 323-9",
            "세대수":30,
            "입주년차":100,
            "용적률점수":"--",
            "건폐율점수":"--",
            "세대당주차수":30,
            "난방방식":30,
            "공급면적":"--",
            "전용률":"--",
            "욕실수":100,
            "현관타입":100,
            "주거총점":58.0,
            "지역구공급총점":0.0,
            "역세권":"NA",
            "30분내 이동가능 거점":"NA",
            "1시간내 이동가능 거점":"NA",
            "교통총점":"NA",
            "백화점":0,
            "아울렛몰":0,
            "대형마트":100,
            "은행":0,
            "병원":10,
            "종합병원":0,
            "공원":100,
            "혐오시설":0,
            "인프라총점":19.0,
            "초등학군":90.04,
            "중학군":31.5,
            "학군총점":43.208,
            "인구수":17.12,
            "인구증감":5.56,
            "인구총점":13.652,
            "일자리":13.55,
            "소득수준":64.99,
            "일자리총점":28.982,
            "가치 총점":38.702,
            "매매실거래년":20220214.0,
            "매매실거래가":24810.0,
            "전세실거래년":20220113.0,
            "전세실거래가":15000.0,
            "전세가율":70.92,
            "장기전세가율평균":71.76,
            "전세가율거품지수":0.84,
            "검색코드":126333,
            "세대수":381.0,
            "준공년월":"2021-10-01",
            "준공년차":2.0,
            "가까운역이름":"NA",
            "가까운역거리":"NA",
            "역세권여부":"NA",
            "30분이내주요거점역":"NA",
            "30분거점역이름":"NA",
            "1시간이내주요거점역":"NA",
            "1시간거점역이름":"NA",
            "3km이내백화점수":0,
            "5km이내아울렛몰수":0,
            "1km이내대형먀트수":3,
            "500m이내은행수":0,
            "500m이내병원수":3,
            "5km이내대형병원수":0,
            "500m이내공원수":5,
            "3km이내혐오시설수":0,
            "초등학교학업성취도":90.04,
            "중학교학업성취도":52.5,
            "용적률":233,
            "건폐율":19,
            "Y":36.810505,
            "X":126.780982,
            "rank":22.0,
            "area_info":"27평(90.8), 30평(102.13), 33평(111.36)",
            "last_sales":"2022-02-14,24810.0,33평(111.36)",
            "rank_history":[
                [
                    "202203",
                    22
                ],
                [
                    "202202",
                    22
                ],
                [
                    "202201",
                    21
                ]
            ],
            "rank_gap":0
        },
        {
            "index":264,
            "아파트명":"대동다숲",
            "투자타입":"일반",
            "전용면적(m2)":"109.41",
            "전용면적(평)":"33평",
            "법정동주소":"충청남도 당진시 채운동 1120",
            "도로명주소":"충청남도 당진시 대호만로 30-17",
            "세대수":50,
            "입주년차":60,
            "용적률점수":"--",
            "건폐율점수":"--",
            "세대당주차수":30,
            "난방방식":30,
            "공급면적":"--",
            "전용률":"--",
            "욕실수":100,
            "현관타입":100,
            "주거총점":57.0,
            "지역구공급총점":0.0,
            "역세권":"NA",
            "30분내 이동가능 거점":"NA",
            "1시간내 이동가능 거점":"NA",
            "교통총점":"NA",
            "백화점":0,
            "아울렛몰":0,
            "대형마트":80,
            "은행":0,
            "병원":0,
            "종합병원":0,
            "공원":100,
            "혐오시설":0,
            "인프라총점":15.0,
            "초등학군":89.99,
            "중학군":39.66,
            "학군총점":49.726,
            "인구수":17.12,
            "인구증감":5.56,
            "인구총점":13.652,
            "일자리":13.55,
            "소득수준":64.99,
            "일자리총점":28.982,
            "가치 총점":38.3815,
            "매매실거래년":20220204.0,
            "매매실거래가":22200.0,
            "전세실거래년":20220210.0,
            "전세실거래가":19500.0,
            "전세가율":91.98,
            "장기전세가율평균":71.76,
            "전세가율거품지수":-20.22,
            "검색코드":25852,
            "세대수":553.0,
            "준공년월":"2009-11-10",
            "준공년차":14.0,
            "가까운역이름":"NA",
            "가까운역거리":"NA",
            "역세권여부":"NA",
            "30분이내주요거점역":"NA",
            "30분거점역이름":"NA",
            "1시간이내주요거점역":"NA",
            "1시간거점역이름":"NA",
            "3km이내백화점수":0,
            "5km이내아울렛몰수":0,
            "1km이내대형먀트수":1,
            "500m이내은행수":0,
            "500m이내병원수":0,
            "5km이내대형병원수":0,
            "500m이내공원수":4,
            "3km이내혐오시설수":0,
            "초등학교학업성취도":89.99,
            "중학교학업성취도":65.9,
            "용적률":232,
            "건폐율":17,
            "Y":36.899198,
            "X":126.62198,
            "rank":23.0,
            "area_info":"33평(109.41), 33평(110.27), 33평(110.09), 36평(121.65), 45평(150.25)",
            "last_sales":"2022-02-04,22200.0,33평(110.09)",
            "rank_history":[
                [
                    "202203",
                    23
                ],
                [
                    "202202",
                    23
                ],
                [
                    "202201",
                    22
                ]
            ],
            "rank_gap":0
        },
        {
            "index":53,
            "아파트명":"당진송악경남아너스빌",
            "투자타입":"일반",
            "전용면적(m2)":"81.02",
            "전용면적(평)":"24평",
            "법정동주소":"충청남도 당진시 송악읍 중흥리 887",
            "도로명주소":"충청남도 당진시 중흥1길 50",
            "세대수":30,
            "입주년차":100,
            "용적률점수":"--",
            "건폐율점수":"--",
            "세대당주차수":30,
            "난방방식":30,
            "공급면적":"--",
            "전용률":"--",
            "욕실수":100,
            "현관타입":100,
            "주거총점":58.0,
            "지역구공급총점":0.0,
            "역세권":"NA",
            "30분내 이동가능 거점":"NA",
            "1시간내 이동가능 거점":"NA",
            "교통총점":"NA",
            "백화점":0,
            "아울렛몰":0,
            "대형마트":100,
            "은행":0,
            "병원":10,
            "종합병원":0,
            "공원":0,
            "혐오시설":0,
            "인프라총점":16.0,
            "초등학군":90.05,
            "중학군":35.52,
            "학군총점":46.426,
            "인구수":17.12,
            "인구증감":5.56,
            "인구총점":13.652,
            "일자리":13.55,
            "소득수준":64.99,
            "일자리총점":28.982,
            "가치 총점":38.3065,
            "매매실거래년":20220224.0,
            "매매실거래가":16570.0,
            "전세실거래년":20220216.0,
            "전세실거래가":15500.0,
            "전세가율":93.54,
            "장기전세가율평균":71.76,
            "전세가율거품지수":-21.78,
            "검색코드":127609,
            "세대수":381.0,
            "준공년월":"2021-04-28",
            "준공년차":2.0,
            "가까운역이름":"NA",
            "가까운역거리":"NA",
            "역세권여부":"NA",
            "30분이내주요거점역":"NA",
            "30분거점역이름":"NA",
            "1시간이내주요거점역":"NA",
            "1시간거점역이름":"NA",
            "3km이내백화점수":0,
            "5km이내아울렛몰수":0,
            "1km이내대형먀트수":2,
            "500m이내은행수":0,
            "500m이내병원수":2,
            "5km이내대형병원수":0,
            "500m이내공원수":0,
            "3km이내혐오시설수":0,
            "초등학교학업성취도":90.05,
            "중학교학업성취도":59.2,
            "용적률":213,
            "건폐율":20,
            "Y":36.937645,
            "X":126.748784,
            "rank":24.0,
            "area_info":"24평(81.02), 24평(81.43), 24평(82.24), 28평(94.72), 33평(111.0)",
            "last_sales":"2022-02-24,16570.0,24평(81.02)",
            "rank_history":[
                [
                    "202203",
                    24
                ],
                [
                    "202202",
                    24
                ],
                [
                    "202201",
                    39
                ]
            ],
            "rank_gap":0
        },
        {
            "index":102,
            "아파트명":"우민늘사랑",
            "투자타입":"일반",
            "전용면적(m2)":"52.14",
            "전용면적(평)":"15평",
            "법정동주소":"충청남도 당진시 시곡동 136-1",
            "도로명주소":"충청남도 당진시 서해로 6216",
            "세대수":90,
            "입주년차":40,
            "용적률점수":"--",
            "건폐율점수":"--",
            "세대당주차수":0,
            "난방방식":30,
            "공급면적":"--",
            "전용률":"--",
            "욕실수":50,
            "현관타입":100,
            "주거총점":57.5,
            "지역구공급총점":0.0,
            "역세권":"NA",
            "30분내 이동가능 거점":"NA",
            "1시간내 이동가능 거점":"NA",
            "교통총점":"NA",
            "백화점":0,
            "아울렛몰":0,
            "대형마트":0,
            "은행":0,
            "병원":0,
            "종합병원":80,
            "공원":0,
            "혐오시설":0,
            "인프라총점":16.0,
            "초등학군":89.99,
            "중학군":35.52,
            "학군총점":46.414,
            "인구수":17.12,
            "인구증감":5.56,
            "인구총점":13.652,
            "일자리":13.55,
            "소득수준":64.99,
            "일자리총점":28.982,
            "가치 총점":38.1285,
            "매매실거래년":20220218.0,
            "매매실거래가":7600.0,
            "전세실거래년":20211215.0,
            "전세실거래가":5500.0,
            "전세가율":85.27,
            "장기전세가율평균":71.76,
            "전세가율거품지수":-13.51,
            "검색코드":27098,
            "세대수":926.0,
            "준공년월":"2007-12-13",
            "준공년차":16.0,
            "가까운역이름":"NA",
            "가까운역거리":"NA",
            "역세권여부":"NA",
            "30분이내주요거점역":"NA",
            "30분거점역이름":"NA",
            "1시간이내주요거점역":"NA",
            "1시간거점역이름":"NA",
            "3km이내백화점수":0,
            "5km이내아울렛몰수":0,
            "1km이내대형먀트수":0,
            "500m이내은행수":0,
            "500m이내병원수":0,
            "5km이내대형병원수":1,
            "500m이내공원수":0,
            "3km이내혐오시설수":0,
            "초등학교학업성취도":89.99,
            "중학교학업성취도":59.2,
            "용적률":260,
            "건폐율":17,
            "Y":36.901411,
            "X":126.675584,
            "rank":25.0,
            "area_info":"15평(52.14), 21평(71.95), 23평(78.99)",
            "last_sales":"2022-02-18,7600.0,23평(78.99)",
            "rank_history":[
                [
                    "202203",
                    25
                ],
                [
                    "202202",
                    25
                ],
                [
                    "202201",
                    24
                ]
            ],
            "rank_gap":0
        },
        {
            "index":258,
            "아파트명":"당진채운코아루1차",
            "투자타입":"일반",
            "전용면적(m2)":"112.93",
            "전용면적(평)":"34평",
            "법정동주소":"충청남도 당진시 채운동 1127",
            "도로명주소":"충청남도 당진시 운학길 69",
            "세대수":30,
            "입주년차":60,
            "용적률점수":"--",
            "건폐율점수":"--",
            "세대당주차수":60,
            "난방방식":30,
            "공급면적":"--",
            "전용률":"--",
            "욕실수":100,
            "현관타입":100,
            "주거총점":54.5,
            "지역구공급총점":0.0,
            "역세권":"NA",
            "30분내 이동가능 거점":"NA",
            "1시간내 이동가능 거점":"NA",
            "교통총점":"NA",
            "백화점":0,
            "아울렛몰":0,
            "대형마트":80,
            "은행":0,
            "병원":10,
            "종합병원":0,
            "공원":100,
            "혐오시설":0,
            "인프라총점":16.0,
            "초등학군":89.99,
            "중학군":39.66,
            "학군총점":49.726,
            "인구수":17.12,
            "인구증감":5.56,
            "인구총점":13.652,
            "일자리":13.55,
            "소득수준":64.99,
            "일자리총점":28.982,
            "가치 총점":37.9065,
            "매매실거래년":20220129.0,
            "매매실거래가":27000.0,
            "전세실거래년":null,
            "전세실거래가":null,
            "전세가율":null,
            "장기전세가율평균":71.76,
            "전세가율거품지수":null,
            "검색코드":26314,
            "세대수":350.0,
            "준공년월":"2010-03-30",
            "준공년차":13.0,
            "가까운역이름":"NA",
            "가까운역거리":"NA",
            "역세권여부":"NA",
            "30분이내주요거점역":"NA",
            "30분거점역이름":"NA",
            "1시간이내주요거점역":"NA",
            "1시간거점역이름":"NA",
            "3km이내백화점수":0,
            "5km이내아울렛몰수":0,
            "1km이내대형먀트수":1,
            "500m이내은행수":0,
            "500m이내병원수":3,
            "5km이내대형병원수":0,
            "500m이내공원수":10,
            "3km이내혐오시설수":0,
            "초등학교학업성취도":89.99,
            "중학교학업성취도":65.9,
            "용적률":223,
            "건폐율":19,
            "Y":36.894642,
            "X":126.621591,
            "rank":26.0,
            "area_info":"34평(112.93), 34평(114.63), 39평(131.5), 44평(148.58), 48평(160.11), 48평(160.11)",
            "last_sales":"2022-01-29,27000.0,48평(160.11)",
            "rank_history":[
                [
                    "202203",
                    26
                ],
                [
                    "202202",
                    26
                ],
                [
                    "202201",
                    25
                ]
            ],
            "rank_gap":0
        },
        {
            "index":201,
            "아파트명":"당진청구",
            "투자타입":"일반",
            "전용면적(m2)":"80.21",
            "전용면적(평)":"24평",
            "법정동주소":"충청남도 당진시 원당동 312",
            "도로명주소":"충청남도 당진시 원당골길 31",
            "세대수":50,
            "입주년차":0,
            "용적률점수":"--",
            "건폐율점수":"--",
            "세대당주차수":0,
            "난방방식":30,
            "공급면적":"--",
            "전용률":"--",
            "욕실수":50,
            "현관타입":100,
            "주거총점":35.5,
            "지역구공급총점":0.0,
            "역세권":"NA",
            "30분내 이동가능 거점":"NA",
            "1시간내 이동가능 거점":"NA",
            "교통총점":"NA",
            "백화점":0,
            "아울렛몰":0,
            "대형마트":80,
            "은행":0,
            "병원":0,
            "종합병원":80,
            "공원":0,
            "혐오시설":0,
            "인프라총점":28.0,
            "초등학군":89.99,
            "중학군":48.76,
            "학군총점":57.006,
            "인구수":17.12,
            "인구증감":5.56,
            "인구총점":13.652,
            "일자리":13.55,
            "소득수준":64.99,
            "일자리총점":28.982,
            "가치 총점":37.8765,
            "매매실거래년":20220113.0,
            "매매실거래가":10200.0,
            "전세실거래년":20220212.0,
            "전세실거래가":9000.0,
            "전세가율":88.24,
            "장기전세가율평균":71.76,
            "전세가율거품지수":-16.48,
            "검색코드":6881,
            "세대수":454.0,
            "준공년월":"1997-10-01",
            "준공년차":26.0,
            "가까운역이름":"NA",
            "가까운역거리":"NA",
            "역세권여부":"NA",
            "30분이내주요거점역":"NA",
            "30분거점역이름":"NA",
            "1시간이내주요거점역":"NA",
            "1시간거점역이름":"NA",
            "3km이내백화점수":0,
            "5km이내아울렛몰수":0,
            "1km이내대형먀트수":1,
            "500m이내은행수":0,
            "500m이내병원수":0,
            "5km이내대형병원수":1,
            "500m이내공원수":0,
            "3km이내혐오시설수":0,
            "초등학교학업성취도":89.99,
            "중학교학업성취도":80.6,
            "용적률":0,
            "건폐율":0,
            "Y":36.908257,
            "X":126.655312,
            "rank":27.0,
            "area_info":"24평(80.21), 31평(105.09), 51평(170.19)",
            "last_sales":"2022-01-13,10200.0,24평(80.21)",
            "rank_history":[
                [
                    "202203",
                    27
                ],
                [
                    "202202",
                    27
                ],
                [
                    "202201",
                    27
                ]
            ],
            "rank_gap":0
        },
        {
            "index":269,
            "아파트명":"삼성쉐르빌",
            "투자타입":"일반",
            "전용면적(m2)":"109.75",
            "전용면적(평)":"33평",
            "법정동주소":"충청남도 당진시 채운동 1117",
            "도로명주소":"충청남도 당진시 대호만로 23-13",
            "세대수":50,
            "입주년차":40,
            "용적률점수":"--",
            "건폐율점수":"--",
            "세대당주차수":30,
            "난방방식":30,
            "공급면적":"--",
            "전용률":"--",
            "욕실수":100,
            "현관타입":100,
            "주거총점":53.0,
            "지역구공급총점":0.0,
            "역세권":"NA",
            "30분내 이동가능 거점":"NA",
            "1시간내 이동가능 거점":"NA",
            "교통총점":"NA",
            "백화점":0,
            "아울렛몰":0,
            "대형마트":80,
            "은행":0,
            "병원":10,
            "종합병원":0,
            "공원":100,
            "혐오시설":0,
            "인프라총점":16.0,
            "초등학군":89.99,
            "중학군":39.66,
            "학군총점":49.726,
            "인구수":17.12,
            "인구증감":5.56,
            "인구총점":13.652,
            "일자리":13.55,
            "소득수준":64.99,
            "일자리총점":28.982,
            "가치 총점":37.3815,
            "매매실거래년":20220121.0,
            "매매실거래가":23700.0,
            "전세실거래년":null,
            "전세실거래가":null,
            "전세가율":null,
            "장기전세가율평균":71.76,
            "전세가율거품지수":null,
            "검색코드":23712,
            "세대수":625.0,
            "준공년월":"2007-12-28",
            "준공년차":16.0,
            "가까운역이름":"NA",
            "가까운역거리":"NA",
            "역세권여부":"NA",
            "30분이내주요거점역":"NA",
            "30분거점역이름":"NA",
            "1시간이내주요거점역":"NA",
            "1시간거점역이름":"NA",
            "3km이내백화점수":0,
            "5km이내아울렛몰수":0,
            "1km이내대형먀트수":1,
            "500m이내은행수":0,
            "500m이내병원수":2,
            "5km이내대형병원수":0,
            "500m이내공원수":6,
            "3km이내혐오시설수":0,
            "초등학교학업성취도":89.99,
            "중학교학업성취도":65.9,
            "용적률":230,
            "건폐율":20,
            "Y":36.896986,
            "X":126.620864,
            "rank":28.0,
            "area_info":"33평(109.75), 33평(110.69), 38평(128.91), 47평(158.13)",
            "last_sales":"2022-01-21,23700.0,47평(158.13)",
            "rank_history":[
                [
                    "202203",
                    28
                ],
                [
                    "202202",
                    28
                ],
                [
                    "202201",
                    28
                ]
            ],
            "rank_gap":0
        },
        {
            "index":278,
            "아파트명":"채운공원휴먼빌",
            "투자타입":"일반",
            "전용면적(m2)":"111.51",
            "전용면적(평)":"33평",
            "법정동주소":"충청남도 당진시 채운동 1124",
            "도로명주소":"충청남도 당진시 백암로 219-64",
            "세대수":30,
            "입주년차":60,
            "용적률점수":"--",
            "건폐율점수":"--",
            "세대당주차수":30,
            "난방방식":30,
            "공급면적":"--",
            "전용률":"--",
            "욕실수":100,
            "현관타입":100,
            "주거총점":50.0,
            "지역구공급총점":0.0,
            "역세권":"NA",
            "30분내 이동가능 거점":"NA",
            "1시간내 이동가능 거점":"NA",
            "교통총점":"NA",
            "백화점":0,
            "아울렛몰":0,
            "대형마트":80,
            "은행":0,
            "병원":10,
            "종합병원":0,
            "공원":100,
            "혐오시설":0,
            "인프라총점":16.0,
            "초등학군":89.99,
            "중학군":39.66,
            "학군총점":49.726,
            "인구수":17.12,
            "인구증감":5.56,
            "인구총점":13.652,
            "일자리":13.55,
            "소득수준":64.99,
            "일자리총점":28.982,
            "가치 총점":36.3315,
            "매매실거래년":20220204.0,
            "매매실거래가":21300.0,
            "전세실거래년":20210411.0,
            "전세실거래가":16000.0,
            "전세가율":78.05,
            "장기전세가율평균":71.76,
            "전세가율거품지수":-6.29,
            "검색코드":100709,
            "세대수":396.0,
            "준공년월":"2009-12-15",
            "준공년차":14.0,
            "가까운역이름":"NA",
            "가까운역거리":"NA",
            "역세권여부":"NA",
            "30분이내주요거점역":"NA",
            "30분거점역이름":"NA",
            "1시간이내주요거점역":"NA",
            "1시간거점역이름":"NA",
            "3km이내백화점수":0,
            "5km이내아울렛몰수":0,
            "1km이내대형먀트수":1,
            "500m이내은행수":0,
            "500m이내병원수":3,
            "5km이내대형병원수":0,
            "500m이내공원수":10,
            "3km이내혐오시설수":0,
            "초등학교학업성취도":89.99,
            "중학교학업성취도":65.9,
            "용적률":209,
            "건폐율":16,
            "Y":36.891257,
            "X":126.621809,
            "rank":29.0,
            "area_info":"33평(111.51), 34평(113.34), 40평(132.43), 47평(155.69)",
            "last_sales":"2022-02-04,21300.0,40평(132.43)",
            "rank_history":[
                [
                    "202203",
                    29
                ],
                [
                    "202202",
                    29
                ],
                [
                    "202201",
                    30
                ]
            ],
            "rank_gap":0
        },
        {
            "index":32,
            "아파트명":"페럼빌",
            "투자타입":"일반",
            "전용면적(m2)":"83.75",
            "전용면적(평)":"25평",
            "법정동주소":"충청남도 당진시 송산면 금암리 36-1",
            "도로명주소":"충청남도 당진시 송산로 125",
            "세대수":0,
            "입주년차":60,
            "용적률점수":"--",
            "건폐율점수":"--",
            "세대당주차수":60,
            "난방방식":30,
            "공급면적":"--",
            "전용률":"--",
            "욕실수":100,
            "현관타입":100,
            "주거총점":44.0,
            "지역구공급총점":0.0,
            "역세권":"NA",
            "30분내 이동가능 거점":"NA",
            "1시간내 이동가능 거점":"NA",
            "교통총점":"NA",
            "백화점":0,
            "아울렛몰":0,
            "대형마트":0,
            "은행":0,
            "병원":0,
            "종합병원":80,
            "공원":0,
            "혐오시설":0,
            "인프라총점":16.0,
            "초등학군":89.99,
            "중학군":48.76,
            "학군총점":57.006,
            "인구수":17.12,
            "인구증감":5.56,
            "인구총점":13.652,
            "일자리":13.55,
            "소득수준":64.99,
            "일자리총점":28.982,
            "가치 총점":36.0515,
            "매매실거래년":20161026.0,
            "매매실거래가":15590.0,
            "전세실거래년":null,
            "전세실거래가":null,
            "전세가율":null,
            "장기전세가율평균":71.76,
            "전세가율거품지수":null,
            "검색코드":108603,
            "세대수":200.0,
            "준공년월":"2009-06-12",
            "준공년차":14.0,
            "가까운역이름":"NA",
            "가까운역거리":"NA",
            "역세권여부":"NA",
            "30분이내주요거점역":"NA",
            "30분거점역이름":"NA",
            "1시간이내주요거점역":"NA",
            "1시간거점역이름":"NA",
            "3km이내백화점수":0,
            "5km이내아울렛몰수":0,
            "1km이내대형먀트수":0,
            "500m이내은행수":0,
            "500m이내병원수":0,
            "5km이내대형병원수":1,
            "500m이내공원수":0,
            "3km이내혐오시설수":0,
            "초등학교학업성취도":89.99,
            "중학교학업성취도":80.6,
            "용적률":122,
            "건폐율":12,
            "Y":36.922774,
            "X":126.653711,
            "rank":30.0,
            "area_info":"25평(83.75), 32평(106.2), 32평(106.89), 32평(106.0)",
            "last_sales":"2016-10-26,15590.0,25평(83.75)",
            "rank_history":[
                [
                    "202203",
                    30
                ],
                [
                    "202202",
                    30
                ],
                [
                    "202201",
                    31
                ]
            ],
            "rank_gap":0
        },
        {
            "index":255,
            "아파트명":"당진채운양우내안애",
            "투자타입":"일반",
            "전용면적(m2)":"85.74",
            "전용면적(평)":"25평",
            "법정동주소":"충청남도 당진시 채운동 1152",
            "도로명주소":"충청남도 당진시 백암로 99",
            "세대수":50,
            "입주년차":80,
            "용적률점수":"--",
            "건폐율점수":"--",
            "세대당주차수":30,
            "난방방식":30,
            "공급면적":"--",
            "전용률":"--",
            "욕실수":100,
            "현관타입":100,
            "주거총점":61.0,
            "지역구공급총점":0.0,
            "역세권":"NA",
            "30분내 이동가능 거점":"NA",
            "1시간내 이동가능 거점":"NA",
            "교통총점":"NA",
            "백화점":0,
            "아울렛몰":0,
            "대형마트":0,
            "은행":0,
            "병원":0,
            "종합병원":0,
            "공원":100,
            "혐오시설":0,
            "인프라총점":3.0,
            "초등학군":89.99,
            "중학군":39.66,
            "학군총점":49.726,
            "인구수":17.12,
            "인구증감":5.56,
            "인구총점":13.652,
            "일자리":13.55,
            "소득수준":64.99,
            "일자리총점":28.982,
            "가치 총점":34.9815,
            "매매실거래년":20220118.0,
            "매매실거래가":19000.0,
            "전세실거래년":20210708.0,
            "전세실거래가":16000.0,
            "전세가율":84.21,
            "장기전세가율평균":71.76,
            "전세가율거품지수":-12.45,
            "검색코드":111277,
            "세대수":457.0,
            "준공년월":"2018-04-30",
            "준공년차":5.0,
            "가까운역이름":"NA",
            "가까운역거리":"NA",
            "역세권여부":"NA",
            "30분이내주요거점역":"NA",
            "30분거점역이름":"NA",
            "1시간이내주요거점역":"NA",
            "1시간거점역이름":"NA",
            "3km이내백화점수":0,
            "5km이내아울렛몰수":0,
            "1km이내대형먀트수":0,
            "500m이내은행수":0,
            "500m이내병원수":0,
            "5km이내대형병원수":0,
            "500m이내공원수":4,
            "3km이내혐오시설수":0,
            "초등학교학업성취도":89.99,
            "중학교학업성취도":65.9,
            "용적률":224,
            "건폐율":14,
            "Y":36.887131,
            "X":126.620324,
            "rank":31.0,
            "area_info":"25평(85.74), 25평(85.57), 26평(86.01)",
            "last_sales":"2022-01-18,19000.0,25평(85.74)",
            "rank_history":[
                [
                    "202203",
                    31
                ],
                [
                    "202202",
                    31
                ],
                [
                    "202201",
                    18
                ]
            ],
            "rank_gap":0
        },
        {
            "index":129,
            "아파트명":"당진신평LIG리가",
            "투자타입":"일반",
            "전용면적(m2)":"109.33",
            "전용면적(평)":"33평",
            "법정동주소":"충청남도 당진시 신평면 금천리 1642",
            "도로명주소":"충청남도 당진시 신평로 792",
            "세대수":50,
            "입주년차":60,
            "용적률점수":"--",
            "건폐율점수":"--",
            "세대당주차수":30,
            "난방방식":30,
            "공급면적":"--",
            "전용률":"--",
            "욕실수":100,
            "현관타입":100,
            "주거총점":57.0,
            "지역구공급총점":0.0,
            "역세권":"NA",
            "30분내 이동가능 거점":"NA",
            "1시간내 이동가능 거점":"NA",
            "교통총점":"NA",
            "백화점":0,
            "아울렛몰":0,
            "대형마트":0,
            "은행":0,
            "병원":10,
            "종합병원":0,
            "공원":100,
            "혐오시설":0,
            "인프라총점":4.0,
            "초등학군":90.0,
            "중학군":37.28,
            "학군총점":47.824,
            "인구수":17.12,
            "인구증감":5.56,
            "인구총점":13.652,
            "일자리":13.55,
            "소득수준":64.99,
            "일자리총점":28.982,
            "가치 총점":33.506,
            "매매실거래년":20220216.0,
            "매매실거래가":16500.0,
            "전세실거래년":20211025.0,
            "전세실거래가":4000.0,
            "전세가율":24.24,
            "장기전세가율평균":71.76,
            "전세가율거품지수":47.52,
            "검색코드":26316,
            "세대수":593.0,
            "준공년월":"2010-03-30",
            "준공년차":13.0,
            "가까운역이름":"NA",
            "가까운역거리":"NA",
            "역세권여부":"NA",
            "30분이내주요거점역":"NA",
            "30분거점역이름":"NA",
            "1시간이내주요거점역":"NA",
            "1시간거점역이름":"NA",
            "3km이내백화점수":0,
            "5km이내아울렛몰수":0,
            "1km이내대형먀트수":0,
            "500m이내은행수":0,
            "500m이내병원수":2,
            "5km이내대형병원수":0,
            "500m이내공원수":2,
            "3km이내혐오시설수":0,
            "초등학교학업성취도":90.0,
            "중학교학업성취도":61.8,
            "용적률":234,
            "건폐율":24,
            "Y":36.883776,
            "X":126.777296,
            "rank":32.0,
            "area_info":"33평(109.33), 33평(109.19), 33평(109.47), 41평(135.81), 47평(158.27), 47평(158.27)",
            "last_sales":"2022-02-16,16500.0,33평(109.33)",
            "rank_history":[
                [
                    "202203",
                    32
                ],
                [
                    "202202",
                    32
                ],
                [
                    "202201",
                    26
                ]
            ],
            "rank_gap":0
        },
        {
            "index":62,
            "아파트명":"세종그랑시아",
            "투자타입":"일반",
            "전용면적(m2)":"58.54",
            "전용면적(평)":"17평",
            "법정동주소":"충청남도 당진시 송악읍 중흥리 396-1",
            "도로명주소":"충청남도 당진시 중흥1길 51",
            "세대수":50,
            "입주년차":40,
            "용적률점수":"--",
            "건폐율점수":"--",
            "세대당주차수":0,
            "난방방식":30,
            "공급면적":"--",
            "전용률":"--",
            "욕실수":50,
            "현관타입":100,
            "주거총점":43.5,
            "지역구공급총점":0.0,
            "역세권":"NA",
            "30분내 이동가능 거점":"NA",
            "1시간내 이동가능 거점":"NA",
            "교통총점":"NA",
            "백화점":0,
            "아울렛몰":0,
            "대형마트":100,
            "은행":0,
            "병원":10,
            "종합병원":0,
            "공원":0,
            "혐오시설":0,
            "인프라총점":16.0,
            "초등학군":90.05,
            "중학군":35.52,
            "학군총점":46.426,
            "인구수":17.12,
            "인구증감":5.56,
            "인구총점":13.652,
            "일자리":13.55,
            "소득수준":64.99,
            "일자리총점":28.982,
            "가치 총점":33.2315,
            "매매실거래년":20220217.0,
            "매매실거래가":11800.0,
            "전세실거래년":20211030.0,
            "전세실거래가":6200.0,
            "전세가율":103.33,
            "장기전세가율평균":71.76,
            "전세가율거품지수":-31.57,
            "검색코드":17612,
            "세대수":480.0,
            "준공년월":"2005-02-25",
            "준공년차":18.0,
            "가까운역이름":"NA",
            "가까운역거리":"NA",
            "역세권여부":"NA",
            "30분이내주요거점역":"NA",
            "30분거점역이름":"NA",
            "1시간이내주요거점역":"NA",
            "1시간거점역이름":"NA",
            "3km이내백화점수":0,
            "5km이내아울렛몰수":0,
            "1km이내대형먀트수":2,
            "500m이내은행수":0,
            "500m이내병원수":2,
            "5km이내대형병원수":0,
            "500m이내공원수":0,
            "3km이내혐오시설수":0,
            "초등학교학업성취도":90.05,
            "중학교학업성취도":59.2,
            "용적률":143,
            "건폐율":16,
            "Y":36.938843,
            "X":126.748745,
            "rank":33.0,
            "area_info":"17평(58.54), 22평(73.54), 27평(89.33), 31평(103.97)",
            "last_sales":"2022-02-17,11800.0,31평(103.97)",
            "rank_history":[
                [
                    "202203",
                    33
                ],
                [
                    "202202",
                    34
                ],
                [
                    "202201",
                    46
                ]
            ],
            "rank_gap":1
        },
        {
            "index":243,
            "아파트명":"신성",
            "투자타입":"재건축",
            "전용면적(m2)":"93.0",
            "전용면적(평)":"28평",
            "법정동주소":"충청남도 당진시 읍내동 25-6",
            "도로명주소":"충청남도 당진시 당진중앙2로 212-10",
            "세대수":0,
            "입주년차":"--",
            "용적률점수":0,
            "건폐율점수":0,
            "세대당주차수":"--",
            "난방방식":"--",
            "공급면적":70,
            "전용률":80,
            "욕실수":"--",
            "현관타입":"--",
            "주거총점":7.5,
            "지역구공급총점":0.0,
            "역세권":"NA",
            "30분내 이동가능 거점":"NA",
            "1시간내 이동가능 거점":"NA",
            "교통총점":"NA",
            "백화점":0,
            "아울렛몰":0,
            "대형마트":80,
            "은행":70,
            "병원":80,
            "종합병원":80,
            "공원":100,
            "혐오시설":0,
            "인프라총점":46.0,
            "초등학군":90.0,
            "중학군":38.26,
            "학군총점":48.608,
            "인구수":17.12,
            "인구증감":5.56,
            "인구총점":13.652,
            "일자리":13.55,
            "소득수준":64.99,
            "일자리총점":28.982,
            "가치 총점":33.177,
            "매매실거래년":20211210.0,
            "매매실거래가":14000.0,
            "전세실거래년":20211123.0,
            "전세실거래가":11500.0,
            "전세가율":74.19,
            "장기전세가율평균":71.76,
            "전세가율거품지수":-2.43,
            "검색코드":6878,
            "세대수":248.0,
            "준공년월":"1990-12-12",
            "준공년차":33.0,
            "가까운역이름":"NA",
            "가까운역거리":"NA",
            "역세권여부":"NA",
            "30분이내주요거점역":"NA",
            "30분거점역이름":"NA",
            "1시간이내주요거점역":"NA",
            "1시간거점역이름":"NA",
            "3km이내백화점수":0,
            "5km이내아울렛몰수":0,
            "1km이내대형먀트수":1,
            "500m이내은행수":4,
            "500m이내병원수":40,
            "5km이내대형병원수":1,
            "500m이내공원수":10,
            "3km이내혐오시설수":0,
            "초등학교학업성취도":90.0,
            "중학교학업성취도":63.1,
            "용적률":0,
            "건폐율":0,
            "Y":36.895957,
            "X":126.635546,
            "rank":34.0,
            "area_info":"28평(93.0), 31평(104.32)",
            "last_sales":"2021-12-10,14000.0,31평(104.32)",
            "rank_history":[
                [
                    "202203",
                    34
                ],
                [
                    "202202",
                    36
                ],
                [
                    "202201",
                    33
                ]
            ],
            "rank_gap":2
        },
        {
            "index":19,
            "아파트명":"당진대상",
            "투자타입":"일반",
            "전용면적(m2)":"49.43",
            "전용면적(평)":"14평",
            "법정동주소":"충청남도 당진시 송산면 금암리 16-2",
            "도로명주소":"충청남도 당진시 송산로 164",
            "세대수":80,
            "입주년차":20,
            "용적률점수":"--",
            "건폐율점수":"--",
            "세대당주차수":0,
            "난방방식":30,
            "공급면적":"--",
            "전용률":"--",
            "욕실수":50,
            "현관타입":10,
            "주거총점":41.0,
            "지역구공급총점":0.0,
            "역세권":"NA",
            "30분내 이동가능 거점":"NA",
            "1시간내 이동가능 거점":"NA",
            "교통총점":"NA",
            "백화점":0,
            "아울렛몰":0,
            "대형마트":0,
            "은행":0,
            "병원":0,
            "종합병원":80,
            "공원":0,
            "혐오시설":0,
            "인프라총점":16.0,
            "초등학군":89.99,
            "중학군":39.54,
            "학군총점":49.63,
            "인구수":17.12,
            "인구증감":5.56,
            "인구총점":13.652,
            "일자리":13.55,
            "소득수준":64.99,
            "일자리총점":28.982,
            "가치 총점":33.1575,
            "매매실거래년":20220216.0,
            "매매실거래가":4600.0,
            "전세실거래년":20220210.0,
            "전세실거래가":4500.0,
            "전세가율":97.83,
            "장기전세가율평균":71.76,
            "전세가율거품지수":-26.07,
            "검색코드":8027,
            "세대수":880.0,
            "준공년월":"1999001",
            "준공년차":24.0,
            "가까운역이름":"NA",
            "가까운역거리":"NA",
            "역세권여부":"NA",
            "30분이내주요거점역":"NA",
            "30분거점역이름":"NA",
            "1시간이내주요거점역":"NA",
            "1시간거점역이름":"NA",
            "3km이내백화점수":0,
            "5km이내아울렛몰수":0,
            "1km이내대형먀트수":0,
            "500m이내은행수":0,
            "500m이내병원수":0,
            "5km이내대형병원수":1,
            "500m이내공원수":0,
            "3km이내혐오시설수":0,
            "초등학교학업성취도":89.99,
            "중학교학업성취도":65.9,
            "용적률":0,
            "건폐율":0,
            "Y":36.922301,
            "X":126.658881,
            "rank":35.0,
            "area_info":"14평(49.43), 19평(64.63), 22평(75.17), 30평(100.18), 40평(132.67)",
            "last_sales":"2022-02-16,4600.0,14평(49.43)",
            "rank_history":[
                [
                    "202203",
                    35
                ],
                [
                    "202202",
                    35
                ],
                [
                    "202201",
                    34
                ]
            ],
            "rank_gap":0
        },
        {
            "index":273,
            "아파트명":"신당진이안",
            "투자타입":"일반",
            "전용면적(m2)":"109.45",
            "전용면적(평)":"33평",
            "법정동주소":"충청남도 당진시 채운동 1125",
            "도로명주소":"충청남도 당진시 운곡로 197-8",
            "세대수":30,
            "입주년차":60,
            "용적률점수":"--",
            "건폐율점수":"--",
            "세대당주차수":60,
            "난방방식":30,
            "공급면적":"--",
            "전용률":"--",
            "욕실수":100,
            "현관타입":100,
            "주거총점":54.5,
            "지역구공급총점":0.0,
            "역세권":"NA",
            "30분내 이동가능 거점":"NA",
            "1시간내 이동가능 거점":"NA",
            "교통총점":"NA",
            "백화점":0,
            "아울렛몰":0,
            "대형마트":0,
            "은행":0,
            "병원":10,
            "종합병원":0,
            "공원":100,
            "혐오시설":0,
            "인프라총점":4.0,
            "초등학군":89.99,
            "중학군":39.66,
            "학군총점":49.726,
            "인구수":17.12,
            "인구증감":5.56,
            "인구총점":13.652,
            "일자리":13.55,
            "소득수준":64.99,
            "일자리총점":28.982,
            "가치 총점":33.1065,
            "매매실거래년":20220213.0,
            "매매실거래가":23300.0,
            "전세실거래년":20210309.0,
            "전세실거래가":18000.0,
            "전세가율":100.0,
            "장기전세가율평균":71.76,
            "전세가율거품지수":-28.24,
            "검색코드":26347,
            "세대수":360.0,
            "준공년월":"2010-03-30",
            "준공년차":13.0,
            "가까운역이름":"NA",
            "가까운역거리":"NA",
            "역세권여부":"NA",
            "30분이내주요거점역":"NA",
            "30분거점역이름":"NA",
            "1시간이내주요거점역":"NA",
            "1시간거점역이름":"NA",
            "3km이내백화점수":0,
            "5km이내아울렛몰수":0,
            "1km이내대형먀트수":0,
            "500m이내은행수":0,
            "500m이내병원수":2,
            "5km이내대형병원수":0,
            "500m이내공원수":4,
            "3km이내혐오시설수":0,
            "초등학교학업성취도":89.99,
            "중학교학업성취도":65.9,
            "용적률":234,
            "건폐율":20,
            "Y":36.895656,
            "X":126.61888,
            "rank":36.0,
            "area_info":"33평(109.45), 33평(110.54), 33평(112.28), 46평(154.0)",
            "last_sales":"2022-02-13,23300.0,46평(154.0)",
            "rank_history":[
                [
                    "202203",
                    36
                ],
                [
                    "202202",
                    33
                ],
                [
                    "202201",
                    25
                ]
            ],
            "rank_gap":-3
        },
        {
            "index":77,
            "아파트명":"신성미소지움2단지",
            "투자타입":"일반",
            "전용면적(m2)":"83.52",
            "전용면적(평)":"25평",
            "법정동주소":"충청남도 당진시 송악읍 복운리 1629-2",
            "도로명주소":"충청남도 당진시 신복운로3길 28",
            "세대수":50,
            "입주년차":40,
            "용적률점수":"--",
            "건폐율점수":"--",
            "세대당주차수":30,
            "난방방식":30,
            "공급면적":"--",
            "전용률":"--",
            "욕실수":100,
            "현관타입":100,
            "주거총점":53.0,
            "지역구공급총점":0.0,
            "역세권":"NA",
            "30분내 이동가능 거점":"NA",
            "1시간내 이동가능 거점":"NA",
            "교통총점":"NA",
            "백화점":0,
            "아울렛몰":0,
            "대형마트":0,
            "은행":0,
            "병원":30,
            "종합병원":0,
            "공원":100,
            "혐오시설":0,
            "인프라총점":6.0,
            "초등학군":89.99,
            "중학군":37.28,
            "학군총점":47.822,
            "인구수":17.12,
            "인구증감":5.56,
            "인구총점":13.652,
            "일자리":13.55,
            "소득수준":64.99,
            "일자리총점":28.982,
            "가치 총점":32.9055,
            "매매실거래년":20220210.0,
            "매매실거래가":16800.0,
            "전세실거래년":20220210.0,
            "전세실거래가":11500.0,
            "전세가율":79.31,
            "장기전세가율평균":71.76,
            "전세가율거품지수":-7.55,
            "검색코드":22755,
            "세대수":655.0,
            "준공년월":"2007-04-25",
            "준공년차":16.0,
            "가까운역이름":"NA",
            "가까운역거리":"NA",
            "역세권여부":"NA",
            "30분이내주요거점역":"NA",
            "30분거점역이름":"NA",
            "1시간이내주요거점역":"NA",
            "1시간거점역이름":"NA",
            "3km이내백화점수":0,
            "5km이내아울렛몰수":0,
            "1km이내대형먀트수":0,
            "500m이내은행수":0,
            "500m이내병원수":6,
            "5km이내대형병원수":0,
            "500m이내공원수":4,
            "3km이내혐오시설수":0,
            "초등학교학업성취도":89.99,
            "중학교학업성취도":61.8,
            "용적률":159,
            "건폐율":14,
            "Y":36.939852,
            "X":126.781564,
            "rank":37.0,
            "area_info":"25평(83.52), 33평(109.89)",
            "last_sales":"2022-02-10,16800.0,33평(109.89)",
            "rank_history":[
                [
                    "202203",
                    37
                ],
                [
                    "202202",
                    37
                ],
                [
                    "202201",
                    37
                ]
            ],
            "rank_gap":0
        },
        {
            "index":74,
            "아파트명":"신성미소지움1단지",
            "투자타입":"일반",
            "전용면적(m2)":"99.82",
            "전용면적(평)":"30평",
            "법정동주소":"충청남도 당진시 송악읍 복운리 1629-3",
            "도로명주소":"충청남도 당진시 신복운로3길 28",
            "세대수":50,
            "입주년차":40,
            "용적률점수":"--",
            "건폐율점수":"--",
            "세대당주차수":30,
            "난방방식":30,
            "공급면적":"--",
            "전용률":"--",
            "욕실수":100,
            "현관타입":100,
            "주거총점":53.0,
            "지역구공급총점":0.0,
            "역세권":"NA",
            "30분내 이동가능 거점":"NA",
            "1시간내 이동가능 거점":"NA",
            "교통총점":"NA",
            "백화점":0,
            "아울렛몰":0,
            "대형마트":0,
            "은행":0,
            "병원":30,
            "종합병원":0,
            "공원":100,
            "혐오시설":0,
            "인프라총점":6.0,
            "초등학군":89.99,
            "중학군":37.28,
            "학군총점":47.822,
            "인구수":17.12,
            "인구증감":5.56,
            "인구총점":13.652,
            "일자리":13.55,
            "소득수준":64.99,
            "일자리총점":28.982,
            "가치 총점":32.9055,
            "매매실거래년":20220208.0,
            "매매실거래가":21000.0,
            "전세실거래년":20210930.0,
            "전세실거래가":13000.0,
            "전세가율":83.87,
            "장기전세가율평균":71.76,
            "전세가율거품지수":-12.11,
            "검색코드":22757,
            "세대수":499.0,
            "준공년월":"2007-04-25",
            "준공년차":16.0,
            "가까운역이름":"NA",
            "가까운역거리":"NA",
            "역세권여부":"NA",
            "30분이내주요거점역":"NA",
            "30분거점역이름":"NA",
            "1시간이내주요거점역":"NA",
            "1시간거점역이름":"NA",
            "3km이내백화점수":0,
            "5km이내아울렛몰수":0,
            "1km이내대형먀트수":0,
            "500m이내은행수":0,
            "500m이내병원수":6,
            "5km이내대형병원수":0,
            "500m이내공원수":2,
            "3km이내혐오시설수":0,
            "초등학교학업성취도":89.99,
            "중학교학업성취도":61.8,
            "용적률":177,
            "건폐율":15,
            "Y":36.938534,
            "X":126.780541,
            "rank":37.0,
            "area_info":"30평(99.82), 34평(112.84), 45평(149.54)",
            "last_sales":"2022-02-08,21000.0,45평(149.54)",
            "rank_history":[
                [
                    "202203",
                    37
                ],
                [
                    "202202",
                    37
                ],
                [
                    "202201",
                    37
                ]
            ],
            "rank_gap":0
        },
        {
            "index":162,
            "아파트명":"신평신성미소지움",
            "투자타입":"일반",
            "전용면적(m2)":"93.66",
            "전용면적(평)":"28평",
            "법정동주소":"충청남도 당진시 신평면 거산리 873",
            "도로명주소":"충청남도 당진시 거산3거리길 74-32",
            "세대수":50,
            "입주년차":40,
            "용적률점수":"--",
            "건폐율점수":"--",
            "세대당주차수":30,
            "난방방식":30,
            "공급면적":"--",
            "전용률":"--",
            "욕실수":100,
            "현관타입":100,
            "주거총점":53.0,
            "지역구공급총점":0.0,
            "역세권":"NA",
            "30분내 이동가능 거점":"NA",
            "1시간내 이동가능 거점":"NA",
            "교통총점":"NA",
            "백화점":0,
            "아울렛몰":0,
            "대형마트":0,
            "은행":0,
            "병원":30,
            "종합병원":0,
            "공원":100,
            "혐오시설":0,
            "인프라총점":6.0,
            "초등학군":89.99,
            "중학군":37.28,
            "학군총점":47.822,
            "인구수":17.12,
            "인구증감":5.56,
            "인구총점":13.652,
            "일자리":13.55,
            "소득수준":64.99,
            "일자리총점":28.982,
            "가치 총점":32.9055,
            "매매실거래년":20220117.0,
            "매매실거래가":18000.0,
            "전세실거래년":20211228.0,
            "전세실거래가":15500.0,
            "전세가율":86.11,
            "장기전세가율평균":71.76,
            "전세가율거품지수":-14.35,
            "검색코드":25708,
            "세대수":409.0,
            "준공년월":"2008-07-30",
            "준공년차":15.0,
            "가까운역이름":"NA",
            "가까운역거리":"NA",
            "역세권여부":"NA",
            "30분이내주요거점역":"NA",
            "30분거점역이름":"NA",
            "1시간이내주요거점역":"NA",
            "1시간거점역이름":"NA",
            "3km이내백화점수":0,
            "5km이내아울렛몰수":0,
            "1km이내대형먀트수":0,
            "500m이내은행수":0,
            "500m이내병원수":5,
            "5km이내대형병원수":0,
            "500m이내공원수":4,
            "3km이내혐오시설수":0,
            "초등학교학업성취도":89.99,
            "중학교학업성취도":61.8,
            "용적률":203,
            "건폐율":18,
            "Y":36.881343,
            "X":126.759017,
            "rank":37.0,
            "area_info":"28평(93.66), 34평(112.63), 34평(112.92), 34평(115.22), 34평(115.22), 39평(129.34), 45평(150.97)",
            "last_sales":"2022-01-17,18000.0,28평(93.66)",
            "rank_history":[
                [
                    "202203",
                    37
                ],
                [
                    "202202",
                    37
                ],
                [
                    "202201",
                    36
                ]
            ],
            "rank_gap":0
        },
        {
            "index":58,
            "아파트명":"동광",
            "투자타입":"일반",
            "전용면적(m2)":"81.17",
            "전용면적(평)":"24평",
            "법정동주소":"충청남도 당진시 송악읍 복운리 1629-1",
            "도로명주소":"충청남도 당진시 신복운로3길 8",
            "세대수":50,
            "입주년차":40,
            "용적률점수":"--",
            "건폐율점수":"--",
            "세대당주차수":30,
            "난방방식":30,
            "공급면적":"--",
            "전용률":"--",
            "욕실수":100,
            "현관타입":100,
            "주거총점":53.0,
            "지역구공급총점":0.0,
            "역세권":"NA",
            "30분내 이동가능 거점":"NA",
            "1시간내 이동가능 거점":"NA",
            "교통총점":"NA",
            "백화점":0,
            "아울렛몰":0,
            "대형마트":0,
            "은행":0,
            "병원":30,
            "종합병원":0,
            "공원":100,
            "혐오시설":0,
            "인프라총점":6.0,
            "초등학군":89.99,
            "중학군":37.28,
            "학군총점":47.822,
            "인구수":17.12,
            "인구증감":5.56,
            "인구총점":13.652,
            "일자리":13.55,
            "소득수준":64.99,
            "일자리총점":28.982,
            "가치 총점":32.9055,
            "매매실거래년":20220221.0,
            "매매실거래가":13000.0,
            "전세실거래년":20220125.0,
            "전세실거래가":10000.0,
            "전세가율":76.92,
            "장기전세가율평균":71.76,
            "전세가율거품지수":-5.16,
            "검색코드":101491,
            "세대수":655.0,
            "준공년월":"2007-04-20",
            "준공년차":16.0,
            "가까운역이름":"NA",
            "가까운역거리":"NA",
            "역세권여부":"NA",
            "30분이내주요거점역":"NA",
            "30분거점역이름":"NA",
            "1시간이내주요거점역":"NA",
            "1시간거점역이름":"NA",
            "3km이내백화점수":0,
            "5km이내아울렛몰수":0,
            "1km이내대형먀트수":0,
            "500m이내은행수":0,
            "500m이내병원수":6,
            "5km이내대형병원수":0,
            "500m이내공원수":2,
            "3km이내혐오시설수":0,
            "초등학교학업성취도":89.99,
            "중학교학업성취도":61.8,
            "용적률":0,
            "건폐율":0,
            "Y":36.940815,
            "X":126.779741,
            "rank":37.0,
            "area_info":"24평(81.17)",
            "last_sales":"2022-02-21,13000.0,24평(81.17)",
            "rank_history":[
                [
                    "202203",
                    37
                ],
                [
                    "202202",
                    37
                ],
                [
                    "202201",
                    37
                ]
            ],
            "rank_gap":0
        },
        {
            "index":236,
            "아파트명":"세원",
            "투자타입":"재건축",
            "전용면적(m2)":"81.47",
            "전용면적(평)":"24평",
            "법정동주소":"충청남도 당진시 읍내동 299-81",
            "도로명주소":"충청남도 당진시 계성3길 20-27",
            "세대수":0,
            "입주년차":"--",
            "용적률점수":0,
            "건폐율점수":0,
            "세대당주차수":"--",
            "난방방식":"--",
            "공급면적":70,
            "전용률":60,
            "욕실수":"--",
            "현관타입":"--",
            "주거총점":6.5,
            "지역구공급총점":0.0,
            "역세권":"NA",
            "30분내 이동가능 거점":"NA",
            "1시간내 이동가능 거점":"NA",
            "교통총점":"NA",
            "백화점":0,
            "아울렛몰":0,
            "대형마트":80,
            "은행":70,
            "병원":60,
            "종합병원":80,
            "공원":100,
            "혐오시설":0,
            "인프라총점":44.0,
            "초등학군":90.0,
            "중학군":38.26,
            "학군총점":48.608,
            "인구수":17.12,
            "인구증감":5.56,
            "인구총점":13.652,
            "일자리":13.55,
            "소득수준":64.99,
            "일자리총점":28.982,
            "가치 총점":32.027,
            "매매실거래년":20211020.0,
            "매매실거래가":11000.0,
            "전세실거래년":20110809.0,
            "전세실거래가":3000.0,
            "전세가율":46.15,
            "장기전세가율평균":71.76,
            "전세가율거품지수":25.61,
            "검색코드":15221,
            "세대수":60.0,
            "준공년월":"1990-07-23",
            "준공년차":33.0,
            "가까운역이름":"NA",
            "가까운역거리":"NA",
            "역세권여부":"NA",
            "30분이내주요거점역":"NA",
            "30분거점역이름":"NA",
            "1시간이내주요거점역":"NA",
            "1시간거점역이름":"NA",
            "3km이내백화점수":0,
            "5km이내아울렛몰수":0,
            "1km이내대형먀트수":1,
            "500m이내은행수":3,
            "500m이내병원수":21,
            "5km이내대형병원수":1,
            "500m이내공원수":4,
            "3km이내혐오시설수":0,
            "초등학교학업성취도":90.0,
            "중학교학업성취도":63.1,
            "용적률":0,
            "건폐율":0,
            "Y":36.899065,
            "X":126.634695,
            "rank":38.0,
            "area_info":"24평(81.47), 27평(90.89), 29평(98.26), 32평(106.66)",
            "last_sales":"2021-10-20,11000.0,32평(106.66)",
            "rank_history":[
                [
                    "202203",
                    38
                ],
                [
                    "202202",
                    9999
                ]
            ],
            "rank_gap":9999
        },
        {
            "index":140,
            "아파트명":"당진신평풍림아이원",
            "투자타입":"일반",
            "전용면적(m2)":"111.75",
            "전용면적(평)":"33평",
            "법정동주소":"충청남도 당진시 신평면 거산리 880",
            "도로명주소":"충청남도 당진시 솔안말길 21",
            "세대수":30,
            "입주년차":60,
            "용적률점수":"--",
            "건폐율점수":"--",
            "세대당주차수":30,
            "난방방식":30,
            "공급면적":"--",
            "전용률":"--",
            "욕실수":100,
            "현관타입":100,
            "주거총점":50.0,
            "지역구공급총점":0.0,
            "역세권":"NA",
            "30분내 이동가능 거점":"NA",
            "1시간내 이동가능 거점":"NA",
            "교통총점":"NA",
            "백화점":0,
            "아울렛몰":0,
            "대형마트":0,
            "은행":0,
            "병원":30,
            "종합병원":0,
            "공원":100,
            "혐오시설":0,
            "인프라총점":6.0,
            "초등학군":89.99,
            "중학군":37.28,
            "학군총점":47.822,
            "인구수":17.12,
            "인구증감":5.56,
            "인구총점":13.652,
            "일자리":13.55,
            "소득수준":64.99,
            "일자리총점":28.982,
            "가치 총점":31.8555,
            "매매실거래년":20220211.0,
            "매매실거래가":21200.0,
            "전세실거래년":20211220.0,
            "전세실거래가":17000.0,
            "전세가율":82.93,
            "장기전세가율평균":71.76,
            "전세가율거품지수":-11.17,
            "검색코드":27113,
            "세대수":371.0,
            "준공년월":"2011-05-31",
            "준공년차":12.0,
            "가까운역이름":"NA",
            "가까운역거리":"NA",
            "역세권여부":"NA",
            "30분이내주요거점역":"NA",
            "30분거점역이름":"NA",
            "1시간이내주요거점역":"NA",
            "1시간거점역이름":"NA",
            "3km이내백화점수":0,
            "5km이내아울렛몰수":0,
            "1km이내대형먀트수":0,
            "500m이내은행수":0,
            "500m이내병원수":6,
            "5km이내대형병원수":0,
            "500m이내공원수":4,
            "3km이내혐오시설수":0,
            "초등학교학업성취도":89.99,
            "중학교학업성취도":61.8,
            "용적률":232,
            "건폐율":19,
            "Y":36.881207,
            "X":126.757168,
            "rank":39.0,
            "area_info":"33평(111.75), 35평(116.02), 39평(130.69), 46평(152.97)",
            "last_sales":"2022-02-11,21200.0,39평(130.69)",
            "rank_history":[
                [
                    "202203",
                    39
                ],
                [
                    "202202",
                    38
                ],
                [
                    "202201",
                    38
                ]
            ],
            "rank_gap":-1
        },
        {
            "index":249,
            "아파트명":"정우",
            "투자타입":"재건축",
            "전용면적(m2)":"72.62",
            "전용면적(평)":"21평",
            "법정동주소":"충청남도 당진시 읍내동 299-15",
            "도로명주소":"충청남도 당진시 계성2길 90",
            "세대수":0,
            "입주년차":"--",
            "용적률점수":0,
            "건폐율점수":0,
            "세대당주차수":"--",
            "난방방식":"--",
            "공급면적":50,
            "전용률":40,
            "욕실수":"--",
            "현관타입":"--",
            "주거총점":4.5,
            "지역구공급총점":0.0,
            "역세권":"NA",
            "30분내 이동가능 거점":"NA",
            "1시간내 이동가능 거점":"NA",
            "교통총점":"NA",
            "백화점":0,
            "아울렛몰":0,
            "대형마트":80,
            "은행":70,
            "병원":60,
            "종합병원":80,
            "공원":100,
            "혐오시설":0,
            "인프라총점":44.0,
            "초등학군":90.0,
            "중학군":38.26,
            "학군총점":48.608,
            "인구수":17.12,
            "인구증감":5.56,
            "인구총점":13.652,
            "일자리":13.55,
            "소득수준":64.99,
            "일자리총점":28.982,
            "가치 총점":31.327,
            "매매실거래년":"18000101",
            "매매실거래가":null,
            "전세실거래년":null,
            "전세실거래가":null,
            "전세가율":null,
            "장기전세가율평균":71.76,
            "전세가율거품지수":null,
            "검색코드":106077,
            "세대수":55.0,
            "준공년월":"1990-01-20",
            "준공년차":33.0,
            "가까운역이름":"NA",
            "가까운역거리":"NA",
            "역세권여부":"NA",
            "30분이내주요거점역":"NA",
            "30분거점역이름":"NA",
            "1시간이내주요거점역":"NA",
            "1시간거점역이름":"NA",
            "3km이내백화점수":0,
            "5km이내아울렛몰수":0,
            "1km이내대형먀트수":1,
            "500m이내은행수":3,
            "500m이내병원수":29,
            "5km이내대형병원수":1,
            "500m이내공원수":10,
            "3km이내혐오시설수":0,
            "초등학교학업성취도":90.0,
            "중학교학업성취도":63.1,
            "용적률":0,
            "건폐율":0,
            "Y":36.898765,
            "X":126.632927,
            "rank":40.0,
            "area_info":"21평(72.62), 28평(94.51), 33평(109.53)",
            "last_sales":"1800-01-01,nan,21평(72.62)",
            "rank_history":[
                [
                    "202203",
                    40
                ],
                [
                    "202202",
                    9999
                ]
            ],
            "rank_gap":9999
        },
        {
            "index":135,
            "아파트명":"당진신평코아루",
            "투자타입":"일반",
            "전용면적(m2)":"113.88",
            "전용면적(평)":"34평",
            "법정동주소":"충청남도 당진시 신평면 거산리 875",
            "도로명주소":"충청남도 당진시 거산3거리길 74-11",
            "세대수":30,
            "입주년차":60,
            "용적률점수":"--",
            "건폐율점수":"--",
            "세대당주차수":30,
            "난방방식":30,
            "공급면적":"--",
            "전용률":"--",
            "욕실수":100,
            "현관타입":100,
            "주거총점":50.0,
            "지역구공급총점":0.0,
            "역세권":"NA",
            "30분내 이동가능 거점":"NA",
            "1시간내 이동가능 거점":"NA",
            "교통총점":"NA",
            "백화점":0,
            "아울렛몰":0,
            "대형마트":0,
            "은행":0,
            "병원":10,
            "종합병원":0,
            "공원":100,
            "혐오시설":0,
            "인프라총점":4.0,
            "초등학군":89.99,
            "중학군":37.28,
            "학군총점":47.822,
            "인구수":17.12,
            "인구증감":5.56,
            "인구총점":13.652,
            "일자리":13.55,
            "소득수준":64.99,
            "일자리총점":28.982,
            "가치 총점":31.0555,
            "매매실거래년":20211120.0,
            "매매실거래가":25000.0,
            "전세실거래년":20200119.0,
            "전세실거래가":14000.0,
            "전세가율":66.67,
            "장기전세가율평균":71.76,
            "전세가율거품지수":5.09,
            "검색코드":26315,
            "세대수":358.0,
            "준공년월":"2009-10-26",
            "준공년차":14.0,
            "가까운역이름":"NA",
            "가까운역거리":"NA",
            "역세권여부":"NA",
            "30분이내주요거점역":"NA",
            "30분거점역이름":"NA",
            "1시간이내주요거점역":"NA",
            "1시간거점역이름":"NA",
            "3km이내백화점수":0,
            "5km이내아울렛몰수":0,
            "1km이내대형먀트수":0,
            "500m이내은행수":0,
            "500m이내병원수":4,
            "5km이내대형병원수":0,
            "500m이내공원수":4,
            "3km이내혐오시설수":0,
            "초등학교학업성취도":89.99,
            "중학교학업성취도":61.8,
            "용적률":229,
            "건폐율":19,
            "Y":36.882985,
            "X":126.758339,
            "rank":41.0,
            "area_info":"34평(113.88), 34평(114.73), 34평(115.21), 39평(131.47), 46평(154.4)",
            "last_sales":"2021-11-20,25000.0,46평(154.4)",
            "rank_history":[
                [
                    "202203",
                    41
                ],
                [
                    "202202",
                    39
                ],
                [
                    "202201",
                    40
                ]
            ],
            "rank_gap":-2
        },
        {
            "index":31,
            "아파트명":"송산중명",
            "투자타입":"일반",
            "전용면적(m2)":"82.86",
            "전용면적(평)":"25평",
            "법정동주소":"충청남도 당진시 송산면 유곡리 219-10",
            "도로명주소":"충청남도 당진시 송산로 809",
            "세대수":50,
            "입주년차":0,
            "용적률점수":"--",
            "건폐율점수":"--",
            "세대당주차수":0,
            "난방방식":30,
            "공급면적":"--",
            "전용률":"--",
            "욕실수":50,
            "현관타입":100,
            "주거총점":35.5,
            "지역구공급총점":0.0,
            "역세권":"NA",
            "30분내 이동가능 거점":"NA",
            "1시간내 이동가능 거점":"NA",
            "교통총점":"NA",
            "백화점":0,
            "아울렛몰":0,
            "대형마트":80,
            "은행":0,
            "병원":0,
            "종합병원":0,
            "공원":100,
            "혐오시설":0,
            "인프라총점":15.0,
            "초등학군":90.0,
            "중학군":39.54,
            "학군총점":49.632,
            "인구수":17.12,
            "인구증감":5.56,
            "인구총점":13.652,
            "일자리":13.55,
            "소득수준":64.99,
            "일자리총점":28.982,
            "가치 총점":30.833,
            "매매실거래년":20220223.0,
            "매매실거래가":6000.0,
            "전세실거래년":20211206.0,
            "전세실거래가":6000.0,
            "전세가율":100.0,
            "장기전세가율평균":71.76,
            "전세가율거품지수":-28.24,
            "검색코드":22206,
            "세대수":402.0,
            "준공년월":"1997-03-21",
            "준공년차":26.0,
            "가까운역이름":"NA",
            "가까운역거리":"NA",
            "역세권여부":"NA",
            "30분이내주요거점역":"NA",
            "30분거점역이름":"NA",
            "1시간이내주요거점역":"NA",
            "1시간거점역이름":"NA",
            "3km이내백화점수":0,
            "5km이내아울렛몰수":0,
            "1km이내대형먀트수":1,
            "500m이내은행수":0,
            "500m이내병원수":0,
            "5km이내대형병원수":0,
            "500m이내공원수":18,
            "3km이내혐오시설수":0,
            "초등학교학업성취도":90.0,
            "중학교학업성취도":65.9,
            "용적률":246,
            "건폐율":37,
            "Y":36.959789,
            "X":126.69547,
            "rank":42.0,
            "area_info":"25평(82.86)",
            "last_sales":"2022-02-23,6000.0,25평(82.86)",
            "rank_history":[
                [
                    "202203",
                    42
                ],
                [
                    "202202",
                    40
                ],
                [
                    "202201",
                    47
                ]
            ],
            "rank_gap":-2
        },
        {
            "index":105,
            "아파트명":"현대그린",
            "투자타입":"일반",
            "전용면적(m2)":"58.43",
            "전용면적(평)":"17평",
            "법정동주소":"충청남도 당진시 시곡동 120-9",
            "도로명주소":"충청남도 당진시 서해로 6258-8",
            "세대수":50,
            "입주년차":0,
            "용적률점수":"--",
            "건폐율점수":"--",
            "세대당주차수":0,
            "난방방식":30,
            "공급면적":"--",
            "전용률":"--",
            "욕실수":50,
            "현관타입":100,
            "주거총점":35.5,
            "지역구공급총점":0.0,
            "역세권":"NA",
            "30분내 이동가능 거점":"NA",
            "1시간내 이동가능 거점":"NA",
            "교통총점":"NA",
            "백화점":0,
            "아울렛몰":0,
            "대형마트":0,
            "은행":0,
            "병원":0,
            "종합병원":80,
            "공원":0,
            "혐오시설":0,
            "인프라총점":16.0,
            "초등학군":89.99,
            "중학군":35.52,
            "학군총점":46.414,
            "인구수":17.12,
            "인구증감":5.56,
            "인구총점":13.652,
            "일자리":13.55,
            "소득수준":64.99,
            "일자리총점":28.982,
            "가치 총점":30.4285,
            "매매실거래년":20220213.0,
            "매매실거래가":11000.0,
            "전세실거래년":20220214.0,
            "전세실거래가":7000.0,
            "전세가율":109.38,
            "장기전세가율평균":71.76,
            "전세가율거품지수":-37.62,
            "검색코드":6886,
            "세대수":575.0,
            "준공년월":"1996-12-06",
            "준공년차":27.0,
            "가까운역이름":"NA",
            "가까운역거리":"NA",
            "역세권여부":"NA",
            "30분이내주요거점역":"NA",
            "30분거점역이름":"NA",
            "1시간이내주요거점역":"NA",
            "1시간거점역이름":"NA",
            "3km이내백화점수":0,
            "5km이내아울렛몰수":0,
            "1km이내대형먀트수":0,
            "500m이내은행수":0,
            "500m이내병원수":0,
            "5km이내대형병원수":1,
            "500m이내공원수":0,
            "3km이내혐오시설수":0,
            "초등학교학업성취도":89.99,
            "중학교학업성취도":59.2,
            "용적률":185,
            "건폐율":19,
            "Y":36.901561,
            "X":126.680956,
            "rank":43.0,
            "area_info":"17평(58.43), 23평(78.83), 33평(110.74)",
            "last_sales":"2022-02-13,11000.0,23평(78.83)",
            "rank_history":[
                [
                    "202203",
                    43
                ],
                [
                    "202202",
                    41
                ],
                [
                    "202201",
                    41
                ]
            ],
            "rank_gap":-2
        },
        {
            "index":295,
            "아파트명":"홍인(아이리스)",
            "투자타입":"일반",
            "전용면적(m2)":"98.01",
            "전용면적(평)":"29평",
            "법정동주소":"충청남도 당진시 합덕읍 운산리 926-1",
            "도로명주소":"충청남도 당진시 운산로 116",
            "세대수":0,
            "입주년차":40,
            "용적률점수":"--",
            "건폐율점수":"--",
            "세대당주차수":30,
            "난방방식":30,
            "공급면적":"--",
            "전용률":"--",
            "욕실수":100,
            "현관타입":100,
            "주거총점":35.5,
            "지역구공급총점":0.0,
            "역세권":"NA",
            "30분내 이동가능 거점":"NA",
            "1시간내 이동가능 거점":"NA",
            "교통총점":"NA",
            "백화점":0,
            "아울렛몰":0,
            "대형마트":100,
            "은행":0,
            "병원":0,
            "종합병원":0,
            "공원":100,
            "혐오시설":0,
            "인프라총점":18.0,
            "초등학군":90.04,
            "중학군":31.5,
            "학군총점":43.208,
            "인구수":17.12,
            "인구증감":5.56,
            "인구총점":13.652,
            "일자리":13.55,
            "소득수준":64.99,
            "일자리총점":28.982,
            "가치 총점":30.427,
            "매매실거래년":20220119.0,
            "매매실거래가":16000.0,
            "전세실거래년":20210625.0,
            "전세실거래가":8500.0,
            "전세가율":60.71,
            "장기전세가율평균":71.76,
            "전세가율거품지수":11.05,
            "검색코드":23005,
            "세대수":177.0,
            "준공년월":"2004-10-08",
            "준공년차":19.0,
            "가까운역이름":"NA",
            "가까운역거리":"NA",
            "역세권여부":"NA",
            "30분이내주요거점역":"NA",
            "30분거점역이름":"NA",
            "1시간이내주요거점역":"NA",
            "1시간거점역이름":"NA",
            "3km이내백화점수":0,
            "5km이내아울렛몰수":0,
            "1km이내대형먀트수":3,
            "500m이내은행수":0,
            "500m이내병원수":1,
            "5km이내대형병원수":0,
            "500m이내공원수":6,
            "3km이내혐오시설수":0,
            "초등학교학업성취도":90.04,
            "중학교학업성취도":52.5,
            "용적률":236,
            "건폐율":22,
            "Y":36.805912,
            "X":126.768707,
            "rank":44.0,
            "area_info":"29평(98.01), 30평(100.66), 32평(106.57), 44평(148.16)",
            "last_sales":"2022-01-19,16000.0,32평(106.57)",
            "rank_history":[
                [
                    "202203",
                    44
                ],
                [
                    "202202",
                    42
                ],
                [
                    "202201",
                    42
                ]
            ],
            "rank_gap":-2
        },
        {
            "index":240,
            "아파트명":"세원목화",
            "투자타입":"일반",
            "전용면적(m2)":"72.7",
            "전용면적(평)":"21평",
            "법정동주소":"충청남도 당진시 읍내동 310-10",
            "도로명주소":"충청남도 당진시 계성3길 56-16",
            "세대수":0,
            "입주년차":0,
            "용적률점수":"--",
            "건폐율점수":"--",
            "세대당주차수":0,
            "난방방식":30,
            "공급면적":"--",
            "전용률":"--",
            "욕실수":50,
            "현관타입":10,
            "주거총점":9.0,
            "지역구공급총점":0.0,
            "역세권":"NA",
            "30분내 이동가능 거점":"NA",
            "1시간내 이동가능 거점":"NA",
            "교통총점":"NA",
            "백화점":0,
            "아울렛몰":0,
            "대형마트":80,
            "은행":0,
            "병원":60,
            "종합병원":80,
            "공원":100,
            "혐오시설":0,
            "인프라총점":37.0,
            "초등학군":90.0,
            "중학군":38.26,
            "학군총점":48.608,
            "인구수":17.12,
            "인구증감":5.56,
            "인구총점":13.652,
            "일자리":13.55,
            "소득수준":64.99,
            "일자리총점":28.982,
            "가치 총점":30.102,
            "매매실거래년":20211120.0,
            "매매실거래가":12400.0,
            "전세실거래년":20200428.0,
            "전세실거래가":10000.0,
            "전세가율":80.65,
            "장기전세가율평균":71.76,
            "전세가율거품지수":-8.89,
            "검색코드":6870,
            "세대수":196.0,
            "준공년월":"1995-07-03",
            "준공년차":28.0,
            "가까운역이름":"NA",
            "가까운역거리":"NA",
            "역세권여부":"NA",
            "30분이내주요거점역":"NA",
            "30분거점역이름":"NA",
            "1시간이내주요거점역":"NA",
            "1시간거점역이름":"NA",
            "3km이내백화점수":0,
            "5km이내아울렛몰수":0,
            "1km이내대형먀트수":1,
            "500m이내은행수":1,
            "500m이내병원수":21,
            "5km이내대형병원수":1,
            "500m이내공원수":4,
            "3km이내혐오시설수":0,
            "초등학교학업성취도":90.0,
            "중학교학업성취도":63.1,
            "용적률":334,
            "건폐율":39,
            "Y":36.90018,
            "X":126.63394,
            "rank":45.0,
            "area_info":"21평(72.7), 25평(82.87), 29평(96.3)",
            "last_sales":"2021-11-20,12400.0,21평(72.7)",
            "rank_history":[
                [
                    "202203",
                    45
                ],
                [
                    "202202",
                    43
                ],
                [
                    "202201",
                    48
                ]
            ],
            "rank_gap":-2
        },
        {
            "index":36,
            "아파트명":"HB한빛",
            "투자타입":"일반",
            "전용면적(m2)":"73.58",
            "전용면적(평)":"22평",
            "법정동주소":"충청남도 당진시 송악읍 반촌리 985",
            "도로명주소":"충청남도 당진시 반촌로 125",
            "세대수":0,
            "입주년차":40,
            "용적률점수":"--",
            "건폐율점수":"--",
            "세대당주차수":0,
            "난방방식":30,
            "공급면적":"--",
            "전용률":"--",
            "욕실수":50,
            "현관타입":100,
            "주거총점":26.0,
            "지역구공급총점":0.0,
            "역세권":"NA",
            "30분내 이동가능 거점":"NA",
            "1시간내 이동가능 거점":"NA",
            "교통총점":"NA",
            "백화점":0,
            "아울렛몰":0,
            "대형마트":0,
            "은행":0,
            "병원":30,
            "종합병원":80,
            "공원":100,
            "혐오시설":0,
            "인프라총점":22.0,
            "초등학군":89.99,
            "중학군":35.52,
            "학군총점":46.414,
            "인구수":17.12,
            "인구증감":5.56,
            "인구총점":13.652,
            "일자리":13.55,
            "소득수준":64.99,
            "일자리총점":28.982,
            "가치 총점":29.5035,
            "매매실거래년":20211121.0,
            "매매실거래가":17500.0,
            "전세실거래년":20130204.0,
            "전세실거래가":6000.0,
            "전세가율":37.04,
            "장기전세가율평균":71.76,
            "전세가율거품지수":34.72,
            "검색코드":26313,
            "세대수":244.0,
            "준공년월":"2007-12-01",
            "준공년차":16.0,
            "가까운역이름":"NA",
            "가까운역거리":"NA",
            "역세권여부":"NA",
            "30분이내주요거점역":"NA",
            "30분거점역이름":"NA",
            "1시간이내주요거점역":"NA",
            "1시간거점역이름":"NA",
            "3km이내백화점수":0,
            "5km이내아울렛몰수":0,
            "1km이내대형먀트수":0,
            "500m이내은행수":0,
            "500m이내병원수":8,
            "5km이내대형병원수":1,
            "500m이내공원수":8,
            "3km이내혐오시설수":0,
            "초등학교학업성취도":89.99,
            "중학교학업성취도":59.2,
            "용적률":0,
            "건폐율":0,
            "Y":36.905079,
            "X":126.697729,
            "rank":46.0,
            "area_info":"22평(73.58), 24평(80.89), 34평(114.56), 34평(114.46), 35평(118.02), 36평(119.8), 36평(120.76)",
            "last_sales":"2021-11-21,17500.0,36평(120.76)",
            "rank_history":[
                [
                    "202203",
                    46
                ],
                [
                    "202202",
                    44
                ],
                [
                    "202201",
                    32
                ]
            ],
            "rank_gap":-2
        },
        {
            "index":24,
            "아파트명":"당진송산청광",
            "투자타입":"일반",
            "전용면적(m2)":"64.3",
            "전용면적(평)":"19평",
            "법정동주소":"충청남도 당진시 송산면 유곡리 1467",
            "도로명주소":"충청남도 당진시 송산로 864-10",
            "세대수":0,
            "입주년차":80,
            "용적률점수":"--",
            "건폐율점수":"--",
            "세대당주차수":0,
            "난방방식":30,
            "공급면적":"--",
            "전용률":"--",
            "욕실수":50,
            "현관타입":100,
            "주거총점":34.0,
            "지역구공급총점":0.0,
            "역세권":"NA",
            "30분내 이동가능 거점":"NA",
            "1시간내 이동가능 거점":"NA",
            "교통총점":"NA",
            "백화점":0,
            "아울렛몰":0,
            "대형마트":80,
            "은행":0,
            "병원":0,
            "종합병원":0,
            "공원":0,
            "혐오시설":0,
            "인프라총점":12.0,
            "초등학군":90.0,
            "중학군":39.54,
            "학군총점":49.632,
            "인구수":17.12,
            "인구증감":5.56,
            "인구총점":13.652,
            "일자리":13.55,
            "소득수준":64.99,
            "일자리총점":28.982,
            "가치 총점":29.108,
            "매매실거래년":20220126.0,
            "매매실거래가":9000.0,
            "전세실거래년":20220211.0,
            "전세실거래가":7500.0,
            "전세가율":93.75,
            "장기전세가율평균":71.76,
            "전세가율거품지수":-21.99,
            "검색코드":111196,
            "세대수":299.0,
            "준공년월":"2016-08-01",
            "준공년차":7.0,
            "가까운역이름":"NA",
            "가까운역거리":"NA",
            "역세권여부":"NA",
            "30분이내주요거점역":"NA",
            "30분거점역이름":"NA",
            "1시간이내주요거점역":"NA",
            "1시간거점역이름":"NA",
            "3km이내백화점수":0,
            "5km이내아울렛몰수":0,
            "1km이내대형먀트수":1,
            "500m이내은행수":0,
            "500m이내병원수":0,
            "5km이내대형병원수":0,
            "500m이내공원수":0,
            "3km이내혐오시설수":0,
            "초등학교학업성취도":90.0,
            "중학교학업성취도":65.9,
            "용적률":146,
            "건폐율":18,
            "Y":36.961802,
            "X":126.699947,
            "rank":47.0,
            "area_info":"19평(64.3), 23평(78.41)",
            "last_sales":"2022-01-26,9000.0,23평(78.41)",
            "rank_history":[
                [
                    "202203",
                    47
                ],
                [
                    "202202",
                    45
                ],
                [
                    "202201",
                    54
                ]
            ],
            "rank_gap":-2
        },
        {
            "index":177,
            "아파트명":"장미",
            "투자타입":"일반",
            "전용면적(m2)":"106.55",
            "전용면적(평)":"32평",
            "법정동주소":"충청남도 당진시 우강면 창리 339-3",
            "도로명주소":"충청남도 당진시 면천로 1748-12",
            "세대수":0,
            "입주년차":0,
            "용적률점수":"--",
            "건폐율점수":"--",
            "세대당주차수":0,
            "난방방식":30,
            "공급면적":"--",
            "전용률":"--",
            "욕실수":100,
            "현관타입":100,
            "주거총점":23.0,
            "지역구공급총점":0.0,
            "역세권":"NA",
            "30분내 이동가능 거점":"NA",
            "1시간내 이동가능 거점":"NA",
            "교통총점":"NA",
            "백화점":0,
            "아울렛몰":0,
            "대형마트":100,
            "은행":0,
            "병원":60,
            "종합병원":0,
            "공원":100,
            "혐오시설":0,
            "인프라총점":24.0,
            "초등학군":90.04,
            "중학군":31.5,
            "학군총점":43.208,
            "인구수":17.12,
            "인구증감":5.56,
            "인구총점":13.652,
            "일자리":13.55,
            "소득수준":64.99,
            "일자리총점":28.982,
            "가치 총점":28.452,
            "매매실거래년":20210720.0,
            "매매실거래가":5700.0,
            "전세실거래년":null,
            "전세실거래가":null,
            "전세가율":null,
            "장기전세가율평균":71.76,
            "전세가율거품지수":null,
            "검색코드":108861,
            "세대수":130.0,
            "준공년월":"1993-04-06",
            "준공년차":30.0,
            "가까운역이름":"NA",
            "가까운역거리":"NA",
            "역세권여부":"NA",
            "30분이내주요거점역":"NA",
            "30분거점역이름":"NA",
            "1시간이내주요거점역":"NA",
            "1시간거점역이름":"NA",
            "3km이내백화점수":0,
            "5km이내아울렛몰수":0,
            "1km이내대형먀트수":3,
            "500m이내은행수":1,
            "500m이내병원수":15,
            "5km이내대형병원수":0,
            "500m이내공원수":6,
            "3km이내혐오시설수":0,
            "초등학교학업성취도":90.04,
            "중학교학업성취도":52.5,
            "용적률":0,
            "건폐율":0,
            "Y":36.810076,
            "X":126.77848,
            "rank":48.0,
            "area_info":"32평(106.55), 34평(115.0), 35평(116.31)",
            "last_sales":"2021-07-20,5700.0,35평(116.31)",
            "rank_history":[
                [
                    "202203",
                    48
                ],
                [
                    "202202",
                    46
                ],
                [
                    "202201",
                    44
                ]
            ],
            "rank_gap":-2
        },
        {
            "index":59,
            "아파트명":"동진",
            "투자타입":"일반",
            "전용면적(m2)":"54.71",
            "전용면적(평)":"16평",
            "법정동주소":"충청남도 당진시 송악읍 반촌리 374-3",
            "도로명주소":"충청남도 당진시 반촌로 267",
            "세대수":30,
            "입주년차":0,
            "용적률점수":"--",
            "건폐율점수":"--",
            "세대당주차수":0,
            "난방방식":30,
            "공급면적":"--",
            "전용률":"--",
            "욕실수":50,
            "현관타입":100,
            "주거총점":28.5,
            "지역구공급총점":0.0,
            "역세권":"NA",
            "30분내 이동가능 거점":"NA",
            "1시간내 이동가능 거점":"NA",
            "교통총점":"NA",
            "백화점":0,
            "아울렛몰":0,
            "대형마트":0,
            "은행":0,
            "병원":0,
            "종합병원":80,
            "공원":0,
            "혐오시설":0,
            "인프라총점":16.0,
            "초등학군":89.99,
            "중학군":35.52,
            "학군총점":46.414,
            "인구수":17.12,
            "인구증감":5.56,
            "인구총점":13.652,
            "일자리":13.55,
            "소득수준":64.99,
            "일자리총점":28.982,
            "가치 총점":27.9785,
            "매매실거래년":20220222.0,
            "매매실거래가":5000.0,
            "전세실거래년":20210719.0,
            "전세실거래가":4000.0,
            "전세가율":80.0,
            "장기전세가율평균":71.76,
            "전세가율거품지수":-8.24,
            "검색코드":22227,
            "세대수":345.0,
            "준공년월":"1995-11-01",
            "준공년차":28.0,
            "가까운역이름":"NA",
            "가까운역거리":"NA",
            "역세권여부":"NA",
            "30분이내주요거점역":"NA",
            "30분거점역이름":"NA",
            "1시간이내주요거점역":"NA",
            "1시간거점역이름":"NA",
            "3km이내백화점수":0,
            "5km이내아울렛몰수":0,
            "1km이내대형먀트수":0,
            "500m이내은행수":0,
            "500m이내병원수":0,
            "5km이내대형병원수":1,
            "500m이내공원수":0,
            "3km이내혐오시설수":0,
            "초등학교학업성취도":89.99,
            "중학교학업성취도":59.2,
            "용적률":0,
            "건폐율":0,
            "Y":36.89779,
            "X":126.70715,
            "rank":49.0,
            "area_info":"16평(54.71)",
            "last_sales":"2022-02-22,5000.0,16평(54.71)",
            "rank_history":[
                [
                    "202203",
                    49
                ],
                [
                    "202202",
                    47
                ],
                [
                    "202201",
                    35
                ]
            ],
            "rank_gap":-2
        },
        {
            "index":43,
            "아파트명":"공간그린하이츠",
            "투자타입":"일반",
            "전용면적(m2)":"65.96",
            "전용면적(평)":"19평",
            "법정동주소":"충청남도 당진시 송악읍 기지시리 355",
            "도로명주소":"충청남도 당진시 틀모시로 821-84",
            "세대수":0,
            "입주년차":0,
            "용적률점수":"--",
            "건폐율점수":"--",
            "세대당주차수":0,
            "난방방식":30,
            "공급면적":"--",
            "전용률":"--",
            "욕실수":100,
            "현관타입":100,
            "주거총점":23.0,
            "지역구공급총점":0.0,
            "역세권":"NA",
            "30분내 이동가능 거점":"NA",
            "1시간내 이동가능 거점":"NA",
            "교통총점":"NA",
            "백화점":0,
            "아울렛몰":0,
            "대형마트":0,
            "은행":0,
            "병원":10,
            "종합병원":80,
            "공원":100,
            "혐오시설":0,
            "인프라총점":20.0,
            "초등학군":89.99,
            "중학군":35.52,
            "학군총점":46.414,
            "인구수":17.12,
            "인구증감":5.56,
            "인구총점":13.652,
            "일자리":13.55,
            "소득수준":64.99,
            "일자리총점":28.982,
            "가치 총점":27.6535,
            "매매실거래년":"18000101",
            "매매실거래가":null,
            "전세실거래년":null,
            "전세실거래가":null,
            "전세가율":null,
            "장기전세가율평균":71.76,
            "전세가율거품지수":null,
            "검색코드":100728,
            "세대수":96.0,
            "준공년월":"1995-09-01",
            "준공년차":28.0,
            "가까운역이름":"NA",
            "가까운역거리":"NA",
            "역세권여부":"NA",
            "30분이내주요거점역":"NA",
            "30분거점역이름":"NA",
            "1시간이내주요거점역":"NA",
            "1시간거점역이름":"NA",
            "3km이내백화점수":0,
            "5km이내아울렛몰수":0,
            "1km이내대형먀트수":0,
            "500m이내은행수":0,
            "500m이내병원수":4,
            "5km이내대형병원수":1,
            "500m이내공원수":2,
            "3km이내혐오시설수":0,
            "초등학교학업성취도":89.99,
            "중학교학업성취도":59.2,
            "용적률":0,
            "건폐율":0,
            "Y":36.906099,
            "X":126.68798,
            "rank":50.0,
            "area_info":"19평(65.96)",
            "last_sales":"1800-01-01,nan,19평(65.96)",
            "rank_history":[
                [
                    "202203",
                    50
                ],
                [
                    "202202",
                    9999
                ]
            ],
            "rank_gap":9999
        },
        {
            "index":128,
            "아파트명":"당진대희지센트",
            "투자타입":"일반",
            "전용면적(m2)":"116.41",
            "전용면적(평)":"35평",
            "법정동주소":"충청남도 당진시 신평면 거산리 178",
            "도로명주소":"충청남도 당진시 덕평로 1406-14",
            "세대수":0,
            "입주년차":60,
            "용적률점수":"--",
            "건폐율점수":"--",
            "세대당주차수":30,
            "난방방식":30,
            "공급면적":"--",
            "전용률":"--",
            "욕실수":100,
            "현관타입":100,
            "주거총점":39.5,
            "지역구공급총점":0.0,
            "역세권":"NA",
            "30분내 이동가능 거점":"NA",
            "1시간내 이동가능 거점":"NA",
            "교통총점":"NA",
            "백화점":0,
            "아울렛몰":0,
            "대형마트":0,
            "은행":0,
            "병원":30,
            "종합병원":0,
            "공원":0,
            "혐오시설":0,
            "인프라총점":3.0,
            "초등학군":89.99,
            "중학군":37.28,
            "학군총점":47.822,
            "인구수":17.12,
            "인구증감":5.56,
            "인구총점":13.652,
            "일자리":13.55,
            "소득수준":64.99,
            "일자리총점":28.982,
            "가치 총점":26.9805,
            "매매실거래년":20211222.0,
            "매매실거래가":15300.0,
            "전세실거래년":20210703.0,
            "전세실거래가":12000.0,
            "전세가율":78.43,
            "장기전세가율평균":71.76,
            "전세가율거품지수":-6.67,
            "검색코드":103244,
            "세대수":129.0,
            "준공년월":"2010-05-07",
            "준공년차":13.0,
            "가까운역이름":"NA",
            "가까운역거리":"NA",
            "역세권여부":"NA",
            "30분이내주요거점역":"NA",
            "30분거점역이름":"NA",
            "1시간이내주요거점역":"NA",
            "1시간거점역이름":"NA",
            "3km이내백화점수":0,
            "5km이내아울렛몰수":0,
            "1km이내대형먀트수":0,
            "500m이내은행수":0,
            "500m이내병원수":7,
            "5km이내대형병원수":0,
            "500m이내공원수":0,
            "3km이내혐오시설수":0,
            "초등학교학업성취도":89.99,
            "중학교학업성취도":61.8,
            "용적률":248,
            "건폐율":27,
            "Y":36.880371,
            "X":126.751427,
            "rank":51.0,
            "area_info":"35평(116.41)",
            "last_sales":"2021-12-22,15300.0,35평(116.41)",
            "rank_history":[
                [
                    "202203",
                    51
                ],
                [
                    "202202",
                    48
                ],
                [
                    "202201",
                    45
                ]
            ],
            "rank_gap":-3
        },
        {
            "index":172,
            "아파트명":"우강합덕신천(신천무궁화)",
            "투자타입":"일반",
            "전용면적(m2)":"81.39",
            "전용면적(평)":"24평",
            "법정동주소":"충청남도 당진시 우강면 창리 346-12",
            "도로명주소":"충청남도 당진시 합덕교동2길 24-20",
            "세대수":0,
            "입주년차":0,
            "용적률점수":"--",
            "건폐율점수":"--",
            "세대당주차수":0,
            "난방방식":30,
            "공급면적":"--",
            "전용률":"--",
            "욕실수":50,
            "현관타입":100,
            "주거총점":18.0,
            "지역구공급총점":0.0,
            "역세권":"NA",
            "30분내 이동가능 거점":"NA",
            "1시간내 이동가능 거점":"NA",
            "교통총점":"NA",
            "백화점":0,
            "아울렛몰":0,
            "대형마트":100,
            "은행":0,
            "병원":60,
            "종합병원":0,
            "공원":100,
            "혐오시설":0,
            "인프라총점":24.0,
            "초등학군":90.04,
            "중학군":31.5,
            "학군총점":43.208,
            "인구수":17.12,
            "인구증감":5.56,
            "인구총점":13.652,
            "일자리":13.55,
            "소득수준":64.99,
            "일자리총점":28.982,
            "가치 총점":26.702,
            "매매실거래년":20210522.0,
            "매매실거래가":12300.0,
            "전세실거래년":20140204.0,
            "전세실거래가":3000.0,
            "전세가율":40.54,
            "장기전세가율평균":71.76,
            "전세가율거품지수":31.22,
            "검색코드":109571,
            "세대수":74.0,
            "준공년월":"1994-02-01",
            "준공년차":29.0,
            "가까운역이름":"NA",
            "가까운역거리":"NA",
            "역세권여부":"NA",
            "30분이내주요거점역":"NA",
            "30분거점역이름":"NA",
            "1시간이내주요거점역":"NA",
            "1시간거점역이름":"NA",
            "3km이내백화점수":0,
            "5km이내아울렛몰수":0,
            "1km이내대형먀트수":3,
            "500m이내은행수":1,
            "500m이내병원수":15,
            "5km이내대형병원수":0,
            "500m이내공원수":6,
            "3km이내혐오시설수":0,
            "초등학교학업성취도":90.04,
            "중학교학업성취도":52.5,
            "용적률":233,
            "건폐율":19,
            "Y":36.808434,
            "X":126.779167,
            "rank":52.0,
            "area_info":"24평(81.39), 31평(104.34), 31평(104.48), 33평(109.54), 38평(128.69)",
            "last_sales":"2021-05-22,12300.0,38평(128.69)",
            "rank_history":[
                [
                    "202203",
                    52
                ],
                [
                    "202202",
                    9999
                ]
            ],
            "rank_gap":9999
        },
        {
            "index":108,
            "아파트명":"건양오페라하우스",
            "투자타입":"일반",
            "전용면적(m2)":"109.09",
            "전용면적(평)":"32평",
            "법정동주소":"충청남도 당진시 신평면 거산리 214-1",
            "도로명주소":"충청남도 당진시 중말길 10",
            "세대수":0,
            "입주년차":40,
            "용적률점수":"--",
            "건폐율점수":"--",
            "세대당주차수":30,
            "난방방식":30,
            "공급면적":"--",
            "전용률":"--",
            "욕실수":100,
            "현관타입":100,
            "주거총점":35.5,
            "지역구공급총점":0.0,
            "역세권":"NA",
            "30분내 이동가능 거점":"NA",
            "1시간내 이동가능 거점":"NA",
            "교통총점":"NA",
            "백화점":0,
            "아울렛몰":0,
            "대형마트":0,
            "은행":0,
            "병원":30,
            "종합병원":0,
            "공원":0,
            "혐오시설":0,
            "인프라총점":3.0,
            "초등학군":89.99,
            "중학군":37.28,
            "학군총점":47.822,
            "인구수":17.12,
            "인구증감":5.56,
            "인구총점":13.652,
            "일자리":13.55,
            "소득수준":64.99,
            "일자리총점":28.982,
            "가치 총점":25.5805,
            "매매실거래년":20211109.0,
            "매매실거래가":15000.0,
            "전세실거래년":20210225.0,
            "전세실거래가":6000.0,
            "전세가율":40.0,
            "장기전세가율평균":71.76,
            "전세가율거품지수":31.76,
            "검색코드":103245,
            "세대수":81.0,
            "준공년월":"2006-09-26",
            "준공년차":17.0,
            "가까운역이름":"NA",
            "가까운역거리":"NA",
            "역세권여부":"NA",
            "30분이내주요거점역":"NA",
            "30분거점역이름":"NA",
            "1시간이내주요거점역":"NA",
            "1시간거점역이름":"NA",
            "3km이내백화점수":0,
            "5km이내아울렛몰수":0,
            "1km이내대형먀트수":0,
            "500m이내은행수":0,
            "500m이내병원수":7,
            "5km이내대형병원수":0,
            "500m이내공원수":0,
            "3km이내혐오시설수":0,
            "초등학교학업성취도":89.99,
            "중학교학업성취도":61.8,
            "용적률":246,
            "건폐율":23,
            "Y":36.880974,
            "X":126.751305,
            "rank":53.0,
            "area_info":"32평(109.09)",
            "last_sales":"2021-11-09,15000.0,32평(109.09)",
            "rank_history":[
                [
                    "202203",
                    53
                ],
                [
                    "202202",
                    9999
                ]
            ],
            "rank_gap":9999
        },
        {
            "index":66,
            "아파트명":"송악",
            "투자타입":"일반",
            "전용면적(m2)":"48.33",
            "전용면적(평)":"14평",
            "법정동주소":"충청남도 당진시 송악읍 기지시리 51",
            "도로명주소":"충청남도 당진시 틀모시로 709",
            "세대수":0,
            "입주년차":0,
            "용적률점수":"--",
            "건폐율점수":"--",
            "세대당주차수":0,
            "난방방식":30,
            "공급면적":"--",
            "전용률":"--",
            "욕실수":50,
            "현관타입":100,
            "주거총점":18.0,
            "지역구공급총점":0.0,
            "역세권":"NA",
            "30분내 이동가능 거점":"NA",
            "1시간내 이동가능 거점":"NA",
            "교통총점":"NA",
            "백화점":0,
            "아울렛몰":0,
            "대형마트":0,
            "은행":0,
            "병원":0,
            "종합병원":80,
            "공원":100,
            "혐오시설":0,
            "인프라총점":19.0,
            "초등학군":89.99,
            "중학군":35.52,
            "학군총점":46.414,
            "인구수":17.12,
            "인구증감":5.56,
            "인구총점":13.652,
            "일자리":13.55,
            "소득수준":64.99,
            "일자리총점":28.982,
            "가치 총점":25.5035,
            "매매실거래년":20210607.0,
            "매매실거래가":4500.0,
            "전세실거래년":20201112.0,
            "전세실거래가":2000.0,
            "전세가율":44.44,
            "장기전세가율평균":71.76,
            "전세가율거품지수":27.32,
            "검색코드":24232,
            "세대수":202.0,
            "준공년월":"1996-06-29",
            "준공년차":27.0,
            "가까운역이름":"NA",
            "가까운역거리":"NA",
            "역세권여부":"NA",
            "30분이내주요거점역":"NA",
            "30분거점역이름":"NA",
            "1시간이내주요거점역":"NA",
            "1시간거점역이름":"NA",
            "3km이내백화점수":0,
            "5km이내아울렛몰수":0,
            "1km이내대형먀트수":0,
            "500m이내은행수":0,
            "500m이내병원수":1,
            "5km이내대형병원수":1,
            "500m이내공원수":6,
            "3km이내혐오시설수":0,
            "초등학교학업성취도":89.99,
            "중학교학업성취도":59.2,
            "용적률":0,
            "건폐율":0,
            "Y":36.897384,
            "X":126.694412,
            "rank":54.0,
            "area_info":"14평(48.33)",
            "last_sales":"2021-06-07,4500.0,14평(48.33)",
            "rank_history":[
                [
                    "202203",
                    54
                ],
                [
                    "202202",
                    49
                ],
                [
                    "202201",
                    43
                ]
            ],
            "rank_gap":-5
        },
        {
            "index":30,
            "아파트명":"세안",
            "투자타입":"일반",
            "전용면적(m2)":"56.36",
            "전용면적(평)":"17평",
            "법정동주소":"충청남도 당진시 송산면 매곡리 330",
            "도로명주소":"충청남도 당진시 당산1로 563",
            "세대수":0,
            "입주년차":0,
            "용적률점수":"--",
            "건폐율점수":"--",
            "세대당주차수":0,
            "난방방식":30,
            "공급면적":"--",
            "전용률":"--",
            "욕실수":50,
            "현관타입":100,
            "주거총점":18.0,
            "지역구공급총점":0.0,
            "역세권":"NA",
            "30분내 이동가능 거점":"NA",
            "1시간내 이동가능 거점":"NA",
            "교통총점":"NA",
            "백화점":0,
            "아울렛몰":0,
            "대형마트":0,
            "은행":0,
            "병원":0,
            "종합병원":80,
            "공원":0,
            "혐오시설":0,
            "인프라총점":16.0,
            "초등학군":90.03,
            "중학군":39.54,
            "학군총점":49.638,
            "인구수":17.12,
            "인구증감":5.56,
            "인구총점":13.652,
            "일자리":13.55,
            "소득수준":64.99,
            "일자리총점":28.982,
            "가치 총점":25.1095,
            "매매실거래년":20220223.0,
            "매매실거래가":4500.0,
            "전세실거래년":20220115.0,
            "전세실거래가":3500.0,
            "전세가율":77.78,
            "장기전세가율평균":71.76,
            "전세가율거품지수":-6.02,
            "검색코드":22228,
            "세대수":290.0,
            "준공년월":"1993-03-15",
            "준공년차":30.0,
            "가까운역이름":"NA",
            "가까운역거리":"NA",
            "역세권여부":"NA",
            "30분이내주요거점역":"NA",
            "30분거점역이름":"NA",
            "1시간이내주요거점역":"NA",
            "1시간거점역이름":"NA",
            "3km이내백화점수":0,
            "5km이내아울렛몰수":0,
            "1km이내대형먀트수":0,
            "500m이내은행수":0,
            "500m이내병원수":0,
            "5km이내대형병원수":1,
            "500m이내공원수":0,
            "3km이내혐오시설수":0,
            "초등학교학업성취도":90.03,
            "중학교학업성취도":65.9,
            "용적률":114,
            "건폐율":24,
            "Y":36.927963,
            "X":126.665606,
            "rank":55.0,
            "area_info":"17평(56.36)",
            "last_sales":"2022-02-23,4500.0,17평(56.36)",
            "rank_history":[
                [
                    "202203",
                    55
                ],
                [
                    "202202",
                    50
                ],
                [
                    "202201",
                    49
                ]
            ],
            "rank_gap":-5
        },
        {
            "index":15,
            "아파트명":"삼봉유림",
            "투자타입":"일반",
            "전용면적(m2)":"73.96",
            "전용면적(평)":"22평",
            "법정동주소":"충청남도 당진시 석문면 삼봉리 1156-1",
            "도로명주소":"충청남도 당진시 대호로 1523",
            "세대수":0,
            "입주년차":20,
            "용적률점수":"--",
            "건폐율점수":"--",
            "세대당주차수":0,
            "난방방식":30,
            "공급면적":"--",
            "전용률":"--",
            "욕실수":50,
            "현관타입":100,
            "주거총점":22.0,
            "지역구공급총점":0.0,
            "역세권":"NA",
            "30분내 이동가능 거점":"NA",
            "1시간내 이동가능 거점":"NA",
            "교통총점":"NA",
            "백화점":0,
            "아울렛몰":0,
            "대형마트":80,
            "은행":0,
            "병원":10,
            "종합병원":0,
            "공원":0,
            "혐오시설":0,
            "인프라총점":13.0,
            "초등학군":90.06,
            "중학군":38.46,
            "학군총점":48.78,
            "인구수":17.12,
            "인구증감":5.56,
            "인구총점":13.652,
            "일자리":13.55,
            "소득수준":64.99,
            "일자리총점":28.982,
            "가치 총점":25.095,
            "매매실거래년":20211215.0,
            "매매실거래가":9200.0,
            "전세실거래년":20210713.0,
            "전세실거래가":6000.0,
            "전세가율":null,
            "장기전세가율평균":71.76,
            "전세가율거품지수":null,
            "검색코드":14016,
            "세대수":203.0,
            "준공년월":"2000-01-27",
            "준공년차":23.0,
            "가까운역이름":"NA",
            "가까운역거리":"NA",
            "역세권여부":"NA",
            "30분이내주요거점역":"NA",
            "30분거점역이름":"NA",
            "1시간이내주요거점역":"NA",
            "1시간거점역이름":"NA",
            "3km이내백화점수":0,
            "5km이내아울렛몰수":0,
            "1km이내대형먀트수":1,
            "500m이내은행수":0,
            "500m이내병원수":2,
            "5km이내대형병원수":0,
            "500m이내공원수":0,
            "3km이내혐오시설수":0,
            "초등학교학업성취도":90.06,
            "중학교학업성취도":64.1,
            "용적률":326,
            "건폐율":27,
            "Y":37.010671,
            "X":126.532497,
            "rank":56.0,
            "area_info":"22평(73.96), 27평(90.05), 29평(98.83), 37평(122.93)",
            "last_sales":"2021-12-15,9200.0,37평(122.93)",
            "rank_history":[
                [
                    "202203",
                    56
                ],
                [
                    "202202",
                    51
                ],
                [
                    "202201",
                    51
                ]
            ],
            "rank_gap":-5
        },
        {
            "index":160,
            "아파트명":"신세대하이빌",
            "투자타입":"일반",
            "전용면적(m2)":"52.98",
            "전용면적(평)":"16평",
            "법정동주소":"충청남도 당진시 신평면 거산리 6-3",
            "도로명주소":"충청남도 당진시 거산3거리길 66",
            "세대수":50,
            "입주년차":20,
            "용적률점수":"--",
            "건폐율점수":"--",
            "세대당주차수":0,
            "난방방식":30,
            "공급면적":"--",
            "전용률":"--",
            "욕실수":50,
            "현관타입":10,
            "주거총점":30.5,
            "지역구공급총점":0.0,
            "역세권":"NA",
            "30분내 이동가능 거점":"NA",
            "1시간내 이동가능 거점":"NA",
            "교통총점":"NA",
            "백화점":0,
            "아울렛몰":0,
            "대형마트":0,
            "은행":0,
            "병원":30,
            "종합병원":0,
            "공원":100,
            "혐오시설":0,
            "인프라총점":6.0,
            "초등학군":89.99,
            "중학군":37.28,
            "학군총점":47.822,
            "인구수":17.12,
            "인구증감":5.56,
            "인구총점":13.652,
            "일자리":13.55,
            "소득수준":64.99,
            "일자리총점":28.982,
            "가치 총점":25.0305,
            "매매실거래년":20220217.0,
            "매매실거래가":6500.0,
            "전세실거래년":20220222.0,
            "전세실거래가":5500.0,
            "전세가율":84.62,
            "장기전세가율평균":71.76,
            "전세가율거품지수":-12.86,
            "검색코드":24028,
            "세대수":450.0,
            "준공년월":"2000-08-14",
            "준공년차":23.0,
            "가까운역이름":"NA",
            "가까운역거리":"NA",
            "역세권여부":"NA",
            "30분이내주요거점역":"NA",
            "30분거점역이름":"NA",
            "1시간이내주요거점역":"NA",
            "1시간거점역이름":"NA",
            "3km이내백화점수":0,
            "5km이내아울렛몰수":0,
            "1km이내대형먀트수":0,
            "500m이내은행수":0,
            "500m이내병원수":5,
            "5km이내대형병원수":0,
            "500m이내공원수":4,
            "3km이내혐오시설수":0,
            "초등학교학업성취도":89.99,
            "중학교학업성취도":61.8,
            "용적률":152,
            "건폐율":12,
            "Y":36.882403,
            "X":126.75698,
            "rank":57.0,
            "area_info":"16평(52.98), 24평(79.9)",
            "last_sales":"2022-02-17,6500.0,16평(52.98)",
            "rank_history":[
                [
                    "202203",
                    57
                ],
                [
                    "202202",
                    52
                ],
                [
                    "202201",
                    52
                ]
            ],
            "rank_gap":-5
        },
        {
            "index":285,
            "아파트명":"한중",
            "투자타입":"일반",
            "전용면적(m2)":"79.97",
            "전용면적(평)":"24평",
            "법정동주소":"충청남도 당진시 채운동 276-9",
            "도로명주소":"충청남도 당진시 서부로 271",
            "세대수":0,
            "입주년차":20,
            "용적률점수":"--",
            "건폐율점수":"--",
            "세대당주차수":0,
            "난방방식":30,
            "공급면적":"--",
            "전용률":"--",
            "욕실수":50,
            "현관타입":50,
            "주거총점":17.0,
            "지역구공급총점":0.0,
            "역세권":"NA",
            "30분내 이동가능 거점":"NA",
            "1시간내 이동가능 거점":"NA",
            "교통총점":"NA",
            "백화점":0,
            "아울렛몰":0,
            "대형마트":80,
            "은행":0,
            "병원":10,
            "종합병원":0,
            "공원":100,
            "혐오시설":0,
            "인프라총점":16.0,
            "초등학군":89.99,
            "중학군":39.66,
            "학군총점":49.726,
            "인구수":17.12,
            "인구증감":5.56,
            "인구총점":13.652,
            "일자리":13.55,
            "소득수준":64.99,
            "일자리총점":28.982,
            "가치 총점":24.7815,
            "매매실거래년":20220126.0,
            "매매실거래가":14800.0,
            "전세실거래년":null,
            "전세실거래가":null,
            "전세가율":null,
            "장기전세가율평균":71.76,
            "전세가율거품지수":null,
            "검색코드":102019,
            "세대수":129.0,
            "준공년월":"1999-06-07",
            "준공년차":24.0,
            "가까운역이름":"NA",
            "가까운역거리":"NA",
            "역세권여부":"NA",
            "30분이내주요거점역":"NA",
            "30분거점역이름":"NA",
            "1시간이내주요거점역":"NA",
            "1시간거점역이름":"NA",
            "3km이내백화점수":0,
            "5km이내아울렛몰수":0,
            "1km이내대형먀트수":1,
            "500m이내은행수":0,
            "500m이내병원수":4,
            "5km이내대형병원수":0,
            "500m이내공원수":12,
            "3km이내혐오시설수":0,
            "초등학교학업성취도":89.99,
            "중학교학업성취도":65.9,
            "용적률":0,
            "건폐율":0,
            "Y":36.895261,
            "X":126.622848,
            "rank":58.0,
            "area_info":"24평(79.97), 24평(80.01), 31평(103.67), 32평(106.71), 52평(172.43)",
            "last_sales":"2022-01-26,14800.0,52평(172.43)",
            "rank_history":[
                [
                    "202203",
                    58
                ],
                [
                    "202202",
                    53
                ],
                [
                    "202201",
                    50
                ]
            ],
            "rank_gap":-5
        },
        {
            "index":60,
            "아파트명":"반촌명지",
            "투자타입":"일반",
            "전용면적(m2)":"62.82",
            "전용면적(평)":"19평",
            "법정동주소":"충청남도 당진시 송악읍 반촌리 420-6",
            "도로명주소":"충청남도 당진시 반촌로 288-5",
            "세대수":0,
            "입주년차":0,
            "용적률점수":"--",
            "건폐율점수":"--",
            "세대당주차수":0,
            "난방방식":30,
            "공급면적":"--",
            "전용률":"--",
            "욕실수":50,
            "현관타입":100,
            "주거총점":18.0,
            "지역구공급총점":0.0,
            "역세권":"NA",
            "30분내 이동가능 거점":"NA",
            "1시간내 이동가능 거점":"NA",
            "교통총점":"NA",
            "백화점":0,
            "아울렛몰":0,
            "대형마트":0,
            "은행":0,
            "병원":0,
            "종합병원":80,
            "공원":0,
            "혐오시설":0,
            "인프라총점":16.0,
            "초등학군":89.99,
            "중학군":35.52,
            "학군총점":46.414,
            "인구수":17.12,
            "인구증감":5.56,
            "인구총점":13.652,
            "일자리":13.55,
            "소득수준":64.99,
            "일자리총점":28.982,
            "가치 총점":24.3035,
            "매매실거래년":20220207.0,
            "매매실거래가":4000.0,
            "전세실거래년":20210518.0,
            "전세실거래가":2000.0,
            "전세가율":50.0,
            "장기전세가율평균":71.76,
            "전세가율거품지수":21.76,
            "검색코드":22175,
            "세대수":299.0,
            "준공년월":"1994-04-10",
            "준공년차":29.0,
            "가까운역이름":"NA",
            "가까운역거리":"NA",
            "역세권여부":"NA",
            "30분이내주요거점역":"NA",
            "30분거점역이름":"NA",
            "1시간이내주요거점역":"NA",
            "1시간거점역이름":"NA",
            "3km이내백화점수":0,
            "5km이내아울렛몰수":0,
            "1km이내대형먀트수":0,
            "500m이내은행수":0,
            "500m이내병원수":0,
            "5km이내대형병원수":1,
            "500m이내공원수":0,
            "3km이내혐오시설수":0,
            "초등학교학업성취도":89.99,
            "중학교학업성취도":59.2,
            "용적률":0,
            "건폐율":0,
            "Y":36.89523,
            "X":126.70871,
            "rank":59.0,
            "area_info":"19평(62.82), 22평(76.01)",
            "last_sales":"2022-02-07,4000.0,19평(62.82)",
            "rank_history":[
                [
                    "202203",
                    59
                ],
                [
                    "202202",
                    54
                ],
                [
                    "202201",
                    53
                ]
            ],
            "rank_gap":-5
        },
        {
            "index":98,
            "아파트명":"세안근로자복지",
            "투자타입":"일반",
            "전용면적(m2)":"55.76",
            "전용면적(평)":"16평",
            "법정동주소":"충청남도 당진시 순성면 봉소리 205",
            "도로명주소":"충청남도 당진시 순성로 454",
            "세대수":0,
            "입주년차":0,
            "용적률점수":"--",
            "건폐율점수":"--",
            "세대당주차수":0,
            "난방방식":30,
            "공급면적":"--",
            "전용률":"--",
            "욕실수":50,
            "현관타입":100,
            "주거총점":18.0,
            "지역구공급총점":0.0,
            "역세권":"NA",
            "30분내 이동가능 거점":"NA",
            "1시간내 이동가능 거점":"NA",
            "교통총점":"NA",
            "백화점":0,
            "아울렛몰":0,
            "대형마트":80,
            "은행":0,
            "병원":0,
            "종합병원":0,
            "공원":100,
            "혐오시설":0,
            "인프라총점":15.0,
            "초등학군":90.01,
            "중학군":33.0,
            "학군총점":44.402,
            "인구수":17.12,
            "인구증감":5.56,
            "인구총점":13.652,
            "일자리":13.55,
            "소득수준":64.99,
            "일자리총점":28.982,
            "가치 총점":23.4005,
            "매매실거래년":20220216.0,
            "매매실거래가":4000.0,
            "전세실거래년":20210926.0,
            "전세실거래가":2300.0,
            "전세가율":57.5,
            "장기전세가율평균":71.76,
            "전세가율거품지수":14.26,
            "검색코드":101499,
            "세대수":270.0,
            "준공년월":"1994-12-17",
            "준공년차":29.0,
            "가까운역이름":"NA",
            "가까운역거리":"NA",
            "역세권여부":"NA",
            "30분이내주요거점역":"NA",
            "30분거점역이름":"NA",
            "1시간이내주요거점역":"NA",
            "1시간거점역이름":"NA",
            "3km이내백화점수":0,
            "5km이내아울렛몰수":0,
            "1km이내대형먀트수":1,
            "500m이내은행수":0,
            "500m이내병원수":1,
            "5km이내대형병원수":0,
            "500m이내공원수":2,
            "3km이내혐오시설수":0,
            "초등학교학업성취도":90.01,
            "중학교학업성취도":55.0,
            "용적률":0,
            "건폐율":0,
            "Y":36.841691,
            "X":126.709643,
            "rank":60.0,
            "area_info":"16평(55.76), 19평(65.76)",
            "last_sales":"2022-02-16,4000.0,16평(55.76)",
            "rank_history":[
                [
                    "202203",
                    60
                ],
                [
                    "202202",
                    55
                ],
                [
                    "202201",
                    60
                ]
            ],
            "rank_gap":-5
        },
        {
            "index":100,
            "아파트명":"순성중명",
            "투자타입":"일반",
            "전용면적(m2)":"56.41",
            "전용면적(평)":"17평",
            "법정동주소":"충청남도 당진시 순성면 봉소리 50-10",
            "도로명주소":"충청남도 당진시 순성로 453-30",
            "세대수":0,
            "입주년차":0,
            "용적률점수":"--",
            "건폐율점수":"--",
            "세대당주차수":0,
            "난방방식":30,
            "공급면적":"--",
            "전용률":"--",
            "욕실수":50,
            "현관타입":100,
            "주거총점":18.0,
            "지역구공급총점":0.0,
            "역세권":"NA",
            "30분내 이동가능 거점":"NA",
            "1시간내 이동가능 거점":"NA",
            "교통총점":"NA",
            "백화점":0,
            "아울렛몰":0,
            "대형마트":80,
            "은행":0,
            "병원":0,
            "종합병원":0,
            "공원":100,
            "혐오시설":0,
            "인프라총점":15.0,
            "초등학군":90.01,
            "중학군":33.0,
            "학군총점":44.402,
            "인구수":17.12,
            "인구증감":5.56,
            "인구총점":13.652,
            "일자리":13.55,
            "소득수준":64.99,
            "일자리총점":28.982,
            "가치 총점":23.4005,
            "매매실거래년":20220209.0,
            "매매실거래가":4100.0,
            "전세실거래년":20211117.0,
            "전세실거래가":2500.0,
            "전세가율":71.43,
            "장기전세가율평균":71.76,
            "전세가율거품지수":0.33,
            "검색코드":102730,
            "세대수":270.0,
            "준공년월":"1994-07-22",
            "준공년차":29.0,
            "가까운역이름":"NA",
            "가까운역거리":"NA",
            "역세권여부":"NA",
            "30분이내주요거점역":"NA",
            "30분거점역이름":"NA",
            "1시간이내주요거점역":"NA",
            "1시간거점역이름":"NA",
            "3km이내백화점수":0,
            "5km이내아울렛몰수":0,
            "1km이내대형먀트수":1,
            "500m이내은행수":0,
            "500m이내병원수":1,
            "5km이내대형병원수":0,
            "500m이내공원수":2,
            "3km이내혐오시설수":0,
            "초등학교학업성취도":90.01,
            "중학교학업성취도":55.0,
            "용적률":110,
            "건폐율":29,
            "Y":36.844464,
            "X":126.710325,
            "rank":60.0,
            "area_info":"17평(56.41), 19평(65.45)",
            "last_sales":"2022-02-09,4100.0,19평(65.45)",
            "rank_history":[
                [
                    "202203",
                    60
                ],
                [
                    "202202",
                    55
                ],
                [
                    "202201",
                    60
                ]
            ],
            "rank_gap":-5
        },
        {
            "index":0,
            "아파트명":"고대",
            "투자타입":"일반",
            "전용면적(m2)":"53.55",
            "전용면적(평)":"16평",
            "법정동주소":"충청남도 당진시 고대면 용두리 676-25",
            "도로명주소":"충청남도 당진시 고대로 26-10",
            "세대수":0,
            "입주년차":0,
            "용적률점수":"--",
            "건폐율점수":"--",
            "세대당주차수":0,
            "난방방식":30,
            "공급면적":"--",
            "전용률":"--",
            "욕실수":50,
            "현관타입":100,
            "주거총점":18.0,
            "지역구공급총점":0.0,
            "역세권":"NA",
            "30분내 이동가능 거점":"NA",
            "1시간내 이동가능 거점":"NA",
            "교통총점":"NA",
            "백화점":0,
            "아울렛몰":0,
            "대형마트":80,
            "은행":0,
            "병원":0,
            "종합병원":0,
            "공원":100,
            "혐오시설":0,
            "인프라총점":15.0,
            "초등학군":89.99,
            "중학군":32.4,
            "학군총점":43.918,
            "인구수":17.12,
            "인구증감":5.56,
            "인구총점":13.652,
            "일자리":13.55,
            "소득수준":64.99,
            "일자리총점":28.982,
            "가치 총점":23.2795,
            "매매실거래년":20220222.0,
            "매매실거래가":2600.0,
            "전세실거래년":20220128.0,
            "전세실거래가":2000.0,
            "전세가율":76.92,
            "장기전세가율평균":71.76,
            "전세가율거품지수":-5.16,
            "검색코드":144602,
            "세대수":96.0,
            "준공년월":"1995-12-26",
            "준공년차":28.0,
            "가까운역이름":"NA",
            "가까운역거리":"NA",
            "역세권여부":"NA",
            "30분이내주요거점역":"NA",
            "30분거점역이름":"NA",
            "1시간이내주요거점역":"NA",
            "1시간거점역이름":"NA",
            "3km이내백화점수":0,
            "5km이내아울렛몰수":0,
            "1km이내대형먀트수":1,
            "500m이내은행수":0,
            "500m이내병원수":1,
            "5km이내대형병원수":0,
            "500m이내공원수":10,
            "3km이내혐오시설수":0,
            "초등학교학업성취도":89.99,
            "중학교학업성취도":54.0,
            "용적률":0,
            "건폐율":0,
            "Y":36.924937,
            "X":126.600223,
            "rank":61.0,
            "area_info":"16평(53.55)",
            "last_sales":"2022-02-22,2600.0,16평(53.55)",
            "rank_history":[
                [
                    "202203",
                    61
                ],
                [
                    "202202",
                    9999
                ]
            ],
            "rank_gap":9999
        },
        {
            "index":1,
            "아파트명":"산내들",
            "투자타입":"일반",
            "전용면적(m2)":"73.18",
            "전용면적(평)":"22평",
            "법정동주소":"충청남도 당진시 고대면 진관리 642-2",
            "도로명주소":"충청남도 당진시 고대로 98",
            "세대수":0,
            "입주년차":0,
            "용적률점수":"--",
            "건폐율점수":"--",
            "세대당주차수":0,
            "난방방식":30,
            "공급면적":"--",
            "전용률":"--",
            "욕실수":50,
            "현관타입":100,
            "주거총점":18.0,
            "지역구공급총점":0.0,
            "역세권":"NA",
            "30분내 이동가능 거점":"NA",
            "1시간내 이동가능 거점":"NA",
            "교통총점":"NA",
            "백화점":0,
            "아울렛몰":0,
            "대형마트":80,
            "은행":0,
            "병원":0,
            "종합병원":0,
            "공원":100,
            "혐오시설":0,
            "인프라총점":15.0,
            "초등학군":89.99,
            "중학군":32.4,
            "학군총점":43.918,
            "인구수":17.12,
            "인구증감":5.56,
            "인구총점":13.652,
            "일자리":13.55,
            "소득수준":64.99,
            "일자리총점":28.982,
            "가치 총점":23.2795,
            "매매실거래년":20220208.0,
            "매매실거래가":7600.0,
            "전세실거래년":20210916.0,
            "전세실거래가":6500.0,
            "전세가율":85.53,
            "장기전세가율평균":71.76,
            "전세가율거품지수":-13.77,
            "검색코드":100736,
            "세대수":210.0,
            "준공년월":"1998-05-28",
            "준공년차":25.0,
            "가까운역이름":"NA",
            "가까운역거리":"NA",
            "역세권여부":"NA",
            "30분이내주요거점역":"NA",
            "30분거점역이름":"NA",
            "1시간이내주요거점역":"NA",
            "1시간거점역이름":"NA",
            "3km이내백화점수":0,
            "5km이내아울렛몰수":0,
            "1km이내대형먀트수":1,
            "500m이내은행수":0,
            "500m이내병원수":0,
            "5km이내대형병원수":0,
            "500m이내공원수":4,
            "3km이내혐오시설수":0,
            "초등학교학업성취도":89.99,
            "중학교학업성취도":54.0,
            "용적률":165,
            "건폐율":17,
            "Y":36.927237,
            "X":126.594841,
            "rank":61.0,
            "area_info":"22평(73.18)",
            "last_sales":"2022-02-08,7600.0,22평(73.18)",
            "rank_history":[
                [
                    "202203",
                    61
                ],
                [
                    "202202",
                    56
                ],
                [
                    "202201",
                    55
                ]
            ],
            "rank_gap":-5
        },
        {
            "index":290,
            "아파트명":"정우",
            "투자타입":"재건축",
            "전용면적(m2)":"71.0",
            "전용면적(평)":"21평",
            "법정동주소":"충청남도 당진시 합덕읍 운산리 291-121",
            "도로명주소":"충청남도 당진시 합덕교동2길 35",
            "세대수":0,
            "입주년차":"--",
            "용적률점수":0,
            "건폐율점수":0,
            "세대당주차수":"--",
            "난방방식":"--",
            "공급면적":50,
            "전용률":60,
            "욕실수":"--",
            "현관타입":"--",
            "주거총점":5.5,
            "지역구공급총점":0.0,
            "역세권":"NA",
            "30분내 이동가능 거점":"NA",
            "1시간내 이동가능 거점":"NA",
            "교통총점":"NA",
            "백화점":0,
            "아울렛몰":0,
            "대형마트":100,
            "은행":0,
            "병원":60,
            "종합병원":0,
            "공원":100,
            "혐오시설":0,
            "인프라총점":24.0,
            "초등학군":90.04,
            "중학군":31.5,
            "학군총점":43.208,
            "인구수":17.12,
            "인구증감":5.56,
            "인구총점":13.652,
            "일자리":13.55,
            "소득수준":64.99,
            "일자리총점":28.982,
            "가치 총점":22.327,
            "매매실거래년":20211101.0,
            "매매실거래가":3500.0,
            "전세실거래년":null,
            "전세실거래가":null,
            "전세가율":null,
            "장기전세가율평균":71.76,
            "전세가율거품지수":null,
            "검색코드":109389,
            "세대수":80.0,
            "준공년월":"1990-09-29",
            "준공년차":33.0,
            "가까운역이름":"NA",
            "가까운역거리":"NA",
            "역세권여부":"NA",
            "30분이내주요거점역":"NA",
            "30분거점역이름":"NA",
            "1시간이내주요거점역":"NA",
            "1시간거점역이름":"NA",
            "3km이내백화점수":0,
            "5km이내아울렛몰수":0,
            "1km이내대형먀트수":3,
            "500m이내은행수":1,
            "500m이내병원수":15,
            "5km이내대형병원수":0,
            "500m이내공원수":6,
            "3km이내혐오시설수":0,
            "초등학교학업성취도":90.04,
            "중학교학업성취도":52.5,
            "용적률":0,
            "건폐율":0,
            "Y":36.808371,
            "X":126.777342,
            "rank":62.0,
            "area_info":"21평(71.0), 28평(94.79), 30평(101.45), 30평(101.65), 33평(109.8)",
            "last_sales":"2021-11-01,3500.0,21평(71.0)",
            "rank_history":[
                [
                    "202203",
                    62
                ],
                [
                    "202202",
                    9999
                ]
            ],
            "rank_gap":9999
        },
        {
            "index":170,
            "아파트명":"우강온누리",
            "투자타입":"일반",
            "전용면적(m2)":"58.53",
            "전용면적(평)":"17평",
            "법정동주소":"충청남도 당진시 우강면 창리 297-2",
            "도로명주소":"충청남도 당진시 합우로 324",
            "세대수":0,
            "입주년차":20,
            "용적률점수":"--",
            "건폐율점수":"--",
            "세대당주차수":0,
            "난방방식":30,
            "공급면적":"--",
            "전용률":"--",
            "욕실수":50,
            "현관타입":10,
            "주거총점":13.0,
            "지역구공급총점":0.0,
            "역세권":"NA",
            "30분내 이동가능 거점":"NA",
            "1시간내 이동가능 거점":"NA",
            "교통총점":"NA",
            "백화점":0,
            "아울렛몰":0,
            "대형마트":100,
            "은행":0,
            "병원":0,
            "종합병원":0,
            "공원":80,
            "혐오시설":0,
            "인프라총점":17.4,
            "초등학군":90.04,
            "중학군":31.5,
            "학군총점":43.208,
            "인구수":17.12,
            "인구증감":5.56,
            "인구총점":13.652,
            "일자리":13.55,
            "소득수준":64.99,
            "일자리총점":28.982,
            "가치 총점":22.312,
            "매매실거래년":20220111.0,
            "매매실거래가":6200.0,
            "전세실거래년":20111130.0,
            "전세실거래가":2000.0,
            "전세가율":57.14,
            "장기전세가율평균":71.76,
            "전세가율거품지수":14.62,
            "검색코드":102898,
            "세대수":95.0,
            "준공년월":"2000-03-25",
            "준공년차":23.0,
            "가까운역이름":"NA",
            "가까운역거리":"NA",
            "역세권여부":"NA",
            "30분이내주요거점역":"NA",
            "30분거점역이름":"NA",
            "1시간이내주요거점역":"NA",
            "1시간거점역이름":"NA",
            "3km이내백화점수":0,
            "5km이내아울렛몰수":0,
            "1km이내대형먀트수":2,
            "500m이내은행수":0,
            "500m이내병원수":0,
            "5km이내대형병원수":0,
            "500m이내공원수":1,
            "3km이내혐오시설수":0,
            "초등학교학업성취도":90.04,
            "중학교학업성취도":52.5,
            "용적률":252,
            "건폐율":33,
            "Y":36.810014,
            "X":126.782896,
            "rank":63.0,
            "area_info":"17평(58.53), 23평(79.13)",
            "last_sales":"2022-01-11,6200.0,23평(79.13)",
            "rank_history":[
                [
                    "202203",
                    63
                ],
                [
                    "202202",
                    9999
                ]
            ],
            "rank_gap":9999
        },
        {
            "index":282,
            "아파트명":"한성",
            "투자타입":"재건축",
            "전용면적(m2)":"100.99",
            "전용면적(평)":"30평",
            "법정동주소":"충청남도 당진시 채운동 355-3",
            "도로명주소":"충청남도 당진시 백암로 219-29",
            "세대수":0,
            "입주년차":"--",
            "용적률점수":0,
            "건폐율점수":0,
            "세대당주차수":"--",
            "난방방식":"--",
            "공급면적":90,
            "전용률":80,
            "욕실수":"--",
            "현관타입":"--",
            "주거총점":8.5,
            "지역구공급총점":0.0,
            "역세권":"NA",
            "30분내 이동가능 거점":"NA",
            "1시간내 이동가능 거점":"NA",
            "교통총점":"NA",
            "백화점":0,
            "아울렛몰":0,
            "대형마트":80,
            "은행":0,
            "병원":10,
            "종합병원":0,
            "공원":100,
            "혐오시설":0,
            "인프라총점":16.0,
            "초등학군":89.99,
            "중학군":39.66,
            "학군총점":49.726,
            "인구수":17.12,
            "인구증감":5.56,
            "인구총점":13.652,
            "일자리":13.55,
            "소득수준":64.99,
            "일자리총점":28.982,
            "가치 총점":21.8065,
            "매매실거래년":20220114.0,
            "매매실거래가":9500.0,
            "전세실거래년":20220206.0,
            "전세실거래가":8000.0,
            "전세가율":62.5,
            "장기전세가율평균":71.76,
            "전세가율거품지수":9.26,
            "검색코드":6883,
            "세대수":298.0,
            "준공년월":"1992-09-24",
            "준공년차":31.0,
            "가까운역이름":"NA",
            "가까운역거리":"NA",
            "역세권여부":"NA",
            "30분이내주요거점역":"NA",
            "30분거점역이름":"NA",
            "1시간이내주요거점역":"NA",
            "1시간거점역이름":"NA",
            "3km이내백화점수":0,
            "5km이내아울렛몰수":0,
            "1km이내대형먀트수":1,
            "500m이내은행수":0,
            "500m이내병원수":3,
            "5km이내대형병원수":0,
            "500m이내공원수":8,
            "3km이내혐오시설수":0,
            "초등학교학업성취도":89.99,
            "중학교학업성취도":65.9,
            "용적률":0,
            "건폐율":0,
            "Y":36.889788,
            "X":126.622621,
            "rank":64.0,
            "area_info":"30평(100.99), 30평(101.89), 32평(108.82)",
            "last_sales":"2022-01-14,9500.0,30평(101.89)",
            "rank_history":[
                [
                    "202203",
                    64
                ],
                [
                    "202202",
                    57
                ],
                [
                    "202201",
                    56
                ]
            ],
            "rank_gap":-7
        },
        {
            "index":123,
            "아파트명":"단일C단지",
            "투자타입":"일반",
            "전용면적(m2)":"59.07",
            "전용면적(평)":"17평",
            "법정동주소":"충청남도 당진시 신평면 거산리 186",
            "도로명주소":"충청남도 당진시 거산3거리길 11-29",
            "세대수":0,
            "입주년차":0,
            "용적률점수":"--",
            "건폐율점수":"--",
            "세대당주차수":30,
            "난방방식":30,
            "공급면적":"--",
            "전용률":"--",
            "욕실수":50,
            "현관타입":100,
            "주거총점":22.5,
            "지역구공급총점":0.0,
            "역세권":"NA",
            "30분내 이동가능 거점":"NA",
            "1시간내 이동가능 거점":"NA",
            "교통총점":"NA",
            "백화점":0,
            "아울렛몰":0,
            "대형마트":0,
            "은행":0,
            "병원":30,
            "종합병원":0,
            "공원":0,
            "혐오시설":0,
            "인프라총점":3.0,
            "초등학군":89.99,
            "중학군":37.28,
            "학군총점":47.822,
            "인구수":17.12,
            "인구증감":5.56,
            "인구총점":13.652,
            "일자리":13.55,
            "소득수준":64.99,
            "일자리총점":28.982,
            "가치 총점":21.0305,
            "매매실거래년":20211229.0,
            "매매실거래가":4000.0,
            "전세실거래년":20220217.0,
            "전세실거래가":3000.0,
            "전세가율":79.89,
            "장기전세가율평균":71.76,
            "전세가율거품지수":-8.13,
            "검색코드":6892,
            "세대수":180.0,
            "준공년월":"1994-10-28",
            "준공년차":29.0,
            "가까운역이름":"NA",
            "가까운역거리":"NA",
            "역세권여부":"NA",
            "30분이내주요거점역":"NA",
            "30분거점역이름":"NA",
            "1시간이내주요거점역":"NA",
            "1시간거점역이름":"NA",
            "3km이내백화점수":0,
            "5km이내아울렛몰수":0,
            "1km이내대형먀트수":0,
            "500m이내은행수":0,
            "500m이내병원수":8,
            "5km이내대형병원수":0,
            "500m이내공원수":0,
            "3km이내혐오시설수":0,
            "초등학교학업성취도":89.99,
            "중학교학업성취도":61.8,
            "용적률":0,
            "건폐율":0,
            "Y":36.88043,
            "X":126.752761,
            "rank":65.0,
            "area_info":"17평(59.07), 21평(70.02), 21평(70.98), 21평(71.53), 22평(74.71)",
            "last_sales":"2021-12-29,4000.0,21평(71.53)",
            "rank_history":[
                [
                    "202203",
                    65
                ],
                [
                    "202202",
                    58
                ],
                [
                    "202201",
                    57
                ]
            ],
            "rank_gap":-7
        },
        {
            "index":150,
            "아파트명":"두성",
            "투자타입":"일반",
            "전용면적(m2)":"80.14",
            "전용면적(평)":"24평",
            "법정동주소":"충청남도 당진시 신평면 거산리 191",
            "도로명주소":"충청남도 당진시 세정길 44",
            "세대수":0,
            "입주년차":0,
            "용적률점수":"--",
            "건폐율점수":"--",
            "세대당주차수":0,
            "난방방식":30,
            "공급면적":"--",
            "전용률":"--",
            "욕실수":50,
            "현관타입":100,
            "주거총점":18.0,
            "지역구공급총점":0.0,
            "역세권":"NA",
            "30분내 이동가능 거점":"NA",
            "1시간내 이동가능 거점":"NA",
            "교통총점":"NA",
            "백화점":0,
            "아울렛몰":0,
            "대형마트":0,
            "은행":0,
            "병원":30,
            "종합병원":0,
            "공원":100,
            "혐오시설":0,
            "인프라총점":6.0,
            "초등학군":89.99,
            "중학군":37.28,
            "학군총점":47.822,
            "인구수":17.12,
            "인구증감":5.56,
            "인구총점":13.652,
            "일자리":13.55,
            "소득수준":64.99,
            "일자리총점":28.982,
            "가치 총점":20.6555,
            "매매실거래년":20211124.0,
            "매매실거래가":6500.0,
            "전세실거래년":20211229.0,
            "전세실거래가":6000.0,
            "전세가율":92.31,
            "장기전세가율평균":71.76,
            "전세가율거품지수":-20.55,
            "검색코드":103733,
            "세대수":95.0,
            "준공년월":"1996-05-23",
            "준공년차":27.0,
            "가까운역이름":"NA",
            "가까운역거리":"NA",
            "역세권여부":"NA",
            "30분이내주요거점역":"NA",
            "30분거점역이름":"NA",
            "1시간이내주요거점역":"NA",
            "1시간거점역이름":"NA",
            "3km이내백화점수":0,
            "5km이내아울렛몰수":0,
            "1km이내대형먀트수":0,
            "500m이내은행수":0,
            "500m이내병원수":8,
            "5km이내대형병원수":0,
            "500m이내공원수":2,
            "3km이내혐오시설수":0,
            "초등학교학업성취도":89.99,
            "중학교학업성취도":61.8,
            "용적률":239,
            "건폐율":26,
            "Y":36.880511,
            "X":126.753578,
            "rank":66.0,
            "area_info":"24평(80.14)",
            "last_sales":"2021-11-24,6500.0,24평(80.14)",
            "rank_history":[
                [
                    "202203",
                    66
                ],
                [
                    "202202",
                    9999
                ]
            ],
            "rank_gap":9999
        },
        {
            "index":180,
            "아파트명":"청산",
            "투자타입":"일반",
            "전용면적(m2)":"77.98",
            "전용면적(평)":"23평",
            "법정동주소":"충청남도 당진시 우강면 송산리 75-3",
            "도로명주소":"충청남도 당진시 솔뫼로 166",
            "세대수":0,
            "입주년차":20,
            "용적률점수":"--",
            "건폐율점수":"--",
            "세대당주차수":0,
            "난방방식":30,
            "공급면적":"--",
            "전용률":"--",
            "욕실수":50,
            "현관타입":100,
            "주거총점":22.0,
            "지역구공급총점":0.0,
            "역세권":"NA",
            "30분내 이동가능 거점":"NA",
            "1시간내 이동가능 거점":"NA",
            "교통총점":"NA",
            "백화점":0,
            "아울렛몰":0,
            "대형마트":0,
            "은행":0,
            "병원":0,
            "종합병원":0,
            "공원":100,
            "혐오시설":0,
            "인프라총점":3.0,
            "초등학군":89.96,
            "중학군":31.5,
            "학군총점":43.192,
            "인구수":17.12,
            "인구증감":5.56,
            "인구총점":13.652,
            "일자리":13.55,
            "소득수준":64.99,
            "일자리총점":28.982,
            "가치 총점":19.698,
            "매매실거래년":20211116.0,
            "매매실거래가":5600.0,
            "전세실거래년":20211202.0,
            "전세실거래가":3000.0,
            "전세가율":53.57,
            "장기전세가율평균":71.76,
            "전세가율거품지수":18.19,
            "검색코드":105233,
            "세대수":100.0,
            "준공년월":"2001-04-18",
            "준공년차":22.0,
            "가까운역이름":"NA",
            "가까운역거리":"NA",
            "역세권여부":"NA",
            "30분이내주요거점역":"NA",
            "30분거점역이름":"NA",
            "1시간이내주요거점역":"NA",
            "1시간거점역이름":"NA",
            "3km이내백화점수":0,
            "5km이내아울렛몰수":0,
            "1km이내대형먀트수":0,
            "500m이내은행수":0,
            "500m이내병원수":0,
            "5km이내대형병원수":0,
            "500m이내공원수":2,
            "3km이내혐오시설수":0,
            "초등학교학업성취도":89.96,
            "중학교학업성취도":52.5,
            "용적률":0,
            "건폐율":0,
            "Y":36.822004,
            "X":126.787885,
            "rank":67.0,
            "area_info":"23평(77.98)",
            "last_sales":"2021-11-16,5600.0,23평(77.98)",
            "rank_history":[
                [
                    "202203",
                    67
                ],
                [
                    "202202",
                    59
                ],
                [
                    "202201",
                    58
                ]
            ],
            "rank_gap":-8
        },
        {
            "index":152,
            "아파트명":"봉학마을",
            "투자타입":"일반",
            "전용면적(m2)":"55.03",
            "전용면적(평)":"16평",
            "법정동주소":"충청남도 당진시 신평면 430-1",
            "도로명주소":"충청남도 당진시 섭실길 114-20",
            "세대수":0,
            "입주년차":20,
            "용적률점수":"--",
            "건폐율점수":"--",
            "세대당주차수":0,
            "난방방식":30,
            "공급면적":"--",
            "전용률":"--",
            "욕실수":50,
            "현관타입":100,
            "주거총점":22.0,
            "지역구공급총점":0.0,
            "역세권":"NA",
            "30분내 이동가능 거점":"NA",
            "1시간내 이동가능 거점":"NA",
            "교통총점":"NA",
            "백화점":0,
            "아울렛몰":0,
            "대형마트":0,
            "은행":0,
            "병원":0,
            "종합병원":0,
            "공원":0,
            "혐오시설":0,
            "인프라총점":0.0,
            "초등학군":89.99,
            "중학군":37.28,
            "학군총점":47.822,
            "인구수":17.12,
            "인구증감":5.56,
            "인구총점":13.652,
            "일자리":13.55,
            "소득수준":64.99,
            "일자리총점":28.982,
            "가치 총점":19.6555,
            "매매실거래년":20211023.0,
            "매매실거래가":5700.0,
            "전세실거래년":20210421.0,
            "전세실거래가":3000.0,
            "전세가율":65.22,
            "장기전세가율평균":71.76,
            "전세가율거품지수":6.54,
            "검색코드":100740,
            "세대수":169.0,
            "준공년월":"2003-05-20",
            "준공년차":20.0,
            "가까운역이름":"NA",
            "가까운역거리":"NA",
            "역세권여부":"NA",
            "30분이내주요거점역":"NA",
            "30분거점역이름":"NA",
            "1시간이내주요거점역":"NA",
            "1시간거점역이름":"NA",
            "3km이내백화점수":0,
            "5km이내아울렛몰수":0,
            "1km이내대형먀트수":0,
            "500m이내은행수":0,
            "500m이내병원수":0,
            "5km이내대형병원수":0,
            "500m이내공원수":0,
            "3km이내혐오시설수":0,
            "초등학교학업성취도":89.99,
            "중학교학업성취도":61.8,
            "용적률":94,
            "건폐율":22,
            "Y":36.88505,
            "X":126.737115,
            "rank":68.0,
            "area_info":"16평(55.03), 20평(66.47)",
            "last_sales":"2021-10-23,5700.0,20평(66.47)",
            "rank_history":[
                [
                    "202203",
                    68
                ],
                [
                    "202202",
                    60
                ],
                [
                    "202201",
                    59
                ]
            ],
            "rank_gap":-8
        },
        {
            "index":277,
            "아파트명":"지석빌라트",
            "투자타입":"일반",
            "전용면적(m2)":"67.07",
            "전용면적(평)":"20평",
            "법정동주소":"충청남도 당진시 채운동 363-8",
            "도로명주소":"충청남도 당진시 역천로 881-35",
            "세대수":0,
            "입주년차":20,
            "용적률점수":"--",
            "건폐율점수":"--",
            "세대당주차수":0,
            "난방방식":30,
            "공급면적":"--",
            "전용률":"--",
            "욕실수":50,
            "현관타입":10,
            "주거총점":13.0,
            "지역구공급총점":0.0,
            "역세권":"NA",
            "30분내 이동가능 거점":"NA",
            "1시간내 이동가능 거점":"NA",
            "교통총점":"NA",
            "백화점":0,
            "아울렛몰":0,
            "대형마트":0,
            "은행":0,
            "병원":0,
            "종합병원":0,
            "공원":100,
            "혐오시설":0,
            "인프라총점":3.0,
            "초등학군":89.99,
            "중학군":39.66,
            "학군총점":49.726,
            "인구수":17.12,
            "인구증감":5.56,
            "인구총점":13.652,
            "일자리":13.55,
            "소득수준":64.99,
            "일자리총점":28.982,
            "가치 총점":18.1815,
            "매매실거래년":"18000101",
            "매매실거래가":null,
            "전세실거래년":null,
            "전세실거래가":null,
            "전세가율":null,
            "장기전세가율평균":71.76,
            "전세가율거품지수":null,
            "검색코드":102498,
            "세대수":96.0,
            "준공년월":"2000-07-25",
            "준공년차":23.0,
            "가까운역이름":"NA",
            "가까운역거리":"NA",
            "역세권여부":"NA",
            "30분이내주요거점역":"NA",
            "30분거점역이름":"NA",
            "1시간이내주요거점역":"NA",
            "1시간거점역이름":"NA",
            "3km이내백화점수":0,
            "5km이내아울렛몰수":0,
            "1km이내대형먀트수":0,
            "500m이내은행수":0,
            "500m이내병원수":0,
            "5km이내대형병원수":0,
            "500m이내공원수":2,
            "3km이내혐오시설수":0,
            "초등학교학업성취도":89.99,
            "중학교학업성취도":65.9,
            "용적률":77,
            "건폐율":19,
            "Y":36.890924,
            "X":126.615678,
            "rank":69.0,
            "area_info":"20평(67.07)",
            "last_sales":"1800-01-01,nan,20평(67.07)",
            "rank_history":[
                [
                    "202203",
                    69
                ],
                [
                    "202202",
                    9999
                ]
            ],
            "rank_gap":9999
        },
        {
            "index":151,
            "아파트명":"목련",
            "투자타입":"일반",
            "전용면적(m2)":"56.04",
            "전용면적(평)":"16평",
            "법정동주소":"충청남도 당진시 신평면 거산리 3-14",
            "도로명주소":"충청남도 당진시 거산3거리길 88",
            "세대수":0,
            "입주년차":0,
            "용적률점수":"--",
            "건폐율점수":"--",
            "세대당주차수":0,
            "난방방식":30,
            "공급면적":"--",
            "전용률":"--",
            "욕실수":50,
            "현관타입":10,
            "주거총점":9.0,
            "지역구공급총점":0.0,
            "역세권":"NA",
            "30분내 이동가능 거점":"NA",
            "1시간내 이동가능 거점":"NA",
            "교통총점":"NA",
            "백화점":0,
            "아울렛몰":0,
            "대형마트":0,
            "은행":0,
            "병원":10,
            "종합병원":0,
            "공원":100,
            "혐오시설":0,
            "인프라총점":4.0,
            "초등학군":89.99,
            "중학군":37.28,
            "학군총점":47.822,
            "인구수":17.12,
            "인구증감":5.56,
            "인구총점":13.652,
            "일자리":13.55,
            "소득수준":64.99,
            "일자리총점":28.982,
            "가치 총점":16.7055,
            "매매실거래년":20220215.0,
            "매매실거래가":5000.0,
            "전세실거래년":20211222.0,
            "전세실거래가":4700.0,
            "전세가율":94.0,
            "장기전세가율평균":71.76,
            "전세가율거품지수":-22.24,
            "검색코드":17175,
            "세대수":246.0,
            "준공년월":"1998-04-15",
            "준공년차":25.0,
            "가까운역이름":"NA",
            "가까운역거리":"NA",
            "역세권여부":"NA",
            "30분이내주요거점역":"NA",
            "30분거점역이름":"NA",
            "1시간이내주요거점역":"NA",
            "1시간거점역이름":"NA",
            "3km이내백화점수":0,
            "5km이내아울렛몰수":0,
            "1km이내대형먀트수":0,
            "500m이내은행수":0,
            "500m이내병원수":4,
            "5km이내대형병원수":0,
            "500m이내공원수":3,
            "3km이내혐오시설수":0,
            "초등학교학업성취도":89.99,
            "중학교학업성취도":61.8,
            "용적률":0,
            "건폐율":0,
            "Y":36.883592,
            "X":126.758677,
            "rank":70.0,
            "area_info":"16평(56.04)",
            "last_sales":"2022-02-15,5000.0,16평(56.04)",
            "rank_history":[
                [
                    "202203",
                    70
                ],
                [
                    "202202",
                    61
                ],
                [
                    "202201",
                    61
                ]
            ],
            "rank_gap":-9
        },
        {
            "index":118,
            "아파트명":"단일B단지",
            "투자타입":"재건축",
            "전용면적(m2)":"74.64",
            "전용면적(평)":"22평",
            "법정동주소":"충청남도 당진시 신평면 거산리 193-1",
            "도로명주소":"충청남도 당진시 세정길 43",
            "세대수":0,
            "입주년차":"--",
            "용적률점수":0,
            "건폐율점수":0,
            "세대당주차수":"--",
            "난방방식":"--",
            "공급면적":50,
            "전용률":60,
            "욕실수":"--",
            "현관타입":"--",
            "주거총점":5.5,
            "지역구공급총점":0.0,
            "역세권":"NA",
            "30분내 이동가능 거점":"NA",
            "1시간내 이동가능 거점":"NA",
            "교통총점":"NA",
            "백화점":0,
            "아울렛몰":0,
            "대형마트":0,
            "은행":0,
            "병원":30,
            "종합병원":0,
            "공원":100,
            "혐오시설":0,
            "인프라총점":6.0,
            "초등학군":89.99,
            "중학군":37.28,
            "학군총점":47.822,
            "인구수":17.12,
            "인구증감":5.56,
            "인구총점":13.652,
            "일자리":13.55,
            "소득수준":64.99,
            "일자리총점":28.982,
            "가치 총점":16.2805,
            "매매실거래년":20220106.0,
            "매매실거래가":5000.0,
            "전세실거래년":20160126.0,
            "전세실거래가":4000.0,
            "전세가율":80.0,
            "장기전세가율평균":71.76,
            "전세가율거품지수":-8.24,
            "검색코드":6889,
            "세대수":135.0,
            "준공년월":"1992-06-11",
            "준공년차":31.0,
            "가까운역이름":"NA",
            "가까운역거리":"NA",
            "역세권여부":"NA",
            "30분이내주요거점역":"NA",
            "30분거점역이름":"NA",
            "1시간이내주요거점역":"NA",
            "1시간거점역이름":"NA",
            "3km이내백화점수":0,
            "5km이내아울렛몰수":0,
            "1km이내대형먀트수":0,
            "500m이내은행수":0,
            "500m이내병원수":8,
            "5km이내대형병원수":0,
            "500m이내공원수":2,
            "3km이내혐오시설수":0,
            "초등학교학업성취도":89.99,
            "중학교학업성취도":61.8,
            "용적률":0,
            "건폐율":0,
            "Y":36.880848,
            "X":126.75391,
            "rank":71.0,
            "area_info":"22평(74.64), 23평(77.71), 23평(78.14), 27평(90.51), 28평(95.4)",
            "last_sales":"2022-01-06,5000.0,22평(74.64)",
            "rank_history":[
                [
                    "202203",
                    71
                ],
                [
                    "202202",
                    62
                ],
                [
                    "202201",
                    62
                ]
            ],
            "rank_gap":-9
        },
        {
            "index":109,
            "아파트명":"단일A단지",
            "투자타입":"재건축",
            "전용면적(m2)":"76.24",
            "전용면적(평)":"23평",
            "법정동주소":"충청남도 당진시 신평면 거산리 46-2",
            "도로명주소":"충청남도 당진시 솔밭밑길 15-44",
            "세대수":0,
            "입주년차":"--",
            "용적률점수":0,
            "건폐율점수":0,
            "세대당주차수":"--",
            "난방방식":"--",
            "공급면적":50,
            "전용률":60,
            "욕실수":"--",
            "현관타입":"--",
            "주거총점":5.5,
            "지역구공급총점":0.0,
            "역세권":"NA",
            "30분내 이동가능 거점":"NA",
            "1시간내 이동가능 거점":"NA",
            "교통총점":"NA",
            "백화점":0,
            "아울렛몰":0,
            "대형마트":0,
            "은행":0,
            "병원":30,
            "종합병원":0,
            "공원":100,
            "혐오시설":0,
            "인프라총점":6.0,
            "초등학군":89.99,
            "중학군":37.28,
            "학군총점":47.822,
            "인구수":17.12,
            "인구증감":5.56,
            "인구총점":13.652,
            "일자리":13.55,
            "소득수준":64.99,
            "일자리총점":28.982,
            "가치 총점":16.2805,
            "매매실거래년":20211123.0,
            "매매실거래가":6500.0,
            "전세실거래년":null,
            "전세실거래가":null,
            "전세가율":null,
            "장기전세가율평균":71.76,
            "전세가율거품지수":null,
            "검색코드":15227,
            "세대수":90.0,
            "준공년월":"1992-08-14",
            "준공년차":31.0,
            "가까운역이름":"NA",
            "가까운역거리":"NA",
            "역세권여부":"NA",
            "30분이내주요거점역":"NA",
            "30분거점역이름":"NA",
            "1시간이내주요거점역":"NA",
            "1시간거점역이름":"NA",
            "3km이내백화점수":0,
            "5km이내아울렛몰수":0,
            "1km이내대형먀트수":0,
            "500m이내은행수":0,
            "500m이내병원수":8,
            "5km이내대형병원수":0,
            "500m이내공원수":2,
            "3km이내혐오시설수":0,
            "초등학교학업성취도":89.99,
            "중학교학업성취도":61.8,
            "용적률":0,
            "건폐율":0,
            "Y":36.879302,
            "X":126.754525,
            "rank":71.0,
            "area_info":"23평(76.24), 23평(77.61), 23평(78.16), 23평(78.37), 24평(80.49), 24평(80.38), 29평(97.74), 32평(106.38), 32평(107.46)",
            "last_sales":"2021-11-23,6500.0,24평(80.38)",
            "rank_history":[
                [
                    "202203",
                    71
                ],
                [
                    "202202",
                    9999
                ]
            ],
            "rank_gap":9999
        },
        {
            "index":71,
            "아파트명":"수웅누리",
            "투자타입":"일반",
            "전용면적(m2)":"48.61",
            "전용면적(평)":"14평",
            "법정동주소":"충청남도 당진시 송악읍 석포리 318-3",
            "도로명주소":"충청남도 당진시 송악로 520",
            "세대수":0,
            "입주년차":20,
            "용적률점수":"--",
            "건폐율점수":"--",
            "세대당주차수":0,
            "난방방식":30,
            "공급면적":"--",
            "전용률":"--",
            "욕실수":50,
            "현관타입":10,
            "주거총점":13.0,
            "지역구공급총점":0.0,
            "역세권":"NA",
            "30분내 이동가능 거점":"NA",
            "1시간내 이동가능 거점":"NA",
            "교통총점":"NA",
            "백화점":0,
            "아울렛몰":0,
            "대형마트":0,
            "은행":0,
            "병원":0,
            "종합병원":0,
            "공원":0,
            "혐오시설":0,
            "인프라총점":0.0,
            "초등학군":90.05,
            "중학군":35.52,
            "학군총점":46.426,
            "인구수":17.12,
            "인구증감":5.56,
            "인구총점":13.652,
            "일자리":13.55,
            "소득수준":64.99,
            "일자리총점":28.982,
            "가치 총점":16.1565,
            "매매실거래년":20211228.0,
            "매매실거래가":2350.0,
            "전세실거래년":20211101.0,
            "전세실거래가":1500.0,
            "전세가율":63.83,
            "장기전세가율평균":71.76,
            "전세가율거품지수":7.93,
            "검색코드":103041,
            "세대수":299.0,
            "준공년월":"1999-07-07",
            "준공년차":24.0,
            "가까운역이름":"NA",
            "가까운역거리":"NA",
            "역세권여부":"NA",
            "30분이내주요거점역":"NA",
            "30분거점역이름":"NA",
            "1시간이내주요거점역":"NA",
            "1시간거점역이름":"NA",
            "3km이내백화점수":0,
            "5km이내아울렛몰수":0,
            "1km이내대형먀트수":0,
            "500m이내은행수":0,
            "500m이내병원수":0,
            "5km이내대형병원수":0,
            "500m이내공원수":0,
            "3km이내혐오시설수":0,
            "초등학교학업성취도":90.05,
            "중학교학업성취도":59.2,
            "용적률":0,
            "건폐율":0,
            "Y":36.932566,
            "X":126.730405,
            "rank":72.0,
            "area_info":"14평(48.61), 18평(61.1), 22평(72.84)",
            "last_sales":"2021-12-28,2350.0,14평(48.61)",
            "rank_history":[
                [
                    "202203",
                    72
                ],
                [
                    "202202",
                    63
                ],
                [
                    "202201",
                    63
                ]
            ],
            "rank_gap":-9
        },
        {
            "index":144,
            "아파트명":"당진정우",
            "투자타입":"재건축",
            "전용면적(m2)":"65.84",
            "전용면적(평)":"19평",
            "법정동주소":"충청남도 당진시 신평면 금천리 903-3",
            "도로명주소":"충청남도 당진시 신평시장1길 29-1",
            "세대수":0,
            "입주년차":"--",
            "용적률점수":0,
            "건폐율점수":0,
            "세대당주차수":"--",
            "난방방식":"--",
            "공급면적":50,
            "전용률":60,
            "욕실수":"--",
            "현관타입":"--",
            "주거총점":5.5,
            "지역구공급총점":0.0,
            "역세권":"NA",
            "30분내 이동가능 거점":"NA",
            "1시간내 이동가능 거점":"NA",
            "교통총점":"NA",
            "백화점":0,
            "아울렛몰":0,
            "대형마트":0,
            "은행":0,
            "병원":10,
            "종합병원":0,
            "공원":100,
            "혐오시설":0,
            "인프라총점":4.0,
            "초등학군":90.0,
            "중학군":37.28,
            "학군총점":47.824,
            "인구수":17.12,
            "인구증감":5.56,
            "인구총점":13.652,
            "일자리":13.55,
            "소득수준":64.99,
            "일자리총점":28.982,
            "가치 총점":15.481,
            "매매실거래년":20220218.0,
            "매매실거래가":4700.0,
            "전세실거래년":20131108.0,
            "전세실거래가":3000.0,
            "전세가율":63.83,
            "장기전세가율평균":71.76,
            "전세가율거품지수":7.93,
            "검색코드":102971,
            "세대수":85.0,
            "준공년월":"1991-09-12",
            "준공년차":32.0,
            "가까운역이름":"NA",
            "가까운역거리":"NA",
            "역세권여부":"NA",
            "30분이내주요거점역":"NA",
            "30분거점역이름":"NA",
            "1시간이내주요거점역":"NA",
            "1시간거점역이름":"NA",
            "3km이내백화점수":0,
            "5km이내아울렛몰수":0,
            "1km이내대형먀트수":0,
            "500m이내은행수":0,
            "500m이내병원수":2,
            "5km이내대형병원수":0,
            "500m이내공원수":2,
            "3km이내혐오시설수":0,
            "초등학교학업성취도":90.0,
            "중학교학업성취도":61.8,
            "용적률":0,
            "건폐율":0,
            "Y":36.88513,
            "X":126.770543,
            "rank":73.0,
            "area_info":"19평(65.84), 20평(66.14), 24평(82.14), 28평(93.42), 30평(100.49), 32평(108.45)",
            "last_sales":"2022-02-18,4700.0,19평(65.84)",
            "rank_history":[
                [
                    "202203",
                    73
                ],
                [
                    "202202",
                    9999
                ]
            ],
            "rank_gap":9999
        },
        {
            "index":169,
            "아파트명":"우강명지",
            "투자타입":"일반",
            "전용면적(m2)":"63.67",
            "전용면적(평)":"19평",
            "법정동주소":"충청남도 당진시 우강면 송산리 220-71",
            "도로명주소":"충청남도 당진시 솔뫼로 145",
            "세대수":0,
            "입주년차":0,
            "용적률점수":"--",
            "건폐율점수":"--",
            "세대당주차수":0,
            "난방방식":30,
            "공급면적":"--",
            "전용률":"--",
            "욕실수":50,
            "현관타입":10,
            "주거총점":9.0,
            "지역구공급총점":0.0,
            "역세권":"NA",
            "30분내 이동가능 거점":"NA",
            "1시간내 이동가능 거점":"NA",
            "교통총점":"NA",
            "백화점":0,
            "아울렛몰":0,
            "대형마트":0,
            "은행":0,
            "병원":0,
            "종합병원":0,
            "공원":100,
            "혐오시설":0,
            "인프라총점":3.0,
            "초등학군":89.96,
            "중학군":31.5,
            "학군총점":43.192,
            "인구수":17.12,
            "인구증감":5.56,
            "인구총점":13.652,
            "일자리":13.55,
            "소득수준":64.99,
            "일자리총점":28.982,
            "가치 총점":15.148,
            "매매실거래년":20211230.0,
            "매매실거래가":2750.0,
            "전세실거래년":null,
            "전세실거래가":null,
            "전세가율":null,
            "장기전세가율평균":71.76,
            "전세가율거품지수":null,
            "검색코드":101439,
            "세대수":90.0,
            "준공년월":"1994-03-28",
            "준공년차":29.0,
            "가까운역이름":"NA",
            "가까운역거리":"NA",
            "역세권여부":"NA",
            "30분이내주요거점역":"NA",
            "30분거점역이름":"NA",
            "1시간이내주요거점역":"NA",
            "1시간거점역이름":"NA",
            "3km이내백화점수":0,
            "5km이내아울렛몰수":0,
            "1km이내대형먀트수":0,
            "500m이내은행수":0,
            "500m이내병원수":0,
            "5km이내대형병원수":0,
            "500m이내공원수":2,
            "3km이내혐오시설수":0,
            "초등학교학업성취도":89.96,
            "중학교학업성취도":52.5,
            "용적률":0,
            "건폐율":0,
            "Y":36.821529,
            "X":126.785427,
            "rank":74.0,
            "area_info":"19평(63.67)",
            "last_sales":"2021-12-30,2750.0,19평(63.67)",
            "rank_history":[
                [
                    "202203",
                    74
                ],
                [
                    "202202",
                    9999
                ]
            ],
            "rank_gap":9999
        },
        {
            "index":154,
            "아파트명":"세안",
            "투자타입":"재건축",
            "전용면적(m2)":"47.52",
            "전용면적(평)":"14평",
            "법정동주소":"충청남도 당진시 신평면 도성리 209-2",
            "도로명주소":"충청남도 당진시 샛터로 52",
            "세대수":0,
            "입주년차":"--",
            "용적률점수":0,
            "건폐율점수":0,
            "세대당주차수":"--",
            "난방방식":"--",
            "공급면적":50,
            "전용률":80,
            "욕실수":"--",
            "현관타입":"--",
            "주거총점":6.5,
            "지역구공급총점":0.0,
            "역세권":"NA",
            "30분내 이동가능 거점":"NA",
            "1시간내 이동가능 거점":"NA",
            "교통총점":"NA",
            "백화점":0,
            "아울렛몰":0,
            "대형마트":0,
            "은행":0,
            "병원":0,
            "종합병원":0,
            "공원":0,
            "혐오시설":0,
            "인프라총점":0.0,
            "초등학군":90.0,
            "중학군":37.28,
            "학군총점":47.824,
            "인구수":17.12,
            "인구증감":5.56,
            "인구총점":13.652,
            "일자리":13.55,
            "소득수준":64.99,
            "일자리총점":28.982,
            "가치 총점":14.231,
            "매매실거래년":"18000101",
            "매매실거래가":null,
            "전세실거래년":null,
            "전세실거래가":null,
            "전세가율":null,
            "장기전세가율평균":71.76,
            "전세가율거품지수":null,
            "검색코드":132783,
            "세대수":270.0,
            "준공년월":"1991-06-17",
            "준공년차":32.0,
            "가까운역이름":"NA",
            "가까운역거리":"NA",
            "역세권여부":"NA",
            "30분이내주요거점역":"NA",
            "30분거점역이름":"NA",
            "1시간이내주요거점역":"NA",
            "1시간거점역이름":"NA",
            "3km이내백화점수":0,
            "5km이내아울렛몰수":0,
            "1km이내대형먀트수":0,
            "500m이내은행수":0,
            "500m이내병원수":0,
            "5km이내대형병원수":0,
            "500m이내공원수":0,
            "3km이내혐오시설수":0,
            "초등학교학업성취도":90.0,
            "중학교학업성취도":61.8,
            "용적률":0,
            "건폐율":0,
            "Y":36.882569,
            "X":126.806798,
            "rank":75.0,
            "area_info":"14평(47.52), 14평(48.96), 14평(48.52), 15평(49.86), 15평(51.12), 16평(54.94)",
            "last_sales":"1800-01-01,nan,14평(47.52)",
            "rank_history":[
                [
                    "202203",
                    75
                ],
                [
                    "202202",
                    64
                ],
                [
                    "202201",
                    64
                ]
            ],
            "rank_gap":-11
        }
    ]
}