{
    "schema":{
        "fields":[
            {
                "name":"index",
                "type":"integer"
            },
            {
                "name":"아파트명",
                "type":"string"
            },
            {
                "name":"투자타입",
                "type":"string"
            },
            {
                "name":"전용면적(m2)",
                "type":"string"
            },
            {
                "name":"전용면적(평)",
                "type":"string"
            },
            {
                "name":"법정동주소",
                "type":"string"
            },
            {
                "name":"도로명주소",
                "type":"string"
            },
            {
                "name":"세대수",
                "type":"integer"
            },
            {
                "name":"입주년차",
                "type":"string"
            },
            {
                "name":"용적률점수",
                "type":"string"
            },
            {
                "name":"건폐율점수",
                "type":"string"
            },
            {
                "name":"세대당주차수",
                "type":"string"
            },
            {
                "name":"난방방식",
                "type":"string"
            },
            {
                "name":"공급면적",
                "type":"string"
            },
            {
                "name":"전용률",
                "type":"string"
            },
            {
                "name":"욕실수",
                "type":"string"
            },
            {
                "name":"현관타입",
                "type":"string"
            },
            {
                "name":"주거총점",
                "type":"number"
            },
            {
                "name":"지역구공급총점",
                "type":"number"
            },
            {
                "name":"역세권",
                "type":"string"
            },
            {
                "name":"30분내 이동가능 거점",
                "type":"string"
            },
            {
                "name":"1시간내 이동가능 거점",
                "type":"string"
            },
            {
                "name":"교통총점",
                "type":"string"
            },
            {
                "name":"백화점",
                "type":"integer"
            },
            {
                "name":"아울렛몰",
                "type":"integer"
            },
            {
                "name":"대형마트",
                "type":"integer"
            },
            {
                "name":"은행",
                "type":"integer"
            },
            {
                "name":"병원",
                "type":"integer"
            },
            {
                "name":"종합병원",
                "type":"integer"
            },
            {
                "name":"공원",
                "type":"integer"
            },
            {
                "name":"혐오시설",
                "type":"integer"
            },
            {
                "name":"인프라총점",
                "type":"number"
            },
            {
                "name":"초등학군",
                "type":"number"
            },
            {
                "name":"중학군",
                "type":"number"
            },
            {
                "name":"학군총점",
                "type":"number"
            },
            {
                "name":"인구수",
                "type":"number"
            },
            {
                "name":"인구증감",
                "type":"number"
            },
            {
                "name":"인구총점",
                "type":"number"
            },
            {
                "name":"일자리",
                "type":"number"
            },
            {
                "name":"소득수준",
                "type":"number"
            },
            {
                "name":"일자리총점",
                "type":"number"
            },
            {
                "name":"가치 총점",
                "type":"number"
            },
            {
                "name":"매매실거래년",
                "type":"string"
            },
            {
                "name":"매매실거래가",
                "type":"number"
            },
            {
                "name":"전세실거래년",
                "type":"number"
            },
            {
                "name":"전세실거래가",
                "type":"number"
            },
            {
                "name":"전세가율",
                "type":"number"
            },
            {
                "name":"장기전세가율평균",
                "type":"number"
            },
            {
                "name":"전세가율거품지수",
                "type":"number"
            },
            {
                "name":"검색코드",
                "type":"integer"
            },
            {
                "name":"세대수",
                "type":"number"
            },
            {
                "name":"준공년월",
                "type":"string"
            },
            {
                "name":"준공년차",
                "type":"number"
            },
            {
                "name":"가까운역이름",
                "type":"string"
            },
            {
                "name":"가까운역거리",
                "type":"string"
            },
            {
                "name":"역세권여부",
                "type":"string"
            },
            {
                "name":"30분이내주요거점역",
                "type":"string"
            },
            {
                "name":"30분거점역이름",
                "type":"string"
            },
            {
                "name":"1시간이내주요거점역",
                "type":"string"
            },
            {
                "name":"1시간거점역이름",
                "type":"string"
            },
            {
                "name":"3km이내백화점수",
                "type":"integer"
            },
            {
                "name":"5km이내아울렛몰수",
                "type":"integer"
            },
            {
                "name":"1km이내대형먀트수",
                "type":"integer"
            },
            {
                "name":"500m이내은행수",
                "type":"integer"
            },
            {
                "name":"500m이내병원수",
                "type":"integer"
            },
            {
                "name":"5km이내대형병원수",
                "type":"integer"
            },
            {
                "name":"500m이내공원수",
                "type":"integer"
            },
            {
                "name":"3km이내혐오시설수",
                "type":"integer"
            },
            {
                "name":"초등학교학업성취도",
                "type":"number"
            },
            {
                "name":"중학교학업성취도",
                "type":"number"
            },
            {
                "name":"용적률",
                "type":"integer"
            },
            {
                "name":"건폐율",
                "type":"integer"
            },
            {
                "name":"Y",
                "type":"number"
            },
            {
                "name":"X",
                "type":"number"
            },
            {
                "name":"rank",
                "type":"number"
            },
            {
                "name":"area_info",
                "type":"string"
            },
            {
                "name":"last_sales",
                "type":"string"
            },
            {
                "name":"rank_history",
                "type":"string"
            },
            {
                "name":"rank_gap",
                "type":"integer"
            }
        ],
        "primaryKey":[
            "index"
        ],
        "pandas_version":"1.4.0"
    },
    "data":[
        {
            "index":261,
            "아파트명":"근화옥암베아채",
            "투자타입":"일반",
            "전용면적(m2)":"113.72",
            "전용면적(평)":"34평",
            "법정동주소":"전라남도 목포시 옥암동 1246",
            "도로명주소":"전라남도 목포시 남악1로52번길 83",
            "세대수":80,
            "입주년차":80,
            "용적률점수":"--",
            "건폐율점수":"--",
            "세대당주차수":30,
            "난방방식":30,
            "공급면적":"--",
            "전용률":"--",
            "욕실수":100,
            "현관타입":100,
            "주거총점":71.5,
            "지역구공급총점":0.0,
            "역세권":"NA",
            "30분내 이동가능 거점":"NA",
            "1시간내 이동가능 거점":"NA",
            "교통총점":"NA",
            "백화점":0,
            "아울렛몰":80,
            "대형마트":80,
            "은행":70,
            "병원":0,
            "종합병원":100,
            "공원":100,
            "혐오시설":0,
            "인프라총점":50.0,
            "초등학군":90.01,
            "중학군":45.76,
            "학군총점":54.61,
            "인구수":23.52,
            "인구증감":-12.59,
            "인구총점":12.687,
            "일자리":11.38,
            "소득수준":55.86,
            "일자리총점":24.724,
            "가치 총점":58.6775,
            "매매실거래년":20220205.0,
            "매매실거래가":29200.0,
            "전세실거래년":20220128.0,
            "전세실거래가":20000.0,
            "전세가율":66.67,
            "장기전세가율평균":80.59,
            "전세가율거품지수":13.92,
            "검색코드":106148,
            "세대수":831.0,
            "준공년월":"2014-07-25",
            "준공년차":9.0,
            "가까운역이름":"NA",
            "가까운역거리":"NA",
            "역세권여부":"NA",
            "30분이내주요거점역":"NA",
            "30분거점역이름":"NA",
            "1시간이내주요거점역":"NA",
            "1시간거점역이름":"NA",
            "3km이내백화점수":0,
            "5km이내아울렛몰수":1,
            "1km이내대형먀트수":1,
            "500m이내은행수":3,
            "500m이내병원수":1,
            "5km이내대형병원수":4,
            "500m이내공원수":8,
            "3km이내혐오시설수":0,
            "초등학교학업성취도":90.01,
            "중학교학업성취도":76.0,
            "용적률":199,
            "건폐율":20,
            "Y":34.812949,
            "X":126.453597,
            "rank":1.0,
            "area_info":"34평(113.72), 34평(115.68), 35평(117.88)",
            "last_sales":"2022-02-05,29200.0,35평(117.88)",
            "rank_history":[
                [
                    "202203",
                    1
                ],
                [
                    "202202",
                    1
                ],
                [
                    "202201",
                    6
                ]
            ],
            "rank_gap":0
        },
        {
            "index":357,
            "아파트명":"용당한국",
            "투자타입":"재건축",
            "전용면적(m2)":"40.46",
            "전용면적(평)":"12평",
            "법정동주소":"전라남도 목포시 용당동 982-25",
            "도로명주소":"전라남도 목포시 송림로 5",
            "세대수":30,
            "입주년차":"--",
            "용적률점수":100,
            "건폐율점수":100,
            "세대당주차수":"--",
            "난방방식":"--",
            "공급면적":50,
            "전용률":100,
            "욕실수":"--",
            "현관타입":"--",
            "주거총점":76.5,
            "지역구공급총점":0.0,
            "역세권":"NA",
            "30분내 이동가능 거점":"NA",
            "1시간내 이동가능 거점":"NA",
            "교통총점":"NA",
            "백화점":0,
            "아울렛몰":0,
            "대형마트":80,
            "은행":0,
            "병원":60,
            "종합병원":100,
            "공원":100,
            "혐오시설":0,
            "인프라총점":41.0,
            "초등학군":90.01,
            "중학군":46.16,
            "학군총점":54.93,
            "인구수":23.52,
            "인구증감":-12.59,
            "인구총점":12.687,
            "일자리":11.38,
            "소득수준":55.86,
            "일자리총점":24.724,
            "가치 총점":56.9075,
            "매매실거래년":20211125.0,
            "매매실거래가":6250.0,
            "전세실거래년":20200425.0,
            "전세실거래가":2000.0,
            "전세가율":30.77,
            "장기전세가율평균":80.59,
            "전세가율거품지수":49.82,
            "검색코드":4601,
            "세대수":350.0,
            "준공년월":"1977-07-11",
            "준공년차":46.0,
            "가까운역이름":"NA",
            "가까운역거리":"NA",
            "역세권여부":"NA",
            "30분이내주요거점역":"NA",
            "30분거점역이름":"NA",
            "1시간이내주요거점역":"NA",
            "1시간거점역이름":"NA",
            "3km이내백화점수":0,
            "5km이내아울렛몰수":0,
            "1km이내대형먀트수":1,
            "500m이내은행수":1,
            "500m이내병원수":20,
            "5km이내대형병원수":5,
            "500m이내공원수":6,
            "3km이내혐오시설수":0,
            "초등학교학업성취도":90.01,
            "중학교학업성취도":76.2,
            "용적률":81,
            "건폐율":17,
            "Y":34.808663,
            "X":126.39956,
            "rank":2.0,
            "area_info":"12평(40.46), 12평(40.47), 12평(40.93), 12평(41.9), 12평(41.38), 12평(41.05), 12평(41.39)",
            "last_sales":"2021-11-25,6250.0,12평(41.05)",
            "rank_history":[
                [
                    "202203",
                    2
                ],
                [
                    "202202",
                    2
                ],
                [
                    "202201",
                    1
                ]
            ],
            "rank_gap":0
        },
        {
            "index":178,
            "아파트명":"우성",
            "투자타입":"일반",
            "전용면적(m2)":"77.46",
            "전용면적(평)":"23평",
            "법정동주소":"전라남도 목포시 상동 886",
            "도로명주소":"전라남도 목포시 신흥로 13",
            "세대수":90,
            "입주년차":0,
            "용적률점수":"--",
            "건폐율점수":"--",
            "세대당주차수":0,
            "난방방식":30,
            "공급면적":"--",
            "전용률":"--",
            "욕실수":50,
            "현관타입":100,
            "주거총점":49.5,
            "지역구공급총점":0.0,
            "역세권":"NA",
            "30분내 이동가능 거점":"NA",
            "1시간내 이동가능 거점":"NA",
            "교통총점":"NA",
            "백화점":0,
            "아울렛몰":80,
            "대형마트":80,
            "은행":100,
            "병원":80,
            "종합병원":100,
            "공원":100,
            "혐오시설":0,
            "인프라총점":61.0,
            "초등학군":89.99,
            "중학군":47.56,
            "학군총점":56.046,
            "인구수":23.52,
            "인구증감":-12.59,
            "인구총점":12.687,
            "일자리":11.38,
            "소득수준":55.86,
            "일자리총점":24.724,
            "가치 총점":55.7365,
            "매매실거래년":20220223.0,
            "매매실거래가":12500.0,
            "전세실거래년":20220217.0,
            "전세실거래가":11000.0,
            "전세가율":88.0,
            "장기전세가율평균":80.59,
            "전세가율거품지수":-7.41,
            "검색코드":4566,
            "세대수":940.0,
            "준공년월":"1994-12-20",
            "준공년차":29.0,
            "가까운역이름":"NA",
            "가까운역거리":"NA",
            "역세권여부":"NA",
            "30분이내주요거점역":"NA",
            "30분거점역이름":"NA",
            "1시간이내주요거점역":"NA",
            "1시간거점역이름":"NA",
            "3km이내백화점수":0,
            "5km이내아울렛몰수":1,
            "1km이내대형먀트수":1,
            "500m이내은행수":5,
            "500m이내병원수":53,
            "5km이내대형병원수":5,
            "500m이내공원수":8,
            "3km이내혐오시설수":0,
            "초등학교학업성취도":89.99,
            "중학교학업성취도":79.0,
            "용적률":211,
            "건폐율":21,
            "Y":34.802581,
            "X":126.421849,
            "rank":3.0,
            "area_info":"23평(77.46), 31평(103.36), 47평(157.8)",
            "last_sales":"2022-02-23,12500.0,23평(77.46)",
            "rank_history":[
                [
                    "202203",
                    3
                ],
                [
                    "202202",
                    3
                ],
                [
                    "202201",
                    14
                ]
            ],
            "rank_gap":0
        },
        {
            "index":137,
            "아파트명":"동아",
            "투자타입":"일반",
            "전용면적(m2)":"78.01",
            "전용면적(평)":"23평",
            "법정동주소":"전라남도 목포시 상동 883",
            "도로명주소":"전라남도 목포시 신흥로45번길 13",
            "세대수":80,
            "입주년차":0,
            "용적률점수":"--",
            "건폐율점수":"--",
            "세대당주차수":0,
            "난방방식":30,
            "공급면적":"--",
            "전용률":"--",
            "욕실수":50,
            "현관타입":100,
            "주거총점":46.0,
            "지역구공급총점":0.0,
            "역세권":"NA",
            "30분내 이동가능 거점":"NA",
            "1시간내 이동가능 거점":"NA",
            "교통총점":"NA",
            "백화점":0,
            "아울렛몰":80,
            "대형마트":100,
            "은행":100,
            "병원":80,
            "종합병원":100,
            "공원":100,
            "혐오시설":0,
            "인프라총점":64.0,
            "초등학군":89.99,
            "중학군":47.56,
            "학군총점":56.046,
            "인구수":23.52,
            "인구증감":-12.59,
            "인구총점":12.687,
            "일자리":11.38,
            "소득수준":55.86,
            "일자리총점":24.724,
            "가치 총점":55.7115,
            "매매실거래년":20220214.0,
            "매매실거래가":15900.0,
            "전세실거래년":20220217.0,
            "전세실거래가":11500.0,
            "전세가율":97.46,
            "장기전세가율평균":80.59,
            "전세가율거품지수":-16.87,
            "검색코드":4549,
            "세대수":840.0,
            "준공년월":"1995-06-23",
            "준공년차":28.0,
            "가까운역이름":"NA",
            "가까운역거리":"NA",
            "역세권여부":"NA",
            "30분이내주요거점역":"NA",
            "30분거점역이름":"NA",
            "1시간이내주요거점역":"NA",
            "1시간거점역이름":"NA",
            "3km이내백화점수":0,
            "5km이내아울렛몰수":1,
            "1km이내대형먀트수":2,
            "500m이내은행수":8,
            "500m이내병원수":56,
            "5km이내대형병원수":5,
            "500m이내공원수":5,
            "3km이내혐오시설수":0,
            "초등학교학업성취도":89.99,
            "중학교학업성취도":79.0,
            "용적률":206,
            "건폐율":21,
            "Y":34.803785,
            "X":126.424274,
            "rank":4.0,
            "area_info":"23평(78.01), 31평(104.71)",
            "last_sales":"2022-02-14,15900.0,31평(104.71)",
            "rank_history":[
                [
                    "202203",
                    4
                ],
                [
                    "202202",
                    4
                ],
                [
                    "202201",
                    4
                ]
            ],
            "rank_gap":0
        },
        {
            "index":139,
            "아파트명":"비파1차",
            "투자타입":"재건축",
            "전용면적(m2)":"38.91",
            "전용면적(평)":"11평",
            "법정동주소":"전라남도 목포시 상동 845",
            "도로명주소":"전라남도 목포시 백년대로337번길 35",
            "세대수":50,
            "입주년차":"--",
            "용적률점수":20,
            "건폐율점수":80,
            "세대당주차수":"--",
            "난방방식":"--",
            "공급면적":50,
            "전용률":60,
            "욕실수":"--",
            "현관타입":"--",
            "주거총점":44.5,
            "지역구공급총점":0.0,
            "역세권":"NA",
            "30분내 이동가능 거점":"NA",
            "1시간내 이동가능 거점":"NA",
            "교통총점":"NA",
            "백화점":0,
            "아울렛몰":80,
            "대형마트":80,
            "은행":70,
            "병원":80,
            "종합병원":100,
            "공원":100,
            "혐오시설":0,
            "인프라총점":58.0,
            "초등학군":90.0,
            "중학군":59.76,
            "학군총점":65.808,
            "인구수":23.52,
            "인구증감":-12.59,
            "인구총점":12.687,
            "일자리":11.38,
            "소득수준":55.86,
            "일자리총점":24.724,
            "가치 총점":55.227,
            "매매실거래년":20220214.0,
            "매매실거래가":6550.0,
            "전세실거래년":20220211.0,
            "전세실거래가":4500.0,
            "전세가율":107.14,
            "장기전세가율평균":80.59,
            "전세가율거품지수":-26.55,
            "검색코드":4552,
            "세대수":500.0,
            "준공년월":"1991-10-24",
            "준공년차":32.0,
            "가까운역이름":"NA",
            "가까운역거리":"NA",
            "역세권여부":"NA",
            "30분이내주요거점역":"NA",
            "30분거점역이름":"NA",
            "1시간이내주요거점역":"NA",
            "1시간거점역이름":"NA",
            "3km이내백화점수":0,
            "5km이내아울렛몰수":1,
            "1km이내대형먀트수":1,
            "500m이내은행수":3,
            "500m이내병원수":44,
            "5km이내대형병원수":5,
            "500m이내공원수":2,
            "3km이내혐오시설수":0,
            "초등학교학업성취도":90.0,
            "중학교학업성취도":99.6,
            "용적률":216,
            "건폐율":21,
            "Y":34.808326,
            "X":126.421346,
            "rank":5.0,
            "area_info":"11평(38.91), 19평(65.7)",
            "last_sales":"2022-02-14,6550.0,19평(65.7)",
            "rank_history":[
                [
                    "202203",
                    5
                ],
                [
                    "202202",
                    5
                ],
                [
                    "202201",
                    2
                ]
            ],
            "rank_gap":0
        },
        {
            "index":141,
            "아파트명":"비파2차",
            "투자타입":"재건축",
            "전용면적(m2)":"65.49",
            "전용면적(평)":"19평",
            "법정동주소":"전라남도 목포시 상동 845-1",
            "도로명주소":"전라남도 목포시 백년대로337번길 23",
            "세대수":50,
            "입주년차":"--",
            "용적률점수":0,
            "건폐율점수":80,
            "세대당주차수":"--",
            "난방방식":"--",
            "공급면적":50,
            "전용률":60,
            "욕실수":"--",
            "현관타입":"--",
            "주거총점":36.5,
            "지역구공급총점":0.0,
            "역세권":"NA",
            "30분내 이동가능 거점":"NA",
            "1시간내 이동가능 거점":"NA",
            "교통총점":"NA",
            "백화점":0,
            "아울렛몰":80,
            "대형마트":80,
            "은행":100,
            "병원":80,
            "종합병원":100,
            "공원":100,
            "혐오시설":0,
            "인프라총점":61.0,
            "초등학군":90.0,
            "중학군":59.76,
            "학군총점":65.808,
            "인구수":23.52,
            "인구증감":-12.59,
            "인구총점":12.687,
            "일자리":11.38,
            "소득수준":55.86,
            "일자리총점":24.724,
            "가치 총점":53.627,
            "매매실거래년":20220217.0,
            "매매실거래가":6800.0,
            "전세실거래년":20220221.0,
            "전세실거래가":7000.0,
            "전세가율":102.94,
            "장기전세가율평균":80.59,
            "전세가율거품지수":-22.35,
            "검색코드":4554,
            "세대수":500.0,
            "준공년월":"1992-09-01",
            "준공년차":31.0,
            "가까운역이름":"NA",
            "가까운역거리":"NA",
            "역세권여부":"NA",
            "30분이내주요거점역":"NA",
            "30분거점역이름":"NA",
            "1시간이내주요거점역":"NA",
            "1시간거점역이름":"NA",
            "3km이내백화점수":0,
            "5km이내아울렛몰수":1,
            "1km이내대형먀트수":1,
            "500m이내은행수":5,
            "500m이내병원수":55,
            "5km이내대형병원수":5,
            "500m이내공원수":2,
            "3km이내혐오시설수":0,
            "초등학교학업성취도":90.0,
            "중학교학업성취도":99.6,
            "용적률":248,
            "건폐율":23,
            "Y":34.807424,
            "X":126.421987,
            "rank":6.0,
            "area_info":"19평(65.49)",
            "last_sales":"2022-02-17,6800.0,19평(65.49)",
            "rank_history":[
                [
                    "202203",
                    6
                ],
                [
                    "202202",
                    6
                ],
                [
                    "202201",
                    5
                ]
            ],
            "rank_gap":0
        },
        {
            "index":405,
            "아파트명":"용해2단지",
            "투자타입":"재건축",
            "전용면적(m2)":"51.89",
            "전용면적(평)":"15평",
            "법정동주소":"전라남도 목포시 용해동 713",
            "도로명주소":"전라남도 목포시 양을로 267",
            "세대수":30,
            "입주년차":"--",
            "용적률점수":100,
            "건폐율점수":100,
            "세대당주차수":"--",
            "난방방식":"--",
            "공급면적":50,
            "전용률":80,
            "욕실수":"--",
            "현관타입":"--",
            "주거총점":75.5,
            "지역구공급총점":0.0,
            "역세권":"NA",
            "30분내 이동가능 거점":"NA",
            "1시간내 이동가능 거점":"NA",
            "교통총점":"NA",
            "백화점":0,
            "아울렛몰":0,
            "대형마트":80,
            "은행":0,
            "병원":60,
            "종합병원":100,
            "공원":100,
            "혐오시설":0,
            "인프라총점":41.0,
            "초등학군":89.98,
            "중학군":30.48,
            "학군총점":42.38,
            "인구수":23.52,
            "인구증감":-12.59,
            "인구총점":12.687,
            "일자리":11.38,
            "소득수준":55.86,
            "일자리총점":24.724,
            "가치 총점":53.42,
            "매매실거래년":20220115.0,
            "매매실거래가":12100.0,
            "전세실거래년":20200817.0,
            "전세실거래가":2700.0,
            "전세가율":27.0,
            "장기전세가율평균":80.59,
            "전세가율거품지수":53.59,
            "검색코드":4615,
            "세대수":390.0,
            "준공년월":"1983-11-09",
            "준공년차":40.0,
            "가까운역이름":"NA",
            "가까운역거리":"NA",
            "역세권여부":"NA",
            "30분이내주요거점역":"NA",
            "30분거점역이름":"NA",
            "1시간이내주요거점역":"NA",
            "1시간거점역이름":"NA",
            "3km이내백화점수":0,
            "5km이내아울렛몰수":0,
            "1km이내대형먀트수":1,
            "500m이내은행수":0,
            "500m이내병원수":14,
            "5km이내대형병원수":5,
            "500m이내공원수":5,
            "3km이내혐오시설수":0,
            "초등학교학업성취도":89.98,
            "중학교학업성취도":50.8,
            "용적률":76,
            "건폐율":15,
            "Y":34.814049,
            "X":126.39857,
            "rank":7.0,
            "area_info":"15평(51.89), 16평(53.63), 18평(61.63)",
            "last_sales":"2022-01-15,12100.0,18평(61.63)",
            "rank_history":[
                [
                    "202203",
                    7
                ],
                [
                    "202202",
                    7
                ],
                [
                    "202201",
                    3
                ]
            ],
            "rank_gap":0
        },
        {
            "index":311,
            "아파트명":"우미파렌하이트",
            "투자타입":"일반",
            "전용면적(m2)":"112.92",
            "전용면적(평)":"34평",
            "법정동주소":"전라남도 목포시 옥암동 1315",
            "도로명주소":"전라남도 목포시 남악2로22번길 15",
            "세대수":50,
            "입주년차":60,
            "용적률점수":"--",
            "건폐율점수":"--",
            "세대당주차수":60,
            "난방방식":30,
            "공급면적":"--",
            "전용률":"--",
            "욕실수":100,
            "현관타입":100,
            "주거총점":61.5,
            "지역구공급총점":0.0,
            "역세권":"NA",
            "30분내 이동가능 거점":"NA",
            "1시간내 이동가능 거점":"NA",
            "교통총점":"NA",
            "백화점":0,
            "아울렛몰":80,
            "대형마트":80,
            "은행":0,
            "병원":0,
            "종합병원":100,
            "공원":100,
            "혐오시설":0,
            "인프라총점":43.0,
            "초등학군":89.99,
            "중학군":49.68,
            "학군총점":57.742,
            "인구수":23.52,
            "인구증감":-12.59,
            "인구총점":12.687,
            "일자리":11.38,
            "소득수준":55.86,
            "일자리총점":24.724,
            "가치 총점":53.1605,
            "매매실거래년":20220119.0,
            "매매실거래가":40800.0,
            "전세실거래년":20211013.0,
            "전세실거래가":28000.0,
            "전세가율":87.5,
            "장기전세가율평균":80.59,
            "전세가율거품지수":-6.91,
            "검색코드":104086,
            "세대수":548.0,
            "준공년월":"2013-10-16",
            "준공년차":10.0,
            "가까운역이름":"NA",
            "가까운역거리":"NA",
            "역세권여부":"NA",
            "30분이내주요거점역":"NA",
            "30분거점역이름":"NA",
            "1시간이내주요거점역":"NA",
            "1시간거점역이름":"NA",
            "3km이내백화점수":0,
            "5km이내아울렛몰수":1,
            "1km이내대형먀트수":1,
            "500m이내은행수":0,
            "500m이내병원수":1,
            "5km이내대형병원수":4,
            "500m이내공원수":12,
            "3km이내혐오시설수":0,
            "초등학교학업성취도":89.99,
            "중학교학업성취도":80.2,
            "용적률":170,
            "건폐율":16,
            "Y":34.808629,
            "X":126.455503,
            "rank":8.0,
            "area_info":"34평(112.92), 37평(123.17), 39평(131.91), 40평(135.13), 40평(135.12), 43평(142.34), 44평(146.4), 44평(148.11), 46평(154.64), 51평(169.1)",
            "last_sales":"2022-01-19,40800.0,43평(142.34)",
            "rank_history":[
                [
                    "202203",
                    8
                ],
                [
                    "202202",
                    10
                ],
                [
                    "202201",
                    25
                ]
            ],
            "rank_gap":2
        },
        {
            "index":7,
            "아파트명":"목포대성LH천년나무",
            "투자타입":"일반",
            "전용면적(m2)":"110.89",
            "전용면적(평)":"33평",
            "법정동주소":"전라남도 목포시 대성동 222",
            "도로명주소":"전라남도 목포시 양을로 42",
            "세대수":90,
            "입주년차":80,
            "용적률점수":"--",
            "건폐율점수":"--",
            "세대당주차수":30,
            "난방방식":30,
            "공급면적":"--",
            "전용률":"--",
            "욕실수":100,
            "현관타입":100,
            "주거총점":75.0,
            "지역구공급총점":0.0,
            "역세권":"NA",
            "30분내 이동가능 거점":"NA",
            "1시간내 이동가능 거점":"NA",
            "교통총점":"NA",
            "백화점":0,
            "아울렛몰":0,
            "대형마트":0,
            "은행":0,
            "병원":30,
            "종합병원":100,
            "공원":100,
            "혐오시설":0,
            "인프라총점":26.0,
            "초등학군":90.03,
            "중학군":59.98,
            "학군총점":65.99,
            "인구수":23.52,
            "인구증감":-12.59,
            "인구총점":12.687,
            "일자리":11.38,
            "소득수준":55.86,
            "일자리총점":24.724,
            "가치 총점":53.1475,
            "매매실거래년":20211222.0,
            "매매실거래가":23200.0,
            "전세실거래년":20220121.0,
            "전세실거래가":21000.0,
            "전세가율":87.5,
            "장기전세가율평균":80.59,
            "전세가율거품지수":-6.91,
            "검색코드":108787,
            "세대수":1391.0,
            "준공년월":"2015-12-22",
            "준공년차":8.0,
            "가까운역이름":"NA",
            "가까운역거리":"NA",
            "역세권여부":"NA",
            "30분이내주요거점역":"NA",
            "30분거점역이름":"NA",
            "1시간이내주요거점역":"NA",
            "1시간거점역이름":"NA",
            "3km이내백화점수":0,
            "5km이내아울렛몰수":0,
            "1km이내대형먀트수":0,
            "500m이내은행수":0,
            "500m이내병원수":9,
            "5km이내대형병원수":5,
            "500m이내공원수":8,
            "3km이내혐오시설수":0,
            "초등학교학업성취도":90.03,
            "중학교학업성취도":99.5,
            "용적률":216,
            "건폐율":14,
            "Y":34.800808,
            "X":126.381391,
            "rank":9.0,
            "area_info":"33평(110.89), 33평(110.67), 33평(110.79), 33평(110.94)",
            "last_sales":"2021-12-22,23200.0,33평(110.67)",
            "rank_history":[
                [
                    "202203",
                    9
                ],
                [
                    "202202",
                    9
                ],
                [
                    "202201",
                    17
                ]
            ],
            "rank_gap":0
        },
        {
            "index":189,
            "아파트명":"호반리젠시빌",
            "투자타입":"일반",
            "전용면적(m2)":"111.63",
            "전용면적(평)":"33평",
            "법정동주소":"전라남도 목포시 상동 251-16",
            "도로명주소":"전라남도 목포시 영산로535번길 6",
            "세대수":80,
            "입주년차":20,
            "용적률점수":"--",
            "건폐율점수":"--",
            "세대당주차수":30,
            "난방방식":30,
            "공급면적":"--",
            "전용률":"--",
            "욕실수":100,
            "현관타입":100,
            "주거총점":59.5,
            "지역구공급총점":0.0,
            "역세권":"NA",
            "30분내 이동가능 거점":"NA",
            "1시간내 이동가능 거점":"NA",
            "교통총점":"NA",
            "백화점":0,
            "아울렛몰":80,
            "대형마트":80,
            "은행":0,
            "병원":60,
            "종합병원":100,
            "공원":100,
            "혐오시설":0,
            "인프라총점":49.0,
            "초등학군":89.99,
            "중학군":41.04,
            "학군총점":50.83,
            "인구수":23.52,
            "인구증감":-12.59,
            "인구총점":12.687,
            "일자리":11.38,
            "소득수준":55.86,
            "일자리총점":24.724,
            "가치 총점":53.1325,
            "매매실거래년":20220129.0,
            "매매실거래가":16300.0,
            "전세실거래년":20220224.0,
            "전세실거래가":14000.0,
            "전세가율":85.89,
            "장기전세가율평균":80.59,
            "전세가율거품지수":-5.3,
            "검색코드":101014,
            "세대수":710.0,
            "준공년월":"2002-08-02",
            "준공년차":21.0,
            "가까운역이름":"NA",
            "가까운역거리":"NA",
            "역세권여부":"NA",
            "30분이내주요거점역":"NA",
            "30분거점역이름":"NA",
            "1시간이내주요거점역":"NA",
            "1시간거점역이름":"NA",
            "3km이내백화점수":0,
            "5km이내아울렛몰수":1,
            "1km이내대형먀트수":1,
            "500m이내은행수":0,
            "500m이내병원수":19,
            "5km이내대형병원수":5,
            "500m이내공원수":7,
            "3km이내혐오시설수":0,
            "초등학교학업성취도":89.99,
            "중학교학업성취도":68.4,
            "용적률":264,
            "건폐율":22,
            "Y":34.815185,
            "X":126.418549,
            "rank":10.0,
            "area_info":"33평(111.63)",
            "last_sales":"2022-01-29,16300.0,33평(111.63)",
            "rank_history":[
                [
                    "202203",
                    10
                ],
                [
                    "202202",
                    8
                ],
                [
                    "202201",
                    7
                ]
            ],
            "rank_gap":-2
        },
        {
            "index":264,
            "아파트명":"모아엘가",
            "투자타입":"일반",
            "전용면적(m2)":"110.9",
            "전용면적(평)":"33평",
            "법정동주소":"전라남도 목포시 옥암동 1329",
            "도로명주소":"전라남도 목포시 남악2로22번길 58",
            "세대수":50,
            "입주년차":60,
            "용적률점수":"--",
            "건폐율점수":"--",
            "세대당주차수":30,
            "난방방식":30,
            "공급면적":"--",
            "전용률":"--",
            "욕실수":100,
            "현관타입":100,
            "주거총점":57.0,
            "지역구공급총점":0.0,
            "역세권":"NA",
            "30분내 이동가능 거점":"NA",
            "1시간내 이동가능 거점":"NA",
            "교통총점":"NA",
            "백화점":0,
            "아울렛몰":80,
            "대형마트":100,
            "은행":0,
            "병원":0,
            "종합병원":100,
            "공원":100,
            "혐오시설":0,
            "인프라총점":46.0,
            "초등학군":89.99,
            "중학군":49.68,
            "학군총점":57.742,
            "인구수":23.52,
            "인구증감":-12.59,
            "인구총점":12.687,
            "일자리":11.38,
            "소득수준":55.86,
            "일자리총점":24.724,
            "가치 총점":52.7855,
            "매매실거래년":20220213.0,
            "매매실거래가":30000.0,
            "전세실거래년":20220221.0,
            "전세실거래가":22000.0,
            "전세가율":73.33,
            "장기전세가율평균":80.59,
            "전세가율거품지수":7.26,
            "검색코드":106349,
            "세대수":518.0,
            "준공년월":"2010-02-02",
            "준공년차":13.0,
            "가까운역이름":"NA",
            "가까운역거리":"NA",
            "역세권여부":"NA",
            "30분이내주요거점역":"NA",
            "30분거점역이름":"NA",
            "1시간이내주요거점역":"NA",
            "1시간거점역이름":"NA",
            "3km이내백화점수":0,
            "5km이내아울렛몰수":1,
            "1km이내대형먀트수":2,
            "500m이내은행수":0,
            "500m이내병원수":1,
            "5km이내대형병원수":4,
            "500m이내공원수":10,
            "3km이내혐오시설수":0,
            "초등학교학업성취도":89.99,
            "중학교학업성취도":80.2,
            "용적률":190,
            "건폐율":19,
            "Y":34.807578,
            "X":126.458681,
            "rank":11.0,
            "area_info":"33평(110.9), 34평(112.59), 34평(113.23)",
            "last_sales":"2022-02-13,30000.0,33평(110.9)",
            "rank_history":[
                [
                    "202203",
                    11
                ],
                [
                    "202202",
                    12
                ],
                [
                    "202201",
                    13
                ]
            ],
            "rank_gap":1
        },
        {
            "index":298,
            "아파트명":"옥암한국아델리움센트럴3차",
            "투자타입":"일반",
            "전용면적(m2)":"78.8",
            "전용면적(평)":"23평",
            "법정동주소":"전라남도 목포시 옥암동 1399",
            "도로명주소":"전라남도 목포시 삼향천로 159",
            "세대수":30,
            "입주년차":100,
            "용적률점수":"--",
            "건폐율점수":"--",
            "세대당주차수":30,
            "난방방식":30,
            "공급면적":"--",
            "전용률":"--",
            "욕실수":100,
            "현관타입":100,
            "주거총점":58.0,
            "지역구공급총점":0.0,
            "역세권":"NA",
            "30분내 이동가능 거점":"NA",
            "1시간내 이동가능 거점":"NA",
            "교통총점":"NA",
            "백화점":0,
            "아울렛몰":80,
            "대형마트":100,
            "은행":0,
            "병원":60,
            "종합병원":100,
            "공원":100,
            "혐오시설":0,
            "인프라총점":52.0,
            "초등학군":89.99,
            "중학군":35.34,
            "학군총점":46.27,
            "인구수":23.52,
            "인구증감":-12.59,
            "인구총점":12.687,
            "일자리":11.38,
            "소득수준":55.86,
            "일자리총점":24.724,
            "가치 총점":52.6675,
            "매매실거래년":20200630.0,
            "매매실거래가":29370.0,
            "전세실거래년":null,
            "전세실거래가":null,
            "전세가율":null,
            "장기전세가율평균":80.59,
            "전세가율거품지수":null,
            "검색코드":119728,
            "세대수":314.0,
            "준공년월":"2020-06-29",
            "준공년차":3.0,
            "가까운역이름":"NA",
            "가까운역거리":"NA",
            "역세권여부":"NA",
            "30분이내주요거점역":"NA",
            "30분거점역이름":"NA",
            "1시간이내주요거점역":"NA",
            "1시간거점역이름":"NA",
            "3km이내백화점수":0,
            "5km이내아울렛몰수":1,
            "1km이내대형먀트수":2,
            "500m이내은행수":0,
            "500m이내병원수":10,
            "5km이내대형병원수":5,
            "500m이내공원수":2,
            "3km이내혐오시설수":0,
            "초등학교학업성취도":89.99,
            "중학교학업성취도":58.9,
            "용적률":244,
            "건폐율":24,
            "Y":34.813861,
            "X":126.427185,
            "rank":12.0,
            "area_info":"23평(78.8), 23평(78.65), 33평(109.62)",
            "last_sales":"2020-06-30,29370.0,33평(109.62)",
            "rank_history":[
                [
                    "202203",
                    12
                ],
                [
                    "202202",
                    11
                ],
                [
                    "202201",
                    15
                ]
            ],
            "rank_gap":-1
        },
        {
            "index":408,
            "아파트명":"용해3단지",
            "투자타입":"재건축",
            "전용면적(m2)":"47.57",
            "전용면적(평)":"14평",
            "법정동주소":"전라남도 목포시 용해동 339",
            "도로명주소":"전라남도 목포시 양을산길 12",
            "세대수":0,
            "입주년차":"--",
            "용적률점수":100,
            "건폐율점수":100,
            "세대당주차수":"--",
            "난방방식":"--",
            "공급면적":50,
            "전용률":100,
            "욕실수":"--",
            "현관타입":"--",
            "주거총점":67.5,
            "지역구공급총점":0.0,
            "역세권":"NA",
            "30분내 이동가능 거점":"NA",
            "1시간내 이동가능 거점":"NA",
            "교통총점":"NA",
            "백화점":0,
            "아울렛몰":0,
            "대형마트":80,
            "은행":0,
            "병원":30,
            "종합병원":100,
            "공원":100,
            "혐오시설":0,
            "인프라총점":38.0,
            "초등학군":90.01,
            "중학군":43.68,
            "학군총점":52.946,
            "인구수":23.52,
            "인구증감":-12.59,
            "인구총점":12.687,
            "일자리":11.38,
            "소득수준":55.86,
            "일자리총점":24.724,
            "가치 총점":52.0615,
            "매매실거래년":20220118.0,
            "매매실거래가":11500.0,
            "전세실거래년":20160331.0,
            "전세실거래가":3500.0,
            "전세가율":35.0,
            "장기전세가율평균":80.59,
            "전세가율거품지수":45.59,
            "검색코드":4617,
            "세대수":180.0,
            "준공년월":"1985-03-27",
            "준공년차":38.0,
            "가까운역이름":"NA",
            "가까운역거리":"NA",
            "역세권여부":"NA",
            "30분이내주요거점역":"NA",
            "30분거점역이름":"NA",
            "1시간이내주요거점역":"NA",
            "1시간거점역이름":"NA",
            "3km이내백화점수":0,
            "5km이내아울렛몰수":0,
            "1km이내대형먀트수":1,
            "500m이내은행수":0,
            "500m이내병원수":5,
            "5km이내대형병원수":5,
            "500m이내공원수":2,
            "3km이내혐오시설수":0,
            "초등학교학업성취도":90.01,
            "중학교학업성취도":72.4,
            "용적률":53,
            "건폐율":11,
            "Y":34.812794,
            "X":126.40184,
            "rank":13.0,
            "area_info":"14평(47.57), 16평(54.77), 16평(54.22), 19평(65.99)",
            "last_sales":"2022-01-18,11500.0,16평(54.77)",
            "rank_history":[
                [
                    "202203",
                    13
                ],
                [
                    "202202",
                    14
                ],
                [
                    "202201",
                    10
                ]
            ],
            "rank_gap":1
        },
        {
            "index":148,
            "아파트명":"상동주공2단지",
            "투자타입":"재건축",
            "전용면적(m2)":"50.4",
            "전용면적(평)":"15평",
            "법정동주소":"전라남도 목포시 상동 766",
            "도로명주소":"전라남도 목포시 상동로 43",
            "세대수":80,
            "입주년차":"--",
            "용적률점수":60,
            "건폐율점수":100,
            "세대당주차수":"--",
            "난방방식":"--",
            "공급면적":50,
            "전용률":60,
            "욕실수":"--",
            "현관타입":"--",
            "주거총점":73.5,
            "지역구공급총점":0.0,
            "역세권":"NA",
            "30분내 이동가능 거점":"NA",
            "1시간내 이동가능 거점":"NA",
            "교통총점":"NA",
            "백화점":0,
            "아울렛몰":80,
            "대형마트":0,
            "은행":0,
            "병원":30,
            "종합병원":100,
            "공원":100,
            "혐오시설":0,
            "인프라총점":34.0,
            "초등학군":89.95,
            "중학군":41.04,
            "학군총점":50.822,
            "인구수":23.52,
            "인구증감":-12.59,
            "인구총점":12.687,
            "일자리":11.38,
            "소득수준":55.86,
            "일자리총점":24.724,
            "가치 총점":52.0305,
            "매매실거래년":20220215.0,
            "매매실거래가":3700.0,
            "전세실거래년":20220216.0,
            "전세실거래가":4300.0,
            "전세가율":116.22,
            "장기전세가율평균":80.59,
            "전세가율거품지수":-35.63,
            "검색코드":4558,
            "세대수":810.0,
            "준공년월":"1992-03-30",
            "준공년차":31.0,
            "가까운역이름":"NA",
            "가까운역거리":"NA",
            "역세권여부":"NA",
            "30분이내주요거점역":"NA",
            "30분거점역이름":"NA",
            "1시간이내주요거점역":"NA",
            "1시간거점역이름":"NA",
            "3km이내백화점수":0,
            "5km이내아울렛몰수":1,
            "1km이내대형먀트수":0,
            "500m이내은행수":0,
            "500m이내병원수":7,
            "5km이내대형병원수":5,
            "500m이내공원수":10,
            "3km이내혐오시설수":0,
            "초등학교학업성취도":89.95,
            "중학교학업성취도":68.4,
            "용적률":198,
            "건폐율":16,
            "Y":34.812885,
            "X":126.41291,
            "rank":14.0,
            "area_info":"15평(50.4), 17평(58.61)",
            "last_sales":"2022-02-15,3700.0,15평(50.4)",
            "rank_history":[
                [
                    "202203",
                    14
                ],
                [
                    "202202",
                    13
                ],
                [
                    "202201",
                    9
                ]
            ],
            "rank_gap":-1
        },
        {
            "index":142,
            "아파트명":"비파3차",
            "투자타입":"일반",
            "전용면적(m2)":"63.54",
            "전용면적(평)":"19평",
            "법정동주소":"전라남도 목포시 상동 846",
            "도로명주소":"전라남도 목포시 백년대로337번길 9",
            "세대수":50,
            "입주년차":0,
            "용적률점수":"--",
            "건폐율점수":"--",
            "세대당주차수":0,
            "난방방식":80,
            "공급면적":"--",
            "전용률":"--",
            "욕실수":50,
            "현관타입":10,
            "주거총점":31.5,
            "지역구공급총점":0.0,
            "역세권":"NA",
            "30분내 이동가능 거점":"NA",
            "1시간내 이동가능 거점":"NA",
            "교통총점":"NA",
            "백화점":0,
            "아울렛몰":80,
            "대형마트":80,
            "은행":100,
            "병원":80,
            "종합병원":100,
            "공원":100,
            "혐오시설":0,
            "인프라총점":61.0,
            "초등학군":90.0,
            "중학군":59.76,
            "학군총점":65.808,
            "인구수":23.52,
            "인구증감":-12.59,
            "인구총점":12.687,
            "일자리":11.38,
            "소득수준":55.86,
            "일자리총점":24.724,
            "가치 총점":51.877,
            "매매실거래년":20220211.0,
            "매매실거래가":7500.0,
            "전세실거래년":20220121.0,
            "전세실거래가":7500.0,
            "전세가율":100.0,
            "장기전세가율평균":80.59,
            "전세가율거품지수":-19.41,
            "검색코드":4555,
            "세대수":510.0,
            "준공년월":"1993-09-20",
            "준공년차":30.0,
            "가까운역이름":"NA",
            "가까운역거리":"NA",
            "역세권여부":"NA",
            "30분이내주요거점역":"NA",
            "30분거점역이름":"NA",
            "1시간이내주요거점역":"NA",
            "1시간거점역이름":"NA",
            "3km이내백화점수":0,
            "5km이내아울렛몰수":1,
            "1km이내대형먀트수":1,
            "500m이내은행수":6,
            "500m이내병원수":53,
            "5km이내대형병원수":5,
            "500m이내공원수":4,
            "3km이내혐오시설수":0,
            "초등학교학업성취도":90.0,
            "중학교학업성취도":99.6,
            "용적률":218,
            "건폐율":20,
            "Y":34.806523,
            "X":126.422758,
            "rank":15.0,
            "area_info":"19평(63.54), 19평(63.58)",
            "last_sales":"2022-02-11,7500.0,19평(63.54)",
            "rank_history":[
                [
                    "202203",
                    15
                ],
                [
                    "202202",
                    15
                ],
                [
                    "202201",
                    11
                ]
            ],
            "rank_gap":0
        },
        {
            "index":394,
            "아파트명":"시민",
            "투자타입":"재건축",
            "전용면적(m2)":"40.5",
            "전용면적(평)":"12평",
            "법정동주소":"전라남도 목포시 용해동 212-7",
            "도로명주소":"전라남도 목포시 송림로55번길 2",
            "세대수":0,
            "입주년차":"--",
            "용적률점수":100,
            "건폐율점수":80,
            "세대당주차수":"--",
            "난방방식":"--",
            "공급면적":50,
            "전용률":100,
            "욕실수":"--",
            "현관타입":"--",
            "주거총점":63.5,
            "지역구공급총점":0.0,
            "역세권":"NA",
            "30분내 이동가능 거점":"NA",
            "1시간내 이동가능 거점":"NA",
            "교통총점":"NA",
            "백화점":0,
            "아울렛몰":0,
            "대형마트":80,
            "은행":0,
            "병원":60,
            "종합병원":100,
            "공원":100,
            "혐오시설":0,
            "인프라총점":41.0,
            "초등학군":90.01,
            "중학군":43.68,
            "학군총점":52.946,
            "인구수":23.52,
            "인구증감":-12.59,
            "인구총점":12.687,
            "일자리":11.38,
            "소득수준":55.86,
            "일자리총점":24.724,
            "가치 총점":51.8615,
            "매매실거래년":"18000101",
            "매매실거래가":null,
            "전세실거래년":null,
            "전세실거래가":null,
            "전세가율":null,
            "장기전세가율평균":80.59,
            "전세가율거품지수":null,
            "검색코드":117294,
            "세대수":78.0,
            "준공년월":"1980-11-13",
            "준공년차":43.0,
            "가까운역이름":"NA",
            "가까운역거리":"NA",
            "역세권여부":"NA",
            "30분이내주요거점역":"NA",
            "30분거점역이름":"NA",
            "1시간이내주요거점역":"NA",
            "1시간거점역이름":"NA",
            "3km이내백화점수":0,
            "5km이내아울렛몰수":0,
            "1km이내대형먀트수":1,
            "500m이내은행수":0,
            "500m이내병원수":12,
            "5km이내대형병원수":5,
            "500m이내공원수":3,
            "3km이내혐오시설수":0,
            "초등학교학업성취도":90.01,
            "중학교학업성취도":72.4,
            "용적률":81,
            "건폐율":27,
            "Y":34.806563,
            "X":126.403936,
            "rank":16.0,
            "area_info":"12평(40.5), 12평(40.49), 12평(41.32)",
            "last_sales":"1800-01-01,nan,12평(40.5)",
            "rank_history":[
                [
                    "202203",
                    16
                ],
                [
                    "202202",
                    9999
                ]
            ],
            "rank_gap":9999
        },
        {
            "index":144,
            "아파트명":"삼성",
            "투자타입":"일반",
            "전용면적(m2)":"76.64",
            "전용면적(평)":"23평",
            "법정동주소":"전라남도 목포시 상동 1018",
            "도로명주소":"전라남도 목포시 부흥로 12",
            "세대수":50,
            "입주년차":0,
            "용적률점수":"--",
            "건폐율점수":"--",
            "세대당주차수":0,
            "난방방식":80,
            "공급면적":"--",
            "전용률":"--",
            "욕실수":50,
            "현관타입":100,
            "주거총점":40.5,
            "지역구공급총점":0.0,
            "역세권":"NA",
            "30분내 이동가능 거점":"NA",
            "1시간내 이동가능 거점":"NA",
            "교통총점":"NA",
            "백화점":0,
            "아울렛몰":80,
            "대형마트":80,
            "은행":100,
            "병원":60,
            "종합병원":100,
            "공원":100,
            "혐오시설":0,
            "인프라총점":59.0,
            "초등학군":90.0,
            "중학군":47.56,
            "학군총점":56.048,
            "인구수":23.52,
            "인구증감":-12.59,
            "인구총점":12.687,
            "일자리":11.38,
            "소득수준":55.86,
            "일자리총점":24.724,
            "가치 총점":51.787,
            "매매실거래년":20220218.0,
            "매매실거래가":14750.0,
            "전세실거래년":20211225.0,
            "전세실거래가":11500.0,
            "전세가율":97.05,
            "장기전세가율평균":80.59,
            "전세가율거품지수":-16.46,
            "검색코드":4557,
            "세대수":680.0,
            "준공년월":"1995-09-28",
            "준공년차":28.0,
            "가까운역이름":"NA",
            "가까운역거리":"NA",
            "역세권여부":"NA",
            "30분이내주요거점역":"NA",
            "30분거점역이름":"NA",
            "1시간이내주요거점역":"NA",
            "1시간거점역이름":"NA",
            "3km이내백화점수":0,
            "5km이내아울렛몰수":1,
            "1km이내대형먀트수":1,
            "500m이내은행수":5,
            "500m이내병원수":24,
            "5km이내대형병원수":5,
            "500m이내공원수":8,
            "3km이내혐오시설수":0,
            "초등학교학업성취도":90.0,
            "중학교학업성취도":79.0,
            "용적률":212,
            "건폐율":21,
            "Y":34.800065,
            "X":126.423799,
            "rank":17.0,
            "area_info":"23평(76.64), 31평(103.78), 41평(136.57), 44평(146.06)",
            "last_sales":"2022-02-18,14750.0,31평(103.78)",
            "rank_history":[
                [
                    "202203",
                    17
                ],
                [
                    "202202",
                    16
                ],
                [
                    "202201",
                    29
                ]
            ],
            "rank_gap":-1
        },
        {
            "index":345,
            "아파트명":"한라비발디",
            "투자타입":"일반",
            "전용면적(m2)":"125.67",
            "전용면적(평)":"38평",
            "법정동주소":"전라남도 목포시 옥암동 1321",
            "도로명주소":"전라남도 목포시 남악2로22번길 10",
            "세대수":50,
            "입주년차":40,
            "용적률점수":"--",
            "건폐율점수":"--",
            "세대당주차수":60,
            "난방방식":30,
            "공급면적":"--",
            "전용률":"--",
            "욕실수":100,
            "현관타입":100,
            "주거총점":57.5,
            "지역구공급총점":0.0,
            "역세권":"NA",
            "30분내 이동가능 거점":"NA",
            "1시간내 이동가능 거점":"NA",
            "교통총점":"NA",
            "백화점":0,
            "아울렛몰":80,
            "대형마트":80,
            "은행":0,
            "병원":0,
            "종합병원":100,
            "공원":100,
            "혐오시설":0,
            "인프라총점":43.0,
            "초등학군":89.99,
            "중학군":49.68,
            "학군총점":57.742,
            "인구수":23.52,
            "인구증감":-12.59,
            "인구총점":12.687,
            "일자리":11.38,
            "소득수준":55.86,
            "일자리총점":24.724,
            "가치 총점":51.7605,
            "매매실거래년":20220120.0,
            "매매실거래가":32500.0,
            "전세실거래년":20220205.0,
            "전세실거래가":25000.0,
            "전세가율":76.92,
            "장기전세가율평균":80.59,
            "전세가율거품지수":3.67,
            "검색코드":24772,
            "세대수":576.0,
            "준공년월":"2008-07-24",
            "준공년차":15.0,
            "가까운역이름":"NA",
            "가까운역거리":"NA",
            "역세권여부":"NA",
            "30분이내주요거점역":"NA",
            "30분거점역이름":"NA",
            "1시간이내주요거점역":"NA",
            "1시간거점역이름":"NA",
            "3km이내백화점수":0,
            "5km이내아울렛몰수":1,
            "1km이내대형먀트수":1,
            "500m이내은행수":0,
            "500m이내병원수":1,
            "5km이내대형병원수":4,
            "500m이내공원수":12,
            "3km이내혐오시설수":0,
            "초등학교학업성취도":89.99,
            "중학교학업성취도":80.2,
            "용적률":179,
            "건폐율":18,
            "Y":34.806836,
            "X":126.454859,
            "rank":18.0,
            "area_info":"38평(125.67), 42평(140.74), 42평(140.87), 43평(143.68), 48평(160.02), 48평(161.39), 49평(162.07), 60평(201.14)",
            "last_sales":"2022-01-20,32500.0,38평(125.67)",
            "rank_history":[
                [
                    "202203",
                    18
                ],
                [
                    "202202",
                    17
                ],
                [
                    "202201",
                    31
                ]
            ],
            "rank_gap":-1
        },
        {
            "index":210,
            "아파트명":"목포서희스타힐스",
            "투자타입":"일반",
            "전용면적(m2)":"79.6",
            "전용면적(평)":"24평",
            "법정동주소":"전라남도 목포시 석현동 1181",
            "도로명주소":"전라남도 목포시 영산로 719-29",
            "세대수":90,
            "입주년차":100,
            "용적률점수":"--",
            "건폐율점수":"--",
            "세대당주차수":30,
            "난방방식":30,
            "공급면적":"--",
            "전용률":"--",
            "욕실수":100,
            "현관타입":100,
            "주거총점":79.0,
            "지역구공급총점":0.0,
            "역세권":"NA",
            "30분내 이동가능 거점":"NA",
            "1시간내 이동가능 거점":"NA",
            "교통총점":"NA",
            "백화점":0,
            "아울렛몰":80,
            "대형마트":0,
            "은행":0,
            "병원":0,
            "종합병원":100,
            "공원":0,
            "혐오시설":-50,
            "인프라총점":27.0,
            "초등학군":89.99,
            "중학군":41.04,
            "학군총점":50.83,
            "인구수":23.52,
            "인구증감":-12.59,
            "인구총점":12.687,
            "일자리":11.38,
            "소득수준":55.86,
            "일자리총점":24.724,
            "가치 총점":51.1575,
            "매매실거래년":20210306.0,
            "매매실거래가":25000.0,
            "전세실거래년":null,
            "전세실거래가":null,
            "전세가율":null,
            "장기전세가율평균":80.59,
            "전세가율거품지수":null,
            "검색코드":120005,
            "세대수":1186.0,
            "준공년월":"2020-09-01",
            "준공년차":3.0,
            "가까운역이름":"NA",
            "가까운역거리":"NA",
            "역세권여부":"NA",
            "30분이내주요거점역":"NA",
            "30분거점역이름":"NA",
            "1시간이내주요거점역":"NA",
            "1시간거점역이름":"NA",
            "3km이내백화점수":0,
            "5km이내아울렛몰수":1,
            "1km이내대형먀트수":0,
            "500m이내은행수":0,
            "500m이내병원수":0,
            "5km이내대형병원수":5,
            "500m이내공원수":0,
            "3km이내혐오시설수":1,
            "초등학교학업성취도":89.99,
            "중학교학업성취도":68.4,
            "용적률":0,
            "건폐율":0,
            "Y":34.82488,
            "X":126.41723,
            "rank":19.0,
            "area_info":"24평(79.6), 29평(97.29), 32평(107.29), 32평(107.51)",
            "last_sales":"2021-03-06,25000.0,32평(107.29)",
            "rank_history":[
                [
                    "202203",
                    19
                ],
                [
                    "202202",
                    18
                ],
                [
                    "202201",
                    12
                ]
            ],
            "rank_gap":-1
        },
        {
            "index":187,
            "아파트명":"하당현대",
            "투자타입":"일반",
            "전용면적(m2)":"76.47",
            "전용면적(평)":"23평",
            "법정동주소":"전라남도 목포시 상동 1014-1",
            "도로명주소":"전라남도 목포시 통일대로37번길 33-1",
            "세대수":50,
            "입주년차":0,
            "용적률점수":"--",
            "건폐율점수":"--",
            "세대당주차수":30,
            "난방방식":30,
            "공급면적":"--",
            "전용률":"--",
            "욕실수":50,
            "현관타입":100,
            "주거총점":40.0,
            "지역구공급총점":0.0,
            "역세권":"NA",
            "30분내 이동가능 거점":"NA",
            "1시간내 이동가능 거점":"NA",
            "교통총점":"NA",
            "백화점":0,
            "아울렛몰":80,
            "대형마트":80,
            "은행":70,
            "병원":60,
            "종합병원":100,
            "공원":100,
            "혐오시설":0,
            "인프라총점":56.0,
            "초등학군":90.0,
            "중학군":47.56,
            "학군총점":56.048,
            "인구수":23.52,
            "인구증감":-12.59,
            "인구총점":12.687,
            "일자리":11.38,
            "소득수준":55.86,
            "일자리총점":24.724,
            "가치 총점":50.412,
            "매매실거래년":20220212.0,
            "매매실거래가":12700.0,
            "전세실거래년":20220218.0,
            "전세실거래가":11000.0,
            "전세가율":86.61,
            "장기전세가율평균":80.59,
            "전세가율거품지수":-6.02,
            "검색코드":4574,
            "세대수":657.0,
            "준공년월":"1996-10-26",
            "준공년차":27.0,
            "가까운역이름":"NA",
            "가까운역거리":"NA",
            "역세권여부":"NA",
            "30분이내주요거점역":"NA",
            "30분거점역이름":"NA",
            "1시간이내주요거점역":"NA",
            "1시간거점역이름":"NA",
            "3km이내백화점수":0,
            "5km이내아울렛몰수":1,
            "1km이내대형먀트수":1,
            "500m이내은행수":3,
            "500m이내병원수":19,
            "5km이내대형병원수":5,
            "500m이내공원수":7,
            "3km이내혐오시설수":0,
            "초등학교학업성취도":90.0,
            "중학교학업성취도":79.0,
            "용적률":197,
            "건폐율":18,
            "Y":34.79986,
            "X":126.427496,
            "rank":20.0,
            "area_info":"23평(76.47), 31평(102.64)",
            "last_sales":"2022-02-12,12700.0,23평(76.47)",
            "rank_history":[
                [
                    "202203",
                    20
                ],
                [
                    "202202",
                    19
                ],
                [
                    "202201",
                    35
                ]
            ],
            "rank_gap":-1
        },
        {
            "index":214,
            "아파트명":"석현금호어울림",
            "투자타입":"일반",
            "전용면적(m2)":"118.28",
            "전용면적(평)":"35평",
            "법정동주소":"전라남도 목포시 석현동 816-27",
            "도로명주소":"전라남도 목포시 텃골로33번길 53",
            "세대수":50,
            "입주년차":40,
            "용적률점수":"--",
            "건폐율점수":"--",
            "세대당주차수":30,
            "난방방식":30,
            "공급면적":"--",
            "전용률":"--",
            "욕실수":100,
            "현관타입":100,
            "주거총점":53.0,
            "지역구공급총점":0.0,
            "역세권":"NA",
            "30분내 이동가능 거점":"NA",
            "1시간내 이동가능 거점":"NA",
            "교통총점":"NA",
            "백화점":0,
            "아울렛몰":80,
            "대형마트":80,
            "은행":0,
            "병원":30,
            "종합병원":100,
            "공원":100,
            "혐오시설":0,
            "인프라총점":46.0,
            "초등학군":89.99,
            "중학군":41.04,
            "학군총점":50.83,
            "인구수":23.52,
            "인구증감":-12.59,
            "인구총점":12.687,
            "일자리":11.38,
            "소득수준":55.86,
            "일자리총점":24.724,
            "가치 총점":49.6575,
            "매매실거래년":20220207.0,
            "매매실거래가":23300.0,
            "전세실거래년":20220211.0,
            "전세실거래가":19950.0,
            "전세가율":85.62,
            "장기전세가율평균":80.59,
            "전세가율거품지수":-5.03,
            "검색코드":102553,
            "세대수":476.0,
            "준공년월":"2007-11-27",
            "준공년차":16.0,
            "가까운역이름":"NA",
            "가까운역거리":"NA",
            "역세권여부":"NA",
            "30분이내주요거점역":"NA",
            "30분거점역이름":"NA",
            "1시간이내주요거점역":"NA",
            "1시간거점역이름":"NA",
            "3km이내백화점수":0,
            "5km이내아울렛몰수":1,
            "1km이내대형먀트수":1,
            "500m이내은행수":0,
            "500m이내병원수":5,
            "5km이내대형병원수":5,
            "500m이내공원수":3,
            "3km이내혐오시설수":0,
            "초등학교학업성취도":89.99,
            "중학교학업성취도":68.4,
            "용적률":205,
            "건폐율":17,
            "Y":34.817946,
            "X":126.418114,
            "rank":21.0,
            "area_info":"35평(118.28), 35평(118.28), 36평(119.89), 36평(120.37), 36평(121.35), 48평(159.73)",
            "last_sales":"2022-02-07,23300.0,35평(118.28)",
            "rank_history":[
                [
                    "202203",
                    21
                ],
                [
                    "202202",
                    20
                ],
                [
                    "202201",
                    18
                ]
            ],
            "rank_gap":-1
        },
        {
            "index":134,
            "아파트명":"대경천사캐슬(도시형)",
            "투자타입":"일반",
            "전용면적(m2)":"49.89",
            "전용면적(평)":"15평",
            "법정동주소":"전라남도 목포시 상동 778",
            "도로명주소":"전라남도 목포시 번영로 172",
            "세대수":0,
            "입주년차":100,
            "용적률점수":"--",
            "건폐율점수":"--",
            "세대당주차수":0,
            "난방방식":30,
            "공급면적":"--",
            "전용률":"--",
            "욕실수":50,
            "현관타입":100,
            "주거총점":38.0,
            "지역구공급총점":0.0,
            "역세권":"NA",
            "30분내 이동가능 거점":"NA",
            "1시간내 이동가능 거점":"NA",
            "교통총점":"NA",
            "백화점":0,
            "아울렛몰":80,
            "대형마트":80,
            "은행":0,
            "병원":60,
            "종합병원":100,
            "공원":100,
            "혐오시설":0,
            "인프라총점":49.0,
            "초등학군":89.99,
            "중학군":59.76,
            "학군총점":65.806,
            "인구수":23.52,
            "인구증감":-12.59,
            "인구총점":12.687,
            "일자리":11.38,
            "소득수준":55.86,
            "일자리총점":24.724,
            "가치 총점":49.3515,
            "매매실거래년":"18000101",
            "매매실거래가":null,
            "전세실거래년":null,
            "전세실거래가":null,
            "전세가율":null,
            "장기전세가율평균":80.59,
            "전세가율거품지수":null,
            "검색코드":141240,
            "세대수":76.0,
            "준공년월":"2020-12-23",
            "준공년차":3.0,
            "가까운역이름":"NA",
            "가까운역거리":"NA",
            "역세권여부":"NA",
            "30분이내주요거점역":"NA",
            "30분거점역이름":"NA",
            "1시간이내주요거점역":"NA",
            "1시간거점역이름":"NA",
            "3km이내백화점수":0,
            "5km이내아울렛몰수":1,
            "1km이내대형먀트수":1,
            "500m이내은행수":0,
            "500m이내병원수":25,
            "5km이내대형병원수":5,
            "500m이내공원수":10,
            "3km이내혐오시설수":0,
            "초등학교학업성취도":89.99,
            "중학교학업성취도":99.6,
            "용적률":476,
            "건폐율":63,
            "Y":34.811884,
            "X":126.419488,
            "rank":22.0,
            "area_info":"15평(49.89), 16평(55.43), 18평(61.71)",
            "last_sales":"1800-01-01,nan,15평(49.89)",
            "rank_history":[
                [
                    "202203",
                    22
                ],
                [
                    "202202",
                    9999
                ]
            ],
            "rank_gap":9999
        },
        {
            "index":331,
            "아파트명":"제일하이빌2차",
            "투자타입":"일반",
            "전용면적(m2)":"124.96",
            "전용면적(평)":"37평",
            "법정동주소":"전라남도 목포시 옥암동 984",
            "도로명주소":"전라남도 목포시 신흥로 113",
            "세대수":50,
            "입주년차":20,
            "용적률점수":"--",
            "건폐율점수":"--",
            "세대당주차수":30,
            "난방방식":30,
            "공급면적":"--",
            "전용률":"--",
            "욕실수":100,
            "현관타입":100,
            "주거총점":49.0,
            "지역구공급총점":0.0,
            "역세권":"NA",
            "30분내 이동가능 거점":"NA",
            "1시간내 이동가능 거점":"NA",
            "교통총점":"NA",
            "백화점":0,
            "아울렛몰":80,
            "대형마트":80,
            "은행":20,
            "병원":60,
            "종합병원":100,
            "공원":100,
            "혐오시설":0,
            "인프라총점":51.0,
            "초등학군":89.98,
            "중학군":35.34,
            "학군총점":46.268,
            "인구수":23.52,
            "인구증감":-12.59,
            "인구총점":12.687,
            "일자리":11.38,
            "소득수준":55.86,
            "일자리총점":24.724,
            "가치 총점":49.117,
            "매매실거래년":20220211.0,
            "매매실거래가":18000.0,
            "전세실거래년":20220210.0,
            "전세실거래가":16000.0,
            "전세가율":88.89,
            "장기전세가율평균":80.59,
            "전세가율거품지수":-8.3,
            "검색코드":14956,
            "세대수":420.0,
            "준공년월":"2002-02-28",
            "준공년차":21.0,
            "가까운역이름":"NA",
            "가까운역거리":"NA",
            "역세권여부":"NA",
            "30분이내주요거점역":"NA",
            "30분거점역이름":"NA",
            "1시간이내주요거점역":"NA",
            "1시간거점역이름":"NA",
            "3km이내백화점수":0,
            "5km이내아울렛몰수":1,
            "1km이내대형먀트수":1,
            "500m이내은행수":2,
            "500m이내병원수":16,
            "5km이내대형병원수":5,
            "500m이내공원수":8,
            "3km이내혐오시설수":0,
            "초등학교학업성취도":89.98,
            "중학교학업성취도":58.9,
            "용적률":274,
            "건폐율":26,
            "Y":34.806674,
            "X":126.431607,
            "rank":23.0,
            "area_info":"37평(124.96)",
            "last_sales":"2022-02-11,18000.0,37평(124.96)",
            "rank_history":[
                [
                    "202203",
                    23
                ],
                [
                    "202202",
                    21
                ],
                [
                    "202201",
                    22
                ]
            ],
            "rank_gap":-2
        },
        {
            "index":181,
            "아파트명":"주하우제스카이",
            "투자타입":"일반",
            "전용면적(m2)":"120.9",
            "전용면적(평)":"36평",
            "법정동주소":"전라남도 목포시 상동 1022",
            "도로명주소":"전라남도 목포시 하당남부로 18",
            "세대수":0,
            "입주년차":100,
            "용적률점수":"--",
            "건폐율점수":"--",
            "세대당주차수":30,
            "난방방식":30,
            "공급면적":"--",
            "전용률":"--",
            "욕실수":100,
            "현관타입":100,
            "주거총점":47.5,
            "지역구공급총점":0.0,
            "역세권":"NA",
            "30분내 이동가능 거점":"NA",
            "1시간내 이동가능 거점":"NA",
            "교통총점":"NA",
            "백화점":0,
            "아울렛몰":80,
            "대형마트":80,
            "은행":0,
            "병원":30,
            "종합병원":100,
            "공원":100,
            "혐오시설":0,
            "인프라총점":46.0,
            "초등학군":90.0,
            "중학군":47.56,
            "학군총점":56.048,
            "인구수":23.52,
            "인구증감":-12.59,
            "인구총점":12.687,
            "일자리":11.38,
            "소득수준":55.86,
            "일자리총점":24.724,
            "가치 총점":49.037,
            "매매실거래년":20220204.0,
            "매매실거래가":28300.0,
            "전세실거래년":20220102.0,
            "전세실거래가":21000.0,
            "전세가율":74.2,
            "장기전세가율평균":80.59,
            "전세가율거품지수":6.39,
            "검색코드":134482,
            "세대수":100.0,
            "준공년월":"2021-11-12",
            "준공년차":2.0,
            "가까운역이름":"NA",
            "가까운역거리":"NA",
            "역세권여부":"NA",
            "30분이내주요거점역":"NA",
            "30분거점역이름":"NA",
            "1시간이내주요거점역":"NA",
            "1시간거점역이름":"NA",
            "3km이내백화점수":0,
            "5km이내아울렛몰수":1,
            "1km이내대형먀트수":1,
            "500m이내은행수":1,
            "500m이내병원수":7,
            "5km이내대형병원수":5,
            "500m이내공원수":8,
            "3km이내혐오시설수":0,
            "초등학교학업성취도":90.0,
            "중학교학업성취도":79.0,
            "용적률":714,
            "건폐율":69,
            "Y":34.798285,
            "X":126.426883,
            "rank":24.0,
            "area_info":"36평(120.9), 36평(122.14)",
            "last_sales":"2022-02-04,28300.0,36평(120.9)",
            "rank_history":[
                [
                    "202203",
                    24
                ],
                [
                    "202202",
                    22
                ],
                [
                    "202201",
                    44
                ]
            ],
            "rank_gap":-2
        },
        {
            "index":294,
            "아파트명":"옥암한국아델리움2차",
            "투자타입":"일반",
            "전용면적(m2)":"83.16",
            "전용면적(평)":"25평",
            "법정동주소":"전라남도 목포시 옥암동 1398",
            "도로명주소":"전라남도 목포시 옥암로 150",
            "세대수":0,
            "입주년차":100,
            "용적률점수":"--",
            "건폐율점수":"--",
            "세대당주차수":30,
            "난방방식":30,
            "공급면적":"--",
            "전용률":"--",
            "욕실수":100,
            "현관타입":100,
            "주거총점":47.5,
            "지역구공급총점":0.0,
            "역세권":"NA",
            "30분내 이동가능 거점":"NA",
            "1시간내 이동가능 거점":"NA",
            "교통총점":"NA",
            "백화점":0,
            "아울렛몰":80,
            "대형마트":100,
            "은행":0,
            "병원":60,
            "종합병원":100,
            "공원":100,
            "혐오시설":0,
            "인프라총점":52.0,
            "초등학군":89.99,
            "중학군":35.34,
            "학군총점":46.27,
            "인구수":23.52,
            "인구증감":-12.59,
            "인구총점":12.687,
            "일자리":11.38,
            "소득수준":55.86,
            "일자리총점":24.724,
            "가치 총점":48.9925,
            "매매실거래년":"18000101",
            "매매실거래가":null,
            "전세실거래년":null,
            "전세실거래가":null,
            "전세가율":null,
            "장기전세가율평균":80.59,
            "전세가율거품지수":null,
            "검색코드":129682,
            "세대수":217.0,
            "준공년월":"2019-11-22",
            "준공년차":4.0,
            "가까운역이름":"NA",
            "가까운역거리":"NA",
            "역세권여부":"NA",
            "30분이내주요거점역":"NA",
            "30분거점역이름":"NA",
            "1시간이내주요거점역":"NA",
            "1시간거점역이름":"NA",
            "3km이내백화점수":0,
            "5km이내아울렛몰수":1,
            "1km이내대형먀트수":2,
            "500m이내은행수":0,
            "500m이내병원수":17,
            "5km이내대형병원수":5,
            "500m이내공원수":2,
            "3km이내혐오시설수":0,
            "초등학교학업성취도":89.99,
            "중학교학업성취도":58.9,
            "용적률":0,
            "건폐율":0,
            "Y":34.812164,
            "X":126.42448,
            "rank":25.0,
            "area_info":"25평(83.16), 33평(111.61), 33평(111.53), 62평(205.69)",
            "last_sales":"1800-01-01,nan,25평(83.16)",
            "rank_history":[
                [
                    "202203",
                    25
                ],
                [
                    "202202",
                    23
                ],
                [
                    "202201",
                    24
                ]
            ],
            "rank_gap":-2
        },
        {
            "index":81,
            "아파트명":"신안비치팔레스1차",
            "투자타입":"일반",
            "전용면적(m2)":"80.43",
            "전용면적(평)":"24평",
            "법정동주소":"전라남도 목포시 산정동 1152",
            "도로명주소":"전라남도 목포시 청호로 210",
            "세대수":80,
            "입주년차":20,
            "용적률점수":"--",
            "건폐율점수":"--",
            "세대당주차수":30,
            "난방방식":30,
            "공급면적":"--",
            "전용률":"--",
            "욕실수":100,
            "현관타입":100,
            "주거총점":59.5,
            "지역구공급총점":0.0,
            "역세권":"NA",
            "30분내 이동가능 거점":"NA",
            "1시간내 이동가능 거점":"NA",
            "교통총점":"NA",
            "백화점":0,
            "아울렛몰":0,
            "대형마트":0,
            "은행":0,
            "병원":60,
            "종합병원":100,
            "공원":100,
            "혐오시설":0,
            "인프라총점":29.0,
            "초등학군":90.01,
            "중학군":59.98,
            "학군총점":65.986,
            "인구수":23.52,
            "인구증감":-12.59,
            "인구총점":12.687,
            "일자리":11.38,
            "소득수준":55.86,
            "일자리총점":24.724,
            "가치 총점":48.9215,
            "매매실거래년":20220211.0,
            "매매실거래가":18500.0,
            "전세실거래년":20210807.0,
            "전세실거래가":10000.0,
            "전세가율":81.3,
            "장기전세가율평균":80.59,
            "전세가율거품지수":-0.71,
            "검색코드":108987,
            "세대수":802.0,
            "준공년월":"2003-08-27",
            "준공년차":20.0,
            "가까운역이름":"NA",
            "가까운역거리":"NA",
            "역세권여부":"NA",
            "30분이내주요거점역":"NA",
            "30분거점역이름":"NA",
            "1시간이내주요거점역":"NA",
            "1시간거점역이름":"NA",
            "3km이내백화점수":0,
            "5km이내아울렛몰수":0,
            "1km이내대형먀트수":0,
            "500m이내은행수":1,
            "500m이내병원수":13,
            "5km이내대형병원수":5,
            "500m이내공원수":10,
            "3km이내혐오시설수":0,
            "초등학교학업성취도":90.01,
            "중학교학업성취도":99.5,
            "용적률":281,
            "건폐율":27,
            "Y":34.809467,
            "X":126.371196,
            "rank":26.0,
            "area_info":"24평(80.43), 31평(105.05), 34평(115.5)",
            "last_sales":"2022-02-11,18500.0,34평(115.5)",
            "rank_history":[
                [
                    "202203",
                    26
                ],
                [
                    "202202",
                    24
                ],
                [
                    "202201",
                    19
                ]
            ],
            "rank_gap":-2
        },
        {
            "index":47,
            "아파트명":"라인",
            "투자타입":"재건축",
            "전용면적(m2)":"73.88",
            "전용면적(평)":"22평",
            "법정동주소":"전라남도 목포시 산정동 1751",
            "도로명주소":"전라남도 목포시 원산주택로 25",
            "세대수":30,
            "입주년차":"--",
            "용적률점수":60,
            "건폐율점수":100,
            "세대당주차수":"--",
            "난방방식":"--",
            "공급면적":50,
            "전용률":80,
            "욕실수":"--",
            "현관타입":"--",
            "주거총점":59.5,
            "지역구공급총점":0.0,
            "역세권":"NA",
            "30분내 이동가능 거점":"NA",
            "1시간내 이동가능 거점":"NA",
            "교통총점":"NA",
            "백화점":0,
            "아울렛몰":0,
            "대형마트":0,
            "은행":0,
            "병원":60,
            "종합병원":100,
            "공원":100,
            "혐오시설":0,
            "인프라총점":29.0,
            "초등학군":89.99,
            "중학군":59.98,
            "학군총점":65.982,
            "인구수":23.52,
            "인구증감":-12.59,
            "인구총점":12.687,
            "일자리":11.38,
            "소득수준":55.86,
            "일자리총점":24.724,
            "가치 총점":48.9205,
            "매매실거래년":20220220.0,
            "매매실거래가":7000.0,
            "전세실거래년":20210924.0,
            "전세실거래가":7000.0,
            "전세가율":100.0,
            "장기전세가율평균":80.59,
            "전세가율거품지수":-19.41,
            "검색코드":4522,
            "세대수":360.0,
            "준공년월":"1991-01-16",
            "준공년차":32.0,
            "가까운역이름":"NA",
            "가까운역거리":"NA",
            "역세권여부":"NA",
            "30분이내주요거점역":"NA",
            "30분거점역이름":"NA",
            "1시간이내주요거점역":"NA",
            "1시간거점역이름":"NA",
            "3km이내백화점수":0,
            "5km이내아울렛몰수":0,
            "1km이내대형먀트수":0,
            "500m이내은행수":1,
            "500m이내병원수":23,
            "5km이내대형병원수":5,
            "500m이내공원수":14,
            "3km이내혐오시설수":0,
            "초등학교학업성취도":89.99,
            "중학교학업성취도":99.5,
            "용적률":192,
            "건폐율":16,
            "Y":34.808565,
            "X":126.374459,
            "rank":27.0,
            "area_info":"22평(73.88), 31평(104.21)",
            "last_sales":"2022-02-20,7000.0,22평(73.88)",
            "rank_history":[
                [
                    "202203",
                    27
                ],
                [
                    "202202",
                    25
                ],
                [
                    "202201",
                    20
                ]
            ],
            "rank_gap":-2
        },
        {
            "index":332,
            "아파트명":"코아루천년가",
            "투자타입":"일반",
            "전용면적(m2)":"109.68",
            "전용면적(평)":"33평",
            "법정동주소":"전라남도 목포시 옥암동 1312",
            "도로명주소":"전라남도 목포시 남악1로16번길 43-14",
            "세대수":30,
            "입주년차":60,
            "용적률점수":"--",
            "건폐율점수":"--",
            "세대당주차수":30,
            "난방방식":30,
            "공급면적":"--",
            "전용률":"--",
            "욕실수":100,
            "현관타입":100,
            "주거총점":50.0,
            "지역구공급총점":0.0,
            "역세권":"NA",
            "30분내 이동가능 거점":"NA",
            "1시간내 이동가능 거점":"NA",
            "교통총점":"NA",
            "백화점":0,
            "아울렛몰":80,
            "대형마트":80,
            "은행":0,
            "병원":10,
            "종합병원":100,
            "공원":100,
            "혐오시설":0,
            "인프라총점":44.0,
            "초등학군":90.02,
            "중학군":45.76,
            "학군총점":54.612,
            "인구수":23.52,
            "인구증감":-12.59,
            "인구총점":12.687,
            "일자리":11.38,
            "소득수준":55.86,
            "일자리총점":24.724,
            "가치 총점":48.753,
            "매매실거래년":20220119.0,
            "매매실거래가":32700.0,
            "전세실거래년":20220111.0,
            "전세실거래가":25000.0,
            "전세가율":86.21,
            "장기전세가율평균":80.59,
            "전세가율거품지수":-5.62,
            "검색코드":105149,
            "세대수":316.0,
            "준공년월":"2013-12-27",
            "준공년차":10.0,
            "가까운역이름":"NA",
            "가까운역거리":"NA",
            "역세권여부":"NA",
            "30분이내주요거점역":"NA",
            "30분거점역이름":"NA",
            "1시간이내주요거점역":"NA",
            "1시간거점역이름":"NA",
            "3km이내백화점수":0,
            "5km이내아울렛몰수":1,
            "1km이내대형먀트수":1,
            "500m이내은행수":0,
            "500m이내병원수":2,
            "5km이내대형병원수":4,
            "500m이내공원수":15,
            "3km이내혐오시설수":0,
            "초등학교학업성취도":90.02,
            "중학교학업성취도":76.0,
            "용적률":108,
            "건폐율":23,
            "Y":34.808848,
            "X":126.452876,
            "rank":28.0,
            "area_info":"33평(109.68), 33평(109.32), 33평(109.99), 32평(109.01)",
            "last_sales":"2022-01-19,32700.0,33평(109.99)",
            "rank_history":[
                [
                    "202203",
                    28
                ],
                [
                    "202202",
                    26
                ],
                [
                    "202201",
                    46
                ]
            ],
            "rank_gap":-2
        },
        {
            "index":342,
            "아파트명":"하당현대2차",
            "투자타입":"일반",
            "전용면적(m2)":"81.76",
            "전용면적(평)":"24평",
            "법정동주소":"전라남도 목포시 옥암동 992",
            "도로명주소":"전라남도 목포시 삼향천로91번길 21",
            "세대수":30,
            "입주년차":20,
            "용적률점수":"--",
            "건폐율점수":"--",
            "세대당주차수":30,
            "난방방식":30,
            "공급면적":"--",
            "전용률":"--",
            "욕실수":100,
            "현관타입":100,
            "주거총점":42.0,
            "지역구공급총점":0.0,
            "역세권":"NA",
            "30분내 이동가능 거점":"NA",
            "1시간내 이동가능 거점":"NA",
            "교통총점":"NA",
            "백화점":0,
            "아울렛몰":80,
            "대형마트":80,
            "은행":70,
            "병원":60,
            "종합병원":100,
            "공원":100,
            "혐오시설":0,
            "인프라총점":56.0,
            "초등학군":90.0,
            "중학군":35.34,
            "학군총점":46.272,
            "인구수":23.52,
            "인구증감":-12.59,
            "인구총점":12.687,
            "일자리":11.38,
            "소득수준":55.86,
            "일자리총점":24.724,
            "가치 총점":48.668,
            "매매실거래년":20220212.0,
            "매매실거래가":12800.0,
            "전세실거래년":20211127.0,
            "전세실거래가":11000.0,
            "전세가율":85.94,
            "장기전세가율평균":80.59,
            "전세가율거품지수":-5.35,
            "검색코드":14910,
            "세대수":351.0,
            "준공년월":"2002-06-28",
            "준공년차":21.0,
            "가까운역이름":"NA",
            "가까운역거리":"NA",
            "역세권여부":"NA",
            "30분이내주요거점역":"NA",
            "30분거점역이름":"NA",
            "1시간이내주요거점역":"NA",
            "1시간거점역이름":"NA",
            "3km이내백화점수":0,
            "5km이내아울렛몰수":1,
            "1km이내대형먀트수":1,
            "500m이내은행수":3,
            "500m이내병원수":27,
            "5km이내대형병원수":5,
            "500m이내공원수":5,
            "3km이내혐오시설수":0,
            "초등학교학업성취도":90.0,
            "중학교학업성취도":58.9,
            "용적률":208,
            "건폐율":18,
            "Y":34.806575,
            "X":126.428887,
            "rank":29.0,
            "area_info":"24평(81.76), 33평(110.04), 47평(155.39)",
            "last_sales":"2022-02-12,12800.0,24평(81.76)",
            "rank_history":[
                [
                    "202203",
                    29
                ],
                [
                    "202202",
                    27
                ],
                [
                    "202201",
                    21
                ]
            ],
            "rank_gap":-2
        },
        {
            "index":190,
            "아파트명":"KD빌리앙뜨",
            "투자타입":"일반",
            "전용면적(m2)":"121.42",
            "전용면적(평)":"36평",
            "법정동주소":"전라남도 목포시 석현동 1173",
            "도로명주소":"전라남도 목포시 옥암로 174",
            "세대수":30,
            "입주년차":40,
            "용적률점수":"--",
            "건폐율점수":"--",
            "세대당주차수":30,
            "난방방식":30,
            "공급면적":"--",
            "전용률":"--",
            "욕실수":100,
            "현관타입":100,
            "주거총점":46.0,
            "지역구공급총점":0.0,
            "역세권":"NA",
            "30분내 이동가능 거점":"NA",
            "1시간내 이동가능 거점":"NA",
            "교통총점":"NA",
            "백화점":0,
            "아울렛몰":80,
            "대형마트":100,
            "은행":0,
            "병원":60,
            "종합병원":100,
            "공원":100,
            "혐오시설":0,
            "인프라총점":52.0,
            "초등학군":89.99,
            "중학군":35.34,
            "학군총점":46.27,
            "인구수":23.52,
            "인구증감":-12.59,
            "인구총점":12.687,
            "일자리":11.38,
            "소득수준":55.86,
            "일자리총점":24.724,
            "가치 총점":48.4675,
            "매매실거래년":20220127.0,
            "매매실거래가":31500.0,
            "전세실거래년":20200609.0,
            "전세실거래가":19000.0,
            "전세가율":60.32,
            "장기전세가율평균":80.59,
            "전세가율거품지수":20.27,
            "검색코드":100879,
            "세대수":386.0,
            "준공년월":"2007-07-05",
            "준공년차":16.0,
            "가까운역이름":"NA",
            "가까운역거리":"NA",
            "역세권여부":"NA",
            "30분이내주요거점역":"NA",
            "30분거점역이름":"NA",
            "1시간이내주요거점역":"NA",
            "1시간거점역이름":"NA",
            "3km이내백화점수":0,
            "5km이내아울렛몰수":1,
            "1km이내대형먀트수":2,
            "500m이내은행수":0,
            "500m이내병원수":14,
            "5km이내대형병원수":5,
            "500m이내공원수":2,
            "3km이내혐오시설수":0,
            "초등학교학업성취도":89.99,
            "중학교학업성취도":58.9,
            "용적률":248,
            "건폐율":22,
            "Y":34.81404,
            "X":126.423434,
            "rank":30.0,
            "area_info":"36평(121.42), 44평(147.51), 50평(165.45)",
            "last_sales":"2022-01-27,31500.0,36평(121.42)",
            "rank_history":[
                [
                    "202203",
                    30
                ],
                [
                    "202202",
                    28
                ],
                [
                    "202201",
                    27
                ]
            ],
            "rank_gap":-2
        },
        {
            "index":175,
            "아파트명":"우미파크빌",
            "투자타입":"일반",
            "전용면적(m2)":"115.46",
            "전용면적(평)":"34평",
            "법정동주소":"전라남도 목포시 상동 1120",
            "도로명주소":"전라남도 목포시 평화로20번길 11",
            "세대수":50,
            "입주년차":20,
            "용적률점수":"--",
            "건폐율점수":"--",
            "세대당주차수":30,
            "난방방식":30,
            "공급면적":"--",
            "전용률":"--",
            "욕실수":100,
            "현관타입":100,
            "주거총점":49.0,
            "지역구공급총점":0.0,
            "역세권":"NA",
            "30분내 이동가능 거점":"NA",
            "1시간내 이동가능 거점":"NA",
            "교통총점":"NA",
            "백화점":0,
            "아울렛몰":80,
            "대형마트":80,
            "은행":0,
            "병원":0,
            "종합병원":100,
            "공원":100,
            "혐오시설":0,
            "인프라총점":43.0,
            "초등학군":90.0,
            "중학군":47.56,
            "학군총점":56.048,
            "인구수":23.52,
            "인구증감":-12.59,
            "인구총점":12.687,
            "일자리":11.38,
            "소득수준":55.86,
            "일자리총점":24.724,
            "가치 총점":48.362,
            "매매실거래년":20220117.0,
            "매매실거래가":34800.0,
            "전세실거래년":20201226.0,
            "전세실거래가":13500.0,
            "전세가율":66.18,
            "장기전세가율평균":80.59,
            "전세가율거품지수":14.41,
            "검색코드":14898,
            "세대수":417.0,
            "준공년월":"2001-05-30",
            "준공년차":22.0,
            "가까운역이름":"NA",
            "가까운역거리":"NA",
            "역세권여부":"NA",
            "30분이내주요거점역":"NA",
            "30분거점역이름":"NA",
            "1시간이내주요거점역":"NA",
            "1시간거점역이름":"NA",
            "3km이내백화점수":0,
            "5km이내아울렛몰수":1,
            "1km이내대형먀트수":1,
            "500m이내은행수":0,
            "500m이내병원수":0,
            "5km이내대형병원수":5,
            "500m이내공원수":6,
            "3km이내혐오시설수":0,
            "초등학교학업성취도":90.0,
            "중학교학업성취도":79.0,
            "용적률":229,
            "건폐율":20,
            "Y":34.795716,
            "X":126.428351,
            "rank":31.0,
            "area_info":"34평(115.46), 42평(139.6), 52평(172.68)",
            "last_sales":"2022-01-17,34800.0,52평(172.68)",
            "rank_history":[
                [
                    "202203",
                    31
                ],
                [
                    "202202",
                    29
                ],
                [
                    "202201",
                    50
                ]
            ],
            "rank_gap":-2
        },
        {
            "index":397,
            "아파트명":"신안인스빌",
            "투자타입":"일반",
            "전용면적(m2)":"45.39",
            "전용면적(평)":"13평",
            "법정동주소":"전라남도 목포시 용해동 126",
            "도로명주소":"전라남도 목포시 삼학로 363",
            "세대수":90,
            "입주년차":40,
            "용적률점수":"--",
            "건폐율점수":"--",
            "세대당주차수":30,
            "난방방식":30,
            "공급면적":"--",
            "전용률":"--",
            "욕실수":50,
            "현관타입":100,
            "주거총점":62.0,
            "지역구공급총점":0.0,
            "역세권":"NA",
            "30분내 이동가능 거점":"NA",
            "1시간내 이동가능 거점":"NA",
            "교통총점":"NA",
            "백화점":0,
            "아울렛몰":0,
            "대형마트":80,
            "은행":0,
            "병원":0,
            "종합병원":100,
            "공원":0,
            "혐오시설":0,
            "인프라총점":32.0,
            "초등학군":90.0,
            "중학군":46.16,
            "학군총점":54.928,
            "인구수":23.52,
            "인구증감":-12.59,
            "인구총점":12.687,
            "일자리":11.38,
            "소득수준":55.86,
            "일자리총점":24.724,
            "가치 총점":48.232,
            "매매실거래년":20220217.0,
            "매매실거래가":8200.0,
            "전세실거래년":20210306.0,
            "전세실거래가":5500.0,
            "전세가율":67.07,
            "장기전세가율평균":80.59,
            "전세가율거품지수":13.52,
            "검색코드":102111,
            "세대수":1472.0,
            "준공년월":"2007-09-27",
            "준공년차":16.0,
            "가까운역이름":"NA",
            "가까운역거리":"NA",
            "역세권여부":"NA",
            "30분이내주요거점역":"NA",
            "30분거점역이름":"NA",
            "1시간이내주요거점역":"NA",
            "1시간거점역이름":"NA",
            "3km이내백화점수":0,
            "5km이내아울렛몰수":0,
            "1km이내대형먀트수":1,
            "500m이내은행수":0,
            "500m이내병원수":1,
            "5km이내대형병원수":5,
            "500m이내공원수":0,
            "3km이내혐오시설수":0,
            "초등학교학업성취도":90.0,
            "중학교학업성취도":76.2,
            "용적률":298,
            "건폐율":19,
            "Y":34.803164,
            "X":126.407731,
            "rank":32.0,
            "area_info":"13평(45.39), 23평(78.87), 32평(106.18), 38평(127.0), 48평(158.82)",
            "last_sales":"2022-02-17,8200.0,13평(45.39)",
            "rank_history":[
                [
                    "202203",
                    32
                ],
                [
                    "202202",
                    30
                ],
                [
                    "202201",
                    16
                ]
            ],
            "rank_gap":-2
        },
        {
            "index":412,
            "아파트명":"용해동광신프로그레스",
            "투자타입":"일반",
            "전용면적(m2)":"102.55",
            "전용면적(평)":"31평",
            "법정동주소":"전라남도 목포시 용해동 1061",
            "도로명주소":"전라남도 목포시 백년대로 147",
            "세대수":50,
            "입주년차":100,
            "용적률점수":"--",
            "건폐율점수":"--",
            "세대당주차수":60,
            "난방방식":30,
            "공급면적":"--",
            "전용률":"--",
            "욕실수":100,
            "현관타입":100,
            "주거총점":69.5,
            "지역구공급총점":0.0,
            "역세권":"NA",
            "30분내 이동가능 거점":"NA",
            "1시간내 이동가능 거점":"NA",
            "교통총점":"NA",
            "백화점":0,
            "아울렛몰":0,
            "대형마트":80,
            "은행":0,
            "병원":0,
            "종합병원":100,
            "공원":0,
            "혐오시설":0,
            "인프라총점":32.0,
            "초등학군":89.99,
            "중학군":32.96,
            "학군총점":44.366,
            "인구수":23.52,
            "인구증감":-12.59,
            "인구총점":12.687,
            "일자리":11.38,
            "소득수준":55.86,
            "일자리총점":24.724,
            "가치 총점":48.2165,
            "매매실거래년":20220114.0,
            "매매실거래가":38000.0,
            "전세실거래년":20200806.0,
            "전세실거래가":16000.0,
            "전세가율":61.78,
            "장기전세가율평균":80.59,
            "전세가율거품지수":18.81,
            "검색코드":120229,
            "세대수":411.0,
            "준공년월":"2020-02-01",
            "준공년차":3.0,
            "가까운역이름":"NA",
            "가까운역거리":"NA",
            "역세권여부":"NA",
            "30분이내주요거점역":"NA",
            "30분거점역이름":"NA",
            "1시간이내주요거점역":"NA",
            "1시간거점역이름":"NA",
            "3km이내백화점수":0,
            "5km이내아울렛몰수":0,
            "1km이내대형먀트수":1,
            "500m이내은행수":0,
            "500m이내병원수":1,
            "5km이내대형병원수":5,
            "500m이내공원수":0,
            "3km이내혐오시설수":0,
            "초등학교학업성취도":89.99,
            "중학교학업성취도":53.4,
            "용적률":0,
            "건폐율":0,
            "Y":34.799383,
            "X":126.406021,
            "rank":33.0,
            "area_info":"31평(102.55), 32평(106.12), 44평(145.95)",
            "last_sales":"2022-01-14,38000.0,44평(145.95)",
            "rank_history":[
                [
                    "202203",
                    33
                ],
                [
                    "202202",
                    33
                ],
                [
                    "202201",
                    8
                ]
            ],
            "rank_gap":0
        },
        {
            "index":167,
            "아파트명":"에메랄드퀸",
            "투자타입":"일반",
            "전용면적(m2)":"89.23",
            "전용면적(평)":"26평",
            "법정동주소":"전라남도 목포시 상동 1139-7",
            "도로명주소":"전라남도 목포시 평화로83번길 16",
            "세대수":0,
            "입주년차":100,
            "용적률점수":"--",
            "건폐율점수":"--",
            "세대당주차수":60,
            "난방방식":30,
            "공급면적":"--",
            "전용률":"--",
            "욕실수":100,
            "현관타입":100,
            "주거총점":52.0,
            "지역구공급총점":0.0,
            "역세권":"NA",
            "30분내 이동가능 거점":"NA",
            "1시간내 이동가능 거점":"NA",
            "교통총점":"NA",
            "백화점":0,
            "아울렛몰":80,
            "대형마트":80,
            "은행":0,
            "병원":0,
            "종합병원":100,
            "공원":0,
            "혐오시설":0,
            "인프라총점":40.0,
            "초등학군":89.98,
            "중학군":47.56,
            "학군총점":56.044,
            "인구수":23.52,
            "인구증감":-12.59,
            "인구총점":12.687,
            "일자리":11.38,
            "소득수준":55.86,
            "일자리총점":24.724,
            "가치 총점":48.211,
            "매매실거래년":20200214.0,
            "매매실거래가":120000.0,
            "전세실거래년":null,
            "전세실거래가":null,
            "전세가율":null,
            "장기전세가율평균":80.59,
            "전세가율거품지수":null,
            "검색코드":115470,
            "세대수":298.0,
            "준공년월":"2019-10-07",
            "준공년차":4.0,
            "가까운역이름":"NA",
            "가까운역거리":"NA",
            "역세권여부":"NA",
            "30분이내주요거점역":"NA",
            "30분거점역이름":"NA",
            "1시간이내주요거점역":"NA",
            "1시간거점역이름":"NA",
            "3km이내백화점수":0,
            "5km이내아울렛몰수":1,
            "1km이내대형먀트수":1,
            "500m이내은행수":0,
            "500m이내병원수":1,
            "5km이내대형병원수":4,
            "500m이내공원수":0,
            "3km이내혐오시설수":0,
            "초등학교학업성취도":89.98,
            "중학교학업성취도":79.0,
            "용적률":1181,
            "건폐율":79,
            "Y":34.797762,
            "X":126.433873,
            "rank":34.0,
            "area_info":"26평(89.23), 32평(108.25), 35평(118.34), 35평(118.55), 35평(118.81), 42평(140.02), 62평(205.49), 102평(337.49)",
            "last_sales":"2020-02-14,120000.0,102평(337.49)",
            "rank_history":[
                [
                    "202203",
                    34
                ],
                [
                    "202202",
                    31
                ],
                [
                    "202201",
                    48
                ]
            ],
            "rank_gap":-3
        },
        {
            "index":380,
            "아파트명":"구용해",
            "투자타입":"재건축",
            "전용면적(m2)":"40.7",
            "전용면적(평)":"12평",
            "법정동주소":"전라남도 목포시 용해동 205-1",
            "도로명주소":"전라남도 목포시 이로로4번길 10",
            "세대수":0,
            "입주년차":"--",
            "용적률점수":80,
            "건폐율점수":60,
            "세대당주차수":"--",
            "난방방식":"--",
            "공급면적":50,
            "전용률":100,
            "욕실수":"--",
            "현관타입":"--",
            "주거총점":51.5,
            "지역구공급총점":0.0,
            "역세권":"NA",
            "30분내 이동가능 거점":"NA",
            "1시간내 이동가능 거점":"NA",
            "교통총점":"NA",
            "백화점":0,
            "아울렛몰":0,
            "대형마트":80,
            "은행":0,
            "병원":60,
            "종합병원":100,
            "공원":100,
            "혐오시설":0,
            "인프라총점":41.0,
            "초등학군":90.0,
            "중학군":46.16,
            "학군총점":54.928,
            "인구수":23.52,
            "인구증감":-12.59,
            "인구총점":12.687,
            "일자리":11.38,
            "소득수준":55.86,
            "일자리총점":24.724,
            "가치 총점":48.157,
            "매매실거래년":20210804.0,
            "매매실거래가":1900.0,
            "전세실거래년":null,
            "전세실거래가":null,
            "전세가율":null,
            "장기전세가율평균":80.59,
            "전세가율거품지수":null,
            "검색코드":106350,
            "세대수":150.0,
            "준공년월":"1975-02-01",
            "준공년차":48.0,
            "가까운역이름":"NA",
            "가까운역거리":"NA",
            "역세권여부":"NA",
            "30분이내주요거점역":"NA",
            "30분거점역이름":"NA",
            "1시간이내주요거점역":"NA",
            "1시간거점역이름":"NA",
            "3km이내백화점수":0,
            "5km이내아울렛몰수":0,
            "1km이내대형먀트수":1,
            "500m이내은행수":0,
            "500m이내병원수":10,
            "5km이내대형병원수":5,
            "500m이내공원수":2,
            "3km이내혐오시설수":0,
            "초등학교학업성취도":90.0,
            "중학교학업성취도":76.2,
            "용적률":153,
            "건폐율":30,
            "Y":34.8046,
            "X":126.404567,
            "rank":35.0,
            "area_info":"12평(40.7), 12평(40.69), 12평(42.48)",
            "last_sales":"2021-08-04,1900.0,12평(40.7)",
            "rank_history":[
                [
                    "202203",
                    35
                ],
                [
                    "202202",
                    32
                ],
                [
                    "202201",
                    23
                ]
            ],
            "rank_gap":-3
        },
        {
            "index":275,
            "아파트명":"부영애시앙2차",
            "투자타입":"일반",
            "전용면적(m2)":"112.21",
            "전용면적(평)":"33평",
            "법정동주소":"전라남도 목포시 옥암동 1144",
            "도로명주소":"전라남도 목포시 당가두로13번길 9",
            "세대수":50,
            "입주년차":40,
            "용적률점수":"--",
            "건폐율점수":"--",
            "세대당주차수":30,
            "난방방식":30,
            "공급면적":"--",
            "전용률":"--",
            "욕실수":100,
            "현관타입":100,
            "주거총점":53.0,
            "지역구공급총점":0.0,
            "역세권":"NA",
            "30분내 이동가능 거점":"NA",
            "1시간내 이동가능 거점":"NA",
            "교통총점":"NA",
            "백화점":0,
            "아울렛몰":80,
            "대형마트":80,
            "은행":0,
            "병원":10,
            "종합병원":100,
            "공원":100,
            "혐오시설":0,
            "인프라총점":44.0,
            "초등학군":90.0,
            "중학군":35.34,
            "학군총점":46.272,
            "인구수":23.52,
            "인구증감":-12.59,
            "인구총점":12.687,
            "일자리":11.38,
            "소득수준":55.86,
            "일자리총점":24.724,
            "가치 총점":47.718,
            "매매실거래년":20220203.0,
            "매매실거래가":18300.0,
            "전세실거래년":20211214.0,
            "전세실거래가":17000.0,
            "전세가율":94.97,
            "장기전세가율평균":80.59,
            "전세가율거품지수":-14.38,
            "검색코드":105125,
            "세대수":678.0,
            "준공년월":"2007-04-27",
            "준공년차":16.0,
            "가까운역이름":"NA",
            "가까운역거리":"NA",
            "역세권여부":"NA",
            "30분이내주요거점역":"NA",
            "30분거점역이름":"NA",
            "1시간이내주요거점역":"NA",
            "1시간거점역이름":"NA",
            "3km이내백화점수":0,
            "5km이내아울렛몰수":1,
            "1km이내대형먀트수":1,
            "500m이내은행수":0,
            "500m이내병원수":4,
            "5km이내대형병원수":4,
            "500m이내공원수":4,
            "3km이내혐오시설수":0,
            "초등학교학업성취도":90.0,
            "중학교학업성취도":58.9,
            "용적률":179,
            "건폐율":14,
            "Y":34.809627,
            "X":126.435594,
            "rank":36.0,
            "area_info":"33평(112.21), 35평(117.38)",
            "last_sales":"2022-02-03,18300.0,35평(117.38)",
            "rank_history":[
                [
                    "202203",
                    36
                ],
                [
                    "202202",
                    34
                ],
                [
                    "202201",
                    26
                ]
            ],
            "rank_gap":-2
        },
        {
            "index":183,
            "아파트명":"펠리시티S(도시형)",
            "투자타입":"일반",
            "전용면적(m2)":"38.03",
            "전용면적(평)":"11평",
            "법정동주소":"전라남도 목포시 상동 872-1",
            "도로명주소":"전라남도 목포시 신흥로69번길 13",
            "세대수":0,
            "입주년차":60,
            "용적률점수":"--",
            "건폐율점수":"--",
            "세대당주차수":0,
            "난방방식":30,
            "공급면적":"--",
            "전용률":"--",
            "욕실수":50,
            "현관타입":100,
            "주거총점":30.0,
            "지역구공급총점":0.0,
            "역세권":"NA",
            "30분내 이동가능 거점":"NA",
            "1시간내 이동가능 거점":"NA",
            "교통총점":"NA",
            "백화점":0,
            "아울렛몰":80,
            "대형마트":100,
            "은행":100,
            "병원":80,
            "종합병원":100,
            "공원":100,
            "혐오시설":0,
            "인프라총점":64.0,
            "초등학군":89.99,
            "중학군":35.34,
            "학군총점":46.27,
            "인구수":23.52,
            "인구증감":-12.59,
            "인구총점":12.687,
            "일자리":11.38,
            "소득수준":55.86,
            "일자리총점":24.724,
            "가치 총점":47.6675,
            "매매실거래년":20210401.0,
            "매매실거래가":7000.0,
            "전세실거래년":20210416.0,
            "전세실거래가":5000.0,
            "전세가율":86.21,
            "장기전세가율평균":80.59,
            "전세가율거품지수":-5.62,
            "검색코드":130845,
            "세대수":88.0,
            "준공년월":"2013-01-15",
            "준공년차":10.0,
            "가까운역이름":"NA",
            "가까운역거리":"NA",
            "역세권여부":"NA",
            "30분이내주요거점역":"NA",
            "30분거점역이름":"NA",
            "1시간이내주요거점역":"NA",
            "1시간거점역이름":"NA",
            "3km이내백화점수":0,
            "5km이내아울렛몰수":1,
            "1km이내대형먀트수":2,
            "500m이내은행수":7,
            "500m이내병원수":41,
            "5km이내대형병원수":5,
            "500m이내공원수":4,
            "3km이내혐오시설수":0,
            "초등학교학업성취도":89.99,
            "중학교학업성취도":58.9,
            "용적률":500,
            "건폐율":63,
            "Y":34.805309,
            "X":126.426952,
            "rank":37.0,
            "area_info":"11평(38.03), 11평(38.59)",
            "last_sales":"2021-04-01,7000.0,11평(38.59)",
            "rank_history":[
                [
                    "202203",
                    37
                ],
                [
                    "202202",
                    9999
                ]
            ],
            "rank_gap":9999
        },
        {
            "index":285,
            "아파트명":"옥암우방아이유쉘",
            "투자타입":"일반",
            "전용면적(m2)":"95.23",
            "전용면적(평)":"28평",
            "법정동주소":"전라남도 목포시 옥암동 1397",
            "도로명주소":"전라남도 목포시 하당로289번길 19",
            "세대수":0,
            "입주년차":80,
            "용적률점수":"--",
            "건폐율점수":"--",
            "세대당주차수":30,
            "난방방식":30,
            "공급면적":"--",
            "전용률":"--",
            "욕실수":100,
            "현관타입":100,
            "주거총점":43.5,
            "지역구공급총점":0.0,
            "역세권":"NA",
            "30분내 이동가능 거점":"NA",
            "1시간내 이동가능 거점":"NA",
            "교통총점":"NA",
            "백화점":0,
            "아울렛몰":80,
            "대형마트":100,
            "은행":0,
            "병원":60,
            "종합병원":100,
            "공원":100,
            "혐오시설":0,
            "인프라총점":52.0,
            "초등학군":89.99,
            "중학군":35.34,
            "학군총점":46.27,
            "인구수":23.52,
            "인구증감":-12.59,
            "인구총점":12.687,
            "일자리":11.38,
            "소득수준":55.86,
            "일자리총점":24.724,
            "가치 총점":47.5925,
            "매매실거래년":20220220.0,
            "매매실거래가":27500.0,
            "전세실거래년":20200822.0,
            "전세실거래가":18500.0,
            "전세가율":67.27,
            "장기전세가율평균":80.59,
            "전세가율거품지수":13.32,
            "검색코드":104547,
            "세대수":168.0,
            "준공년월":"2014-02-12",
            "준공년차":9.0,
            "가까운역이름":"NA",
            "가까운역거리":"NA",
            "역세권여부":"NA",
            "30분이내주요거점역":"NA",
            "30분거점역이름":"NA",
            "1시간이내주요거점역":"NA",
            "1시간거점역이름":"NA",
            "3km이내백화점수":0,
            "5km이내아울렛몰수":1,
            "1km이내대형먀트수":2,
            "500m이내은행수":0,
            "500m이내병원수":13,
            "5km이내대형병원수":5,
            "500m이내공원수":2,
            "3km이내혐오시설수":0,
            "초등학교학업성취도":89.99,
            "중학교학업성취도":58.9,
            "용적률":193,
            "건폐율":20,
            "Y":34.812738,
            "X":126.425852,
            "rank":38.0,
            "area_info":"28평(95.23), 32평(108.83)",
            "last_sales":"2022-02-20,27500.0,28평(95.23)",
            "rank_history":[
                [
                    "202203",
                    38
                ],
                [
                    "202202",
                    35
                ],
                [
                    "202201",
                    30
                ]
            ],
            "rank_gap":-3
        },
        {
            "index":323,
            "아파트명":"제일풍경채3차",
            "투자타입":"일반",
            "전용면적(m2)":"90.49",
            "전용면적(평)":"27평",
            "법정동주소":"전라남도 목포시 옥암동 916-3",
            "도로명주소":"전라남도 목포시 하당로289번길 6",
            "세대수":30,
            "입주년차":20,
            "용적률점수":"--",
            "건폐율점수":"--",
            "세대당주차수":30,
            "난방방식":30,
            "공급면적":"--",
            "전용률":"--",
            "욕실수":100,
            "현관타입":100,
            "주거총점":42.0,
            "지역구공급총점":0.0,
            "역세권":"NA",
            "30분내 이동가능 거점":"NA",
            "1시간내 이동가능 거점":"NA",
            "교통총점":"NA",
            "백화점":0,
            "아울렛몰":80,
            "대형마트":100,
            "은행":0,
            "병원":60,
            "종합병원":100,
            "공원":100,
            "혐오시설":0,
            "인프라총점":52.0,
            "초등학군":89.99,
            "중학군":35.34,
            "학군총점":46.27,
            "인구수":23.52,
            "인구증감":-12.59,
            "인구총점":12.687,
            "일자리":11.38,
            "소득수준":55.86,
            "일자리총점":24.724,
            "가치 총점":47.0675,
            "매매실거래년":20211130.0,
            "매매실거래가":19900.0,
            "전세실거래년":20210609.0,
            "전세실거래가":13600.0,
            "전세가율":94.44,
            "장기전세가율평균":80.59,
            "전세가율거품지수":-13.85,
            "검색코드":14907,
            "세대수":354.0,
            "준공년월":"2002-09-23",
            "준공년차":21.0,
            "가까운역이름":"NA",
            "가까운역거리":"NA",
            "역세권여부":"NA",
            "30분이내주요거점역":"NA",
            "30분거점역이름":"NA",
            "1시간이내주요거점역":"NA",
            "1시간거점역이름":"NA",
            "3km이내백화점수":0,
            "5km이내아울렛몰수":1,
            "1km이내대형먀트수":2,
            "500m이내은행수":0,
            "500m이내병원수":10,
            "5km이내대형병원수":5,
            "500m이내공원수":2,
            "3km이내혐오시설수":0,
            "초등학교학업성취도":89.99,
            "중학교학업성취도":58.9,
            "용적률":276,
            "건폐율":24,
            "Y":34.812855,
            "X":126.427249,
            "rank":39.0,
            "area_info":"27평(90.49), 31평(104.38), 36평(119.23)",
            "last_sales":"2021-11-30,19900.0,36평(119.23)",
            "rank_history":[
                [
                    "202203",
                    39
                ],
                [
                    "202202",
                    36
                ],
                [
                    "202201",
                    38
                ]
            ],
            "rank_gap":-3
        },
        {
            "index":440,
            "아파트명":"목포죽교신안실크밸리7차",
            "투자타입":"일반",
            "전용면적(m2)":"89.67",
            "전용면적(평)":"27평",
            "법정동주소":"전라남도 목포시 죽교동 704",
            "도로명주소":"전라남도 목포시 청호로219번길 51",
            "세대수":50,
            "입주년차":80,
            "용적률점수":"--",
            "건폐율점수":"--",
            "세대당주차수":30,
            "난방방식":30,
            "공급면적":"--",
            "전용률":"--",
            "욕실수":100,
            "현관타입":100,
            "주거총점":61.0,
            "지역구공급총점":0.0,
            "역세권":"NA",
            "30분내 이동가능 거점":"NA",
            "1시간내 이동가능 거점":"NA",
            "교통총점":"NA",
            "백화점":0,
            "아울렛몰":0,
            "대형마트":0,
            "은행":0,
            "병원":0,
            "종합병원":100,
            "공원":100,
            "혐오시설":0,
            "인프라총점":23.0,
            "초등학군":90.01,
            "중학군":59.98,
            "학군총점":65.986,
            "인구수":23.52,
            "인구증감":-12.59,
            "인구총점":12.687,
            "일자리":11.38,
            "소득수준":55.86,
            "일자리총점":24.724,
            "가치 총점":47.0465,
            "매매실거래년":20220114.0,
            "매매실거래가":23500.0,
            "전세실거래년":20210109.0,
            "전세실거래가":5000.0,
            "전세가율":22.03,
            "장기전세가율평균":80.59,
            "전세가율거품지수":58.56,
            "검색코드":106198,
            "세대수":657.0,
            "준공년월":"2016-06-28",
            "준공년차":7.0,
            "가까운역이름":"NA",
            "가까운역거리":"NA",
            "역세권여부":"NA",
            "30분이내주요거점역":"NA",
            "30분거점역이름":"NA",
            "1시간이내주요거점역":"NA",
            "1시간거점역이름":"NA",
            "3km이내백화점수":0,
            "5km이내아울렛몰수":0,
            "1km이내대형먀트수":0,
            "500m이내은행수":1,
            "500m이내병원수":1,
            "5km이내대형병원수":4,
            "500m이내공원수":8,
            "3km이내혐오시설수":0,
            "초등학교학업성취도":90.01,
            "중학교학업성취도":99.5,
            "용적률":347,
            "건폐율":35,
            "Y":34.805889,
            "X":126.366469,
            "rank":40.0,
            "area_info":"27평(89.67), 34평(112.83), 34평(113.09), 34평(113.72), 44평(146.54)",
            "last_sales":"2022-01-14,23500.0,34평(113.09)",
            "rank_history":[
                [
                    "202203",
                    40
                ],
                [
                    "202202",
                    37
                ],
                [
                    "202201",
                    28
                ]
            ],
            "rank_gap":-3
        },
        {
            "index":131,
            "아파트명":"꿈동산신안2단지",
            "투자타입":"일반",
            "전용면적(m2)":"77.08",
            "전용면적(평)":"23평",
            "법정동주소":"전라남도 목포시 상동 1019",
            "도로명주소":"전라남도 목포시 하당로 14",
            "세대수":50,
            "입주년차":0,
            "용적률점수":"--",
            "건폐율점수":"--",
            "세대당주차수":0,
            "난방방식":30,
            "공급면적":"--",
            "전용률":"--",
            "욕실수":50,
            "현관타입":100,
            "주거총점":35.5,
            "지역구공급총점":0.0,
            "역세권":"NA",
            "30분내 이동가능 거점":"NA",
            "1시간내 이동가능 거점":"NA",
            "교통총점":"NA",
            "백화점":0,
            "아울렛몰":80,
            "대형마트":80,
            "은행":20,
            "병원":60,
            "종합병원":100,
            "공원":100,
            "혐오시설":0,
            "인프라총점":51.0,
            "초등학군":90.0,
            "중학군":47.56,
            "학군총점":56.048,
            "인구수":23.52,
            "인구증감":-12.59,
            "인구총점":12.687,
            "일자리":11.38,
            "소득수준":55.86,
            "일자리총점":24.724,
            "가치 총점":46.837,
            "매매실거래년":20220224.0,
            "매매실거래가":10000.0,
            "전세실거래년":20211218.0,
            "전세실거래가":10500.0,
            "전세가율":105.0,
            "장기전세가율평균":80.59,
            "전세가율거품지수":-24.41,
            "검색코드":4561,
            "세대수":680.0,
            "준공년월":"1996-12-07",
            "준공년차":27.0,
            "가까운역이름":"NA",
            "가까운역거리":"NA",
            "역세권여부":"NA",
            "30분이내주요거점역":"NA",
            "30분거점역이름":"NA",
            "1시간이내주요거점역":"NA",
            "1시간거점역이름":"NA",
            "3km이내백화점수":0,
            "5km이내아울렛몰수":1,
            "1km이내대형먀트수":1,
            "500m이내은행수":2,
            "500m이내병원수":12,
            "5km이내대형병원수":5,
            "500m이내공원수":11,
            "3km이내혐오시설수":0,
            "초등학교학업성취도":90.0,
            "중학교학업성취도":79.0,
            "용적률":224,
            "건폐율":21,
            "Y":34.798415,
            "X":126.424486,
            "rank":41.0,
            "area_info":"23평(77.08), 32평(106.94), 42평(140.48)",
            "last_sales":"2022-02-24,10000.0,23평(77.08)",
            "rank_history":[
                [
                    "202203",
                    41
                ],
                [
                    "202202",
                    38
                ],
                [
                    "202201",
                    65
                ]
            ],
            "rank_gap":-3
        },
        {
            "index":226,
            "아파트명":"우진아트빌",
            "투자타입":"일반",
            "전용면적(m2)":"89.6",
            "전용면적(평)":"27평",
            "법정동주소":"전라남도 목포시 석현동 816-17",
            "도로명주소":"전라남도 목포시 영산로609번길 5",
            "세대수":50,
            "입주년차":20,
            "용적률점수":"--",
            "건폐율점수":"--",
            "세대당주차수":0,
            "난방방식":30,
            "공급면적":"--",
            "전용률":"--",
            "욕실수":100,
            "현관타입":100,
            "주거총점":44.5,
            "지역구공급총점":0.0,
            "역세권":"NA",
            "30분내 이동가능 거점":"NA",
            "1시간내 이동가능 거점":"NA",
            "교통총점":"NA",
            "백화점":0,
            "아울렛몰":80,
            "대형마트":100,
            "은행":0,
            "병원":30,
            "종합병원":100,
            "공원":0,
            "혐오시설":0,
            "인프라총점":46.0,
            "초등학군":89.99,
            "중학군":41.04,
            "학군총점":50.83,
            "인구수":23.52,
            "인구증감":-12.59,
            "인구총점":12.687,
            "일자리":11.38,
            "소득수준":55.86,
            "일자리총점":24.724,
            "가치 총점":46.6825,
            "매매실거래년":20220216.0,
            "매매실거래가":13000.0,
            "전세실거래년":20211124.0,
            "전세실거래가":11000.0,
            "전세가율":91.67,
            "장기전세가율평균":80.59,
            "전세가율거품지수":-11.08,
            "검색코드":23902,
            "세대수":526.0,
            "준공년월":"2003-09-26",
            "준공년차":20.0,
            "가까운역이름":"NA",
            "가까운역거리":"NA",
            "역세권여부":"NA",
            "30분이내주요거점역":"NA",
            "30분거점역이름":"NA",
            "1시간이내주요거점역":"NA",
            "1시간거점역이름":"NA",
            "3km이내백화점수":0,
            "5km이내아울렛몰수":1,
            "1km이내대형먀트수":2,
            "500m이내은행수":0,
            "500m이내병원수":5,
            "5km이내대형병원수":5,
            "500m이내공원수":0,
            "3km이내혐오시설수":0,
            "초등학교학업성취도":89.99,
            "중학교학업성취도":68.4,
            "용적률":253,
            "건폐율":22,
            "Y":34.819285,
            "X":126.420558,
            "rank":42.0,
            "area_info":"27평(89.6), 36평(121.1)",
            "last_sales":"2022-02-16,13000.0,36평(121.1)",
            "rank_history":[
                [
                    "202203",
                    42
                ],
                [
                    "202202",
                    39
                ],
                [
                    "202201",
                    39
                ]
            ],
            "rank_gap":-3
        },
        {
            "index":129,
            "아파트명":"꿈동산신안1단지",
            "투자타입":"일반",
            "전용면적(m2)":"77.23",
            "전용면적(평)":"23평",
            "법정동주소":"전라남도 목포시 상동 1016",
            "도로명주소":"전라남도 목포시 하당남부로 25",
            "세대수":30,
            "입주년차":0,
            "용적률점수":"--",
            "건폐율점수":"--",
            "세대당주차수":0,
            "난방방식":30,
            "공급면적":"--",
            "전용률":"--",
            "욕실수":50,
            "현관타입":100,
            "주거총점":28.5,
            "지역구공급총점":0.0,
            "역세권":"NA",
            "30분내 이동가능 거점":"NA",
            "1시간내 이동가능 거점":"NA",
            "교통총점":"NA",
            "백화점":0,
            "아울렛몰":80,
            "대형마트":80,
            "은행":70,
            "병원":60,
            "종합병원":100,
            "공원":100,
            "혐오시설":0,
            "인프라총점":56.0,
            "초등학군":90.0,
            "중학군":47.56,
            "학군총점":56.048,
            "인구수":23.52,
            "인구증감":-12.59,
            "인구총점":12.687,
            "일자리":11.38,
            "소득수준":55.86,
            "일자리총점":24.724,
            "가치 총점":46.387,
            "매매실거래년":20220210.0,
            "매매실거래가":12000.0,
            "전세실거래년":20220107.0,
            "전세실거래가":10000.0,
            "전세가율":77.82,
            "장기전세가율평균":80.59,
            "전세가율거품지수":2.77,
            "검색코드":4560,
            "세대수":310.0,
            "준공년월":"1995-11-25",
            "준공년차":28.0,
            "가까운역이름":"NA",
            "가까운역거리":"NA",
            "역세권여부":"NA",
            "30분이내주요거점역":"NA",
            "30분거점역이름":"NA",
            "1시간이내주요거점역":"NA",
            "1시간거점역이름":"NA",
            "3km이내백화점수":0,
            "5km이내아울렛몰수":1,
            "1km이내대형먀트수":1,
            "500m이내은행수":4,
            "500m이내병원수":16,
            "5km이내대형병원수":5,
            "500m이내공원수":9,
            "3km이내혐오시설수":0,
            "초등학교학업성취도":90.0,
            "중학교학업성취도":79.0,
            "용적률":202,
            "건폐율":21,
            "Y":34.799289,
            "X":126.426523,
            "rank":43.0,
            "area_info":"23평(77.23), 32평(107.07)",
            "last_sales":"2022-02-10,12000.0,32평(107.07)",
            "rank_history":[
                [
                    "202203",
                    43
                ],
                [
                    "202202",
                    40
                ],
                [
                    "202201",
                    60
                ]
            ],
            "rank_gap":-3
        },
        {
            "index":185,
            "아파트명":"하당초원타운",
            "투자타입":"일반",
            "전용면적(m2)":"77.9",
            "전용면적(평)":"23평",
            "법정동주소":"전라남도 목포시 상동 1014",
            "도로명주소":"전라남도 목포시 부흥로 30",
            "세대수":30,
            "입주년차":0,
            "용적률점수":"--",
            "건폐율점수":"--",
            "세대당주차수":0,
            "난방방식":30,
            "공급면적":"--",
            "전용률":"--",
            "욕실수":50,
            "현관타입":100,
            "주거총점":28.5,
            "지역구공급총점":0.0,
            "역세권":"NA",
            "30분내 이동가능 거점":"NA",
            "1시간내 이동가능 거점":"NA",
            "교통총점":"NA",
            "백화점":0,
            "아울렛몰":80,
            "대형마트":80,
            "은행":70,
            "병원":60,
            "종합병원":100,
            "공원":100,
            "혐오시설":0,
            "인프라총점":56.0,
            "초등학군":90.0,
            "중학군":47.56,
            "학군총점":56.048,
            "인구수":23.52,
            "인구증감":-12.59,
            "인구총점":12.687,
            "일자리":11.38,
            "소득수준":55.86,
            "일자리총점":24.724,
            "가치 총점":46.387,
            "매매실거래년":20220127.0,
            "매매실거래가":14000.0,
            "전세실거래년":20211220.0,
            "전세실거래가":10500.0,
            "전세가율":94.17,
            "장기전세가율평균":80.59,
            "전세가율거품지수":-13.58,
            "검색코드":4569,
            "세대수":352.0,
            "준공년월":"1994-10-18",
            "준공년차":29.0,
            "가까운역이름":"NA",
            "가까운역거리":"NA",
            "역세권여부":"NA",
            "30분이내주요거점역":"NA",
            "30분거점역이름":"NA",
            "1시간이내주요거점역":"NA",
            "1시간거점역이름":"NA",
            "3km이내백화점수":0,
            "5km이내아울렛몰수":1,
            "1km이내대형먀트수":1,
            "500m이내은행수":4,
            "500m이내병원수":21,
            "5km이내대형병원수":5,
            "500m이내공원수":6,
            "3km이내혐오시설수":0,
            "초등학교학업성취도":90.0,
            "중학교학업성취도":79.0,
            "용적률":192,
            "건폐율":21,
            "Y":34.800665,
            "X":126.425579,
            "rank":43.0,
            "area_info":"23평(77.9), 31평(105.02)",
            "last_sales":"2022-01-27,14000.0,31평(105.02)",
            "rank_history":[
                [
                    "202203",
                    43
                ],
                [
                    "202202",
                    40
                ],
                [
                    "202201",
                    60
                ]
            ],
            "rank_gap":-3
        },
        {
            "index":289,
            "아파트명":"옥암펠리시아",
            "투자타입":"일반",
            "전용면적(m2)":"111.63",
            "전용면적(평)":"33평",
            "법정동주소":"전라남도 목포시 옥암동 1058-13",
            "도로명주소":"전라남도 목포시 하당로289번길 7",
            "세대수":0,
            "입주년차":60,
            "용적률점수":"--",
            "건폐율점수":"--",
            "세대당주차수":30,
            "난방방식":30,
            "공급면적":"--",
            "전용률":"--",
            "욕실수":100,
            "현관타입":100,
            "주거총점":39.5,
            "지역구공급총점":0.0,
            "역세권":"NA",
            "30분내 이동가능 거점":"NA",
            "1시간내 이동가능 거점":"NA",
            "교통총점":"NA",
            "백화점":0,
            "아울렛몰":80,
            "대형마트":100,
            "은행":0,
            "병원":60,
            "종합병원":100,
            "공원":100,
            "혐오시설":0,
            "인프라총점":52.0,
            "초등학군":90.0,
            "중학군":35.34,
            "학군총점":46.272,
            "인구수":23.52,
            "인구증감":-12.59,
            "인구총점":12.687,
            "일자리":11.38,
            "소득수준":55.86,
            "일자리총점":24.724,
            "가치 총점":46.193,
            "매매실거래년":20220116.0,
            "매매실거래가":27500.0,
            "전세실거래년":20211210.0,
            "전세실거래가":22000.0,
            "전세가율":80.0,
            "장기전세가율평균":80.59,
            "전세가율거품지수":0.59,
            "검색코드":112771,
            "세대수":174.0,
            "준공년월":"2012-10-24",
            "준공년차":11.0,
            "가까운역이름":"NA",
            "가까운역거리":"NA",
            "역세권여부":"NA",
            "30분이내주요거점역":"NA",
            "30분거점역이름":"NA",
            "1시간이내주요거점역":"NA",
            "1시간거점역이름":"NA",
            "3km이내백화점수":0,
            "5km이내아울렛몰수":1,
            "1km이내대형먀트수":2,
            "500m이내은행수":0,
            "500m이내병원수":17,
            "5km이내대형병원수":5,
            "500m이내공원수":2,
            "3km이내혐오시설수":0,
            "초등학교학업성취도":90.0,
            "중학교학업성취도":58.9,
            "용적률":248,
            "건폐율":25,
            "Y":34.812232,
            "X":126.426463,
            "rank":44.0,
            "area_info":"33평(111.63)",
            "last_sales":"2022-01-16,27500.0,33평(111.63)",
            "rank_history":[
                [
                    "202203",
                    44
                ],
                [
                    "202202",
                    42
                ],
                [
                    "202201",
                    37
                ]
            ],
            "rank_gap":-2
        },
        {
            "index":270,
            "아파트명":"목포한국아델리움",
            "투자타입":"일반",
            "전용면적(m2)":"128.49",
            "전용면적(평)":"38평",
            "법정동주소":"전라남도 목포시 옥암동 1178",
            "도로명주소":"전라남도 목포시 남악1로 15",
            "세대수":50,
            "입주년차":40,
            "용적률점수":"--",
            "건폐율점수":"--",
            "세대당주차수":60,
            "난방방식":30,
            "공급면적":"--",
            "전용률":"--",
            "욕실수":100,
            "현관타입":100,
            "주거총점":57.5,
            "지역구공급총점":0.0,
            "역세권":"NA",
            "30분내 이동가능 거점":"NA",
            "1시간내 이동가능 거점":"NA",
            "교통총점":"NA",
            "백화점":0,
            "아울렛몰":80,
            "대형마트":0,
            "은행":0,
            "병원":0,
            "종합병원":100,
            "공원":100,
            "혐오시설":0,
            "인프라총점":31.0,
            "초등학군":90.02,
            "중학군":45.76,
            "학군총점":54.612,
            "인구수":23.52,
            "인구증감":-12.59,
            "인구총점":12.687,
            "일자리":11.38,
            "소득수준":55.86,
            "일자리총점":24.724,
            "가치 총점":46.178,
            "매매실거래년":20220209.0,
            "매매실거래가":42000.0,
            "전세실거래년":20220207.0,
            "전세실거래가":28000.0,
            "전세가율":82.35,
            "장기전세가율평균":80.59,
            "전세가율거품지수":-1.76,
            "검색코드":101670,
            "세대수":576.0,
            "준공년월":"2008-09-23",
            "준공년차":15.0,
            "가까운역이름":"NA",
            "가까운역거리":"NA",
            "역세권여부":"NA",
            "30분이내주요거점역":"NA",
            "30분거점역이름":"NA",
            "1시간이내주요거점역":"NA",
            "1시간거점역이름":"NA",
            "3km이내백화점수":0,
            "5km이내아울렛몰수":1,
            "1km이내대형먀트수":0,
            "500m이내은행수":0,
            "500m이내병원수":1,
            "5km이내대형병원수":4,
            "500m이내공원수":4,
            "3km이내혐오시설수":0,
            "초등학교학업성취도":90.02,
            "중학교학업성취도":76.0,
            "용적률":179,
            "건폐율":15,
            "Y":34.806407,
            "X":126.445928,
            "rank":45.0,
            "area_info":"38평(128.49), 38평(128.0), 43평(144.71), 53평(176.15)",
            "last_sales":"2022-02-09,42000.0,43평(144.71)",
            "rank_history":[
                [
                    "202203",
                    45
                ],
                [
                    "202202",
                    41
                ],
                [
                    "202201",
                    32
                ]
            ],
            "rank_gap":-4
        },
        {
            "index":267,
            "아파트명":"목포옥암골드클래스",
            "투자타입":"일반",
            "전용면적(m2)":"112.43",
            "전용면적(평)":"34평",
            "법정동주소":"전라남도 목포시 옥암동 1338",
            "도로명주소":"전라남도 목포시 남악1로16번길 10",
            "세대수":50,
            "입주년차":60,
            "용적률점수":"--",
            "건폐율점수":"--",
            "세대당주차수":30,
            "난방방식":30,
            "공급면적":"--",
            "전용률":"--",
            "욕실수":100,
            "현관타입":100,
            "주거총점":57.0,
            "지역구공급총점":0.0,
            "역세권":"NA",
            "30분내 이동가능 거점":"NA",
            "1시간내 이동가능 거점":"NA",
            "교통총점":"NA",
            "백화점":0,
            "아울렛몰":80,
            "대형마트":0,
            "은행":0,
            "병원":0,
            "종합병원":100,
            "공원":100,
            "혐오시설":0,
            "인프라총점":31.0,
            "초등학군":90.02,
            "중학군":45.76,
            "학군총점":54.612,
            "인구수":23.52,
            "인구증감":-12.59,
            "인구총점":12.687,
            "일자리":11.38,
            "소득수준":55.86,
            "일자리총점":24.724,
            "가치 총점":46.003,
            "매매실거래년":20220212.0,
            "매매실거래가":25500.0,
            "전세실거래년":20211229.0,
            "전세실거래가":22000.0,
            "전세가율":86.27,
            "장기전세가율평균":80.59,
            "전세가율거품지수":-5.68,
            "검색코드":100047,
            "세대수":462.0,
            "준공년월":"2009-05-14",
            "준공년차":14.0,
            "가까운역이름":"NA",
            "가까운역거리":"NA",
            "역세권여부":"NA",
            "30분이내주요거점역":"NA",
            "30분거점역이름":"NA",
            "1시간이내주요거점역":"NA",
            "1시간거점역이름":"NA",
            "3km이내백화점수":0,
            "5km이내아울렛몰수":1,
            "1km이내대형먀트수":0,
            "500m이내은행수":0,
            "500m이내병원수":1,
            "5km이내대형병원수":4,
            "500m이내공원수":5,
            "3km이내혐오시설수":0,
            "초등학교학업성취도":90.02,
            "중학교학업성취도":76.0,
            "용적률":179,
            "건폐율":19,
            "Y":34.806382,
            "X":126.448923,
            "rank":46.0,
            "area_info":"34평(112.43), 35평(115.73), 35평(115.98)",
            "last_sales":"2022-02-12,25500.0,34평(112.43)",
            "rank_history":[
                [
                    "202203",
                    46
                ],
                [
                    "202202",
                    43
                ],
                [
                    "202201",
                    33
                ]
            ],
            "rank_gap":-3
        },
        {
            "index":308,
            "아파트명":"우미오션빌",
            "투자타입":"일반",
            "전용면적(m2)":"114.56",
            "전용면적(평)":"34평",
            "법정동주소":"전라남도 목포시 옥암동 1097",
            "도로명주소":"전라남도 목포시 평화로107번길 16",
            "세대수":50,
            "입주년차":20,
            "용적률점수":"--",
            "건폐율점수":"--",
            "세대당주차수":30,
            "난방방식":30,
            "공급면적":"--",
            "전용률":"--",
            "욕실수":100,
            "현관타입":100,
            "주거총점":49.0,
            "지역구공급총점":0.0,
            "역세권":"NA",
            "30분내 이동가능 거점":"NA",
            "1시간내 이동가능 거점":"NA",
            "교통총점":"NA",
            "백화점":0,
            "아울렛몰":80,
            "대형마트":80,
            "은행":0,
            "병원":0,
            "종합병원":100,
            "공원":100,
            "혐오시설":0,
            "인프라총점":43.0,
            "초등학군":89.97,
            "중학군":35.34,
            "학군총점":46.266,
            "인구수":23.52,
            "인구증감":-12.59,
            "인구총점":12.687,
            "일자리":11.38,
            "소득수준":55.86,
            "일자리총점":24.724,
            "가치 총점":45.9165,
            "매매실거래년":20211223.0,
            "매매실거래가":19800.0,
            "전세실거래년":20210417.0,
            "전세실거래가":15000.0,
            "전세가율":75.76,
            "장기전세가율평균":80.59,
            "전세가율거품지수":4.83,
            "검색코드":14906,
            "세대수":447.0,
            "준공년월":"2002-02-26",
            "준공년차":21.0,
            "가까운역이름":"NA",
            "가까운역거리":"NA",
            "역세권여부":"NA",
            "30분이내주요거점역":"NA",
            "30분거점역이름":"NA",
            "1시간이내주요거점역":"NA",
            "1시간거점역이름":"NA",
            "3km이내백화점수":0,
            "5km이내아울렛몰수":1,
            "1km이내대형먀트수":1,
            "500m이내은행수":0,
            "500m이내병원수":1,
            "5km이내대형병원수":4,
            "500m이내공원수":2,
            "3km이내혐오시설수":0,
            "초등학교학업성취도":89.97,
            "중학교학업성취도":58.9,
            "용적률":226,
            "건폐율":19,
            "Y":34.799426,
            "X":126.436432,
            "rank":47.0,
            "area_info":"34평(114.56), 40평(135.53), 45평(151.04)",
            "last_sales":"2021-12-23,19800.0,34평(114.56)",
            "rank_history":[
                [
                    "202203",
                    47
                ],
                [
                    "202202",
                    44
                ],
                [
                    "202201",
                    61
                ]
            ],
            "rank_gap":-3
        },
        {
            "index":198,
            "아파트명":"근화네오빌여유당2차",
            "투자타입":"일반",
            "전용면적(m2)":"83.5",
            "전용면적(평)":"25평",
            "법정동주소":"전라남도 목포시 석현동 815-17",
            "도로명주소":"전라남도 목포시 텃골로 19",
            "세대수":50,
            "입주년차":40,
            "용적률점수":"--",
            "건폐율점수":"--",
            "세대당주차수":0,
            "난방방식":30,
            "공급면적":"--",
            "전용률":"--",
            "욕실수":100,
            "현관타입":100,
            "주거총점":48.5,
            "지역구공급총점":0.0,
            "역세권":"NA",
            "30분내 이동가능 거점":"NA",
            "1시간내 이동가능 거점":"NA",
            "교통총점":"NA",
            "백화점":0,
            "아울렛몰":80,
            "대형마트":80,
            "은행":0,
            "병원":0,
            "종합병원":100,
            "공원":0,
            "혐오시설":0,
            "인프라총점":40.0,
            "초등학군":89.99,
            "중학군":41.04,
            "학군총점":50.83,
            "인구수":23.52,
            "인구증감":-12.59,
            "인구총점":12.687,
            "일자리":11.38,
            "소득수준":55.86,
            "일자리총점":24.724,
            "가치 총점":45.6825,
            "매매실거래년":20220214.0,
            "매매실거래가":12300.0,
            "전세실거래년":20210129.0,
            "전세실거래가":9000.0,
            "전세가율":72.58,
            "장기전세가율평균":80.59,
            "전세가율거품지수":8.01,
            "검색코드":115052,
            "세대수":496.0,
            "준공년월":"2004-03-25",
            "준공년차":19.0,
            "가까운역이름":"NA",
            "가까운역거리":"NA",
            "역세권여부":"NA",
            "30분이내주요거점역":"NA",
            "30분거점역이름":"NA",
            "1시간이내주요거점역":"NA",
            "1시간거점역이름":"NA",
            "3km이내백화점수":0,
            "5km이내아울렛몰수":1,
            "1km이내대형먀트수":1,
            "500m이내은행수":0,
            "500m이내병원수":0,
            "5km이내대형병원수":5,
            "500m이내공원수":0,
            "3km이내혐오시설수":0,
            "초등학교학업성취도":89.99,
            "중학교학업성취도":68.4,
            "용적률":258,
            "건폐율":22,
            "Y":34.822367,
            "X":126.41963,
            "rank":48.0,
            "area_info":"25평(83.5), 32평(107.94), 35평(118.3)",
            "last_sales":"2022-02-14,12300.0,32평(107.94)",
            "rank_history":[
                [
                    "202203",
                    48
                ],
                [
                    "202202",
                    45
                ],
                [
                    "202201",
                    63
                ]
            ],
            "rank_gap":-3
        },
        {
            "index":201,
            "아파트명":"근화블루빌",
            "투자타입":"일반",
            "전용면적(m2)":"86.76",
            "전용면적(평)":"26평",
            "법정동주소":"전라남도 목포시 석현동 816-12",
            "도로명주소":"전라남도 목포시 텃골로13번길 26",
            "세대수":50,
            "입주년차":40,
            "용적률점수":"--",
            "건폐율점수":"--",
            "세대당주차수":0,
            "난방방식":30,
            "공급면적":"--",
            "전용률":"--",
            "욕실수":100,
            "현관타입":100,
            "주거총점":48.5,
            "지역구공급총점":0.0,
            "역세권":"NA",
            "30분내 이동가능 거점":"NA",
            "1시간내 이동가능 거점":"NA",
            "교통총점":"NA",
            "백화점":0,
            "아울렛몰":80,
            "대형마트":80,
            "은행":0,
            "병원":0,
            "종합병원":100,
            "공원":0,
            "혐오시설":0,
            "인프라총점":40.0,
            "초등학군":89.99,
            "중학군":41.04,
            "학군총점":50.83,
            "인구수":23.52,
            "인구증감":-12.59,
            "인구총점":12.687,
            "일자리":11.38,
            "소득수준":55.86,
            "일자리총점":24.724,
            "가치 총점":45.6825,
            "매매실거래년":20220219.0,
            "매매실거래가":12200.0,
            "전세실거래년":20220204.0,
            "전세실거래가":11000.0,
            "전세가율":90.16,
            "장기전세가율평균":80.59,
            "전세가율거품지수":-9.57,
            "검색코드":102105,
            "세대수":447.0,
            "준공년월":"2006-02-27",
            "준공년차":17.0,
            "가까운역이름":"NA",
            "가까운역거리":"NA",
            "역세권여부":"NA",
            "30분이내주요거점역":"NA",
            "30분거점역이름":"NA",
            "1시간이내주요거점역":"NA",
            "1시간거점역이름":"NA",
            "3km이내백화점수":0,
            "5km이내아울렛몰수":1,
            "1km이내대형먀트수":1,
            "500m이내은행수":0,
            "500m이내병원수":0,
            "5km이내대형병원수":5,
            "500m이내공원수":0,
            "3km이내혐오시설수":0,
            "초등학교학업성취도":89.99,
            "중학교학업성취도":68.4,
            "용적률":220,
            "건폐율":23,
            "Y":34.821219,
            "X":126.419559,
            "rank":48.0,
            "area_info":"26평(86.76), 31평(105.75), 34평(115.36)",
            "last_sales":"2022-02-19,12200.0,26평(86.76)",
            "rank_history":[
                [
                    "202203",
                    48
                ],
                [
                    "202202",
                    45
                ],
                [
                    "202201",
                    63
                ]
            ],
            "rank_gap":-3
        },
        {
            "index":243,
            "아파트명":"신안(5,6동)",
            "투자타입":"재건축",
            "전용면적(m2)":"56.34",
            "전용면적(평)":"17평",
            "법정동주소":"전라남도 목포시 연산동 350",
            "도로명주소":"전라남도 목포시 행하길 8",
            "세대수":0,
            "입주년차":"--",
            "용적률점수":100,
            "건폐율점수":100,
            "세대당주차수":"--",
            "난방방식":"--",
            "공급면적":50,
            "전용률":80,
            "욕실수":"--",
            "현관타입":"--",
            "주거총점":66.5,
            "지역구공급총점":0.0,
            "역세권":"NA",
            "30분내 이동가능 거점":"NA",
            "1시간내 이동가능 거점":"NA",
            "교통총점":"NA",
            "백화점":0,
            "아울렛몰":0,
            "대형마트":0,
            "은행":0,
            "병원":60,
            "종합병원":100,
            "공원":100,
            "혐오시설":0,
            "인프라총점":29.0,
            "초등학군":90.0,
            "중학군":30.48,
            "학군총점":42.384,
            "인구수":23.52,
            "인구증감":-12.59,
            "인구총점":12.687,
            "일자리":11.38,
            "소득수준":55.86,
            "일자리총점":24.724,
            "가치 총점":45.471,
            "매매실거래년":20220104.0,
            "매매실거래가":4300.0,
            "전세실거래년":20191106.0,
            "전세실거래가":2500.0,
            "전세가율":59.52,
            "장기전세가율평균":80.59,
            "전세가율거품지수":21.07,
            "검색코드":127383,
            "세대수":136.0,
            "준공년월":"1986-09-06",
            "준공년차":37.0,
            "가까운역이름":"NA",
            "가까운역거리":"NA",
            "역세권여부":"NA",
            "30분이내주요거점역":"NA",
            "30분거점역이름":"NA",
            "1시간이내주요거점역":"NA",
            "1시간거점역이름":"NA",
            "3km이내백화점수":0,
            "5km이내아울렛몰수":0,
            "1km이내대형먀트수":0,
            "500m이내은행수":0,
            "500m이내병원수":14,
            "5km이내대형병원수":5,
            "500m이내공원수":15,
            "3km이내혐오시설수":0,
            "초등학교학업성취도":90.0,
            "중학교학업성취도":50.8,
            "용적률":108,
            "건폐율":19,
            "Y":34.811315,
            "X":126.384673,
            "rank":49.0,
            "area_info":"17평(56.34), 17평(56.6)",
            "last_sales":"2022-01-04,4300.0,17평(56.6)",
            "rank_history":[
                [
                    "202203",
                    49
                ],
                [
                    "202202",
                    46
                ],
                [
                    "202201",
                    34
                ]
            ],
            "rank_gap":-3
        },
        {
            "index":415,
            "아파트명":"용해동센트럴팰리체",
            "투자타입":"일반",
            "전용면적(m2)":"96.72",
            "전용면적(평)":"29평",
            "법정동주소":"전라남도 목포시 용해동 1060",
            "도로명주소":"전라남도 목포시 송림로 85",
            "세대수":0,
            "입주년차":80,
            "용적률점수":"--",
            "건폐율점수":"--",
            "세대당주차수":60,
            "난방방식":30,
            "공급면적":"--",
            "전용률":"--",
            "욕실수":100,
            "현관타입":100,
            "주거총점":48.0,
            "지역구공급총점":0.0,
            "역세권":"NA",
            "30분내 이동가능 거점":"NA",
            "1시간내 이동가능 거점":"NA",
            "교통총점":"NA",
            "백화점":0,
            "아울렛몰":0,
            "대형마트":80,
            "은행":0,
            "병원":30,
            "종합병원":100,
            "공원":100,
            "혐오시설":0,
            "인프라총점":38.0,
            "초등학군":90.0,
            "중학군":43.68,
            "학군총점":52.944,
            "인구수":23.52,
            "인구증감":-12.59,
            "인구총점":12.687,
            "일자리":11.38,
            "소득수준":55.86,
            "일자리총점":24.724,
            "가치 총점":45.236,
            "매매실거래년":20180309.0,
            "매매실거래가":22600.0,
            "전세실거래년":null,
            "전세실거래가":null,
            "전세가율":null,
            "장기전세가율평균":80.59,
            "전세가율거품지수":null,
            "검색코드":112662,
            "세대수":80.0,
            "준공년월":"2017-12-27",
            "준공년차":6.0,
            "가까운역이름":"NA",
            "가까운역거리":"NA",
            "역세권여부":"NA",
            "30분이내주요거점역":"NA",
            "30분거점역이름":"NA",
            "1시간이내주요거점역":"NA",
            "1시간거점역이름":"NA",
            "3km이내백화점수":0,
            "5km이내아울렛몰수":0,
            "1km이내대형먀트수":1,
            "500m이내은행수":0,
            "500m이내병원수":9,
            "5km이내대형병원수":5,
            "500m이내공원수":2,
            "3km이내혐오시설수":0,
            "초등학교학업성취도":90.0,
            "중학교학업성취도":72.4,
            "용적률":0,
            "건폐율":0,
            "Y":34.805866,
            "X":126.406551,
            "rank":50.0,
            "area_info":"29평(96.72), 34평(112.53)",
            "last_sales":"2018-03-09,22600.0,34평(112.53)",
            "rank_history":[
                [
                    "202203",
                    50
                ],
                [
                    "202202",
                    9999
                ]
            ],
            "rank_gap":9999
        },
        {
            "index":156,
            "아파트명":"양우비치팰리스",
            "투자타입":"일반",
            "전용면적(m2)":"133.9",
            "전용면적(평)":"40평",
            "법정동주소":"전라남도 목포시 상동 1137-21",
            "도로명주소":"전라남도 목포시 원형서로 46-1",
            "세대수":0,
            "입주년차":40,
            "용적률점수":"--",
            "건폐율점수":"--",
            "세대당주차수":60,
            "난방방식":30,
            "공급면적":"--",
            "전용률":"--",
            "욕실수":100,
            "현관타입":100,
            "주거총점":40.0,
            "지역구공급총점":0.0,
            "역세권":"NA",
            "30분내 이동가능 거점":"NA",
            "1시간내 이동가능 거점":"NA",
            "교통총점":"NA",
            "백화점":0,
            "아울렛몰":80,
            "대형마트":80,
            "은행":0,
            "병원":0,
            "종합병원":100,
            "공원":100,
            "혐오시설":0,
            "인프라총점":43.0,
            "초등학군":90.0,
            "중학군":47.56,
            "학군총점":56.048,
            "인구수":23.52,
            "인구증감":-12.59,
            "인구총점":12.687,
            "일자리":11.38,
            "소득수준":55.86,
            "일자리총점":24.724,
            "가치 총점":45.212,
            "매매실거래년":20211214.0,
            "매매실거래가":37300.0,
            "전세실거래년":20200527.0,
            "전세실거래가":8000.0,
            "전세가율":34.78,
            "장기전세가율평균":80.59,
            "전세가율거품지수":45.81,
            "검색코드":17767,
            "세대수":122.0,
            "준공년월":"2007-03-02",
            "준공년차":16.0,
            "가까운역이름":"NA",
            "가까운역거리":"NA",
            "역세권여부":"NA",
            "30분이내주요거점역":"NA",
            "30분거점역이름":"NA",
            "1시간이내주요거점역":"NA",
            "1시간거점역이름":"NA",
            "3km이내백화점수":0,
            "5km이내아울렛몰수":1,
            "1km이내대형먀트수":1,
            "500m이내은행수":0,
            "500m이내병원수":0,
            "5km이내대형병원수":4,
            "500m이내공원수":4,
            "3km이내혐오시설수":0,
            "초등학교학업성취도":90.0,
            "중학교학업성취도":79.0,
            "용적률":657,
            "건폐율":62,
            "Y":34.79666,
            "X":126.4304,
            "rank":51.0,
            "area_info":"40평(133.9), 47평(156.72), 53평(177.89), 55평(184.48), 59평(195.91), 62평(205.39), 63평(210.56), 64평(211.59), 65평(217.51), 66평(218.42), 66평(219.99)",
            "last_sales":"2021-12-14,37300.0,66평(219.99)",
            "rank_history":[
                [
                    "202203",
                    51
                ],
                [
                    "202202",
                    47
                ],
                [
                    "202201",
                    69
                ]
            ],
            "rank_gap":-4
        },
        {
            "index":290,
            "아파트명":"옥암푸르지오",
            "투자타입":"일반",
            "전용면적(m2)":"99.01",
            "전용면적(평)":"29평",
            "법정동주소":"전라남도 목포시 옥암동 1174",
            "도로명주소":"전라남도 목포시 남악1로 51",
            "세대수":50,
            "입주년차":40,
            "용적률점수":"--",
            "건폐율점수":"--",
            "세대당주차수":30,
            "난방방식":30,
            "공급면적":"--",
            "전용률":"--",
            "욕실수":100,
            "현관타입":100,
            "주거총점":53.0,
            "지역구공급총점":0.0,
            "역세권":"NA",
            "30분내 이동가능 거점":"NA",
            "1시간내 이동가능 거점":"NA",
            "교통총점":"NA",
            "백화점":0,
            "아울렛몰":80,
            "대형마트":0,
            "은행":0,
            "병원":10,
            "종합병원":100,
            "공원":100,
            "혐오시설":0,
            "인프라총점":32.0,
            "초등학군":90.0,
            "중학군":45.76,
            "학군총점":54.608,
            "인구수":23.52,
            "인구증감":-12.59,
            "인구총점":12.687,
            "일자리":11.38,
            "소득수준":55.86,
            "일자리총점":24.724,
            "가치 총점":45.002,
            "매매실거래년":20220123.0,
            "매매실거래가":22800.0,
            "전세실거래년":20210614.0,
            "전세실거래가":14000.0,
            "전세가율":78.65,
            "장기전세가율평균":80.59,
            "전세가율거품지수":1.94,
            "검색코드":22469,
            "세대수":550.0,
            "준공년월":"2007-03-22",
            "준공년차":16.0,
            "가까운역이름":"NA",
            "가까운역거리":"NA",
            "역세권여부":"NA",
            "30분이내주요거점역":"NA",
            "30분거점역이름":"NA",
            "1시간이내주요거점역":"NA",
            "1시간거점역이름":"NA",
            "3km이내백화점수":0,
            "5km이내아울렛몰수":1,
            "1km이내대형먀트수":0,
            "500m이내은행수":1,
            "500m이내병원수":3,
            "5km이내대형병원수":4,
            "500m이내공원수":2,
            "3km이내혐오시설수":0,
            "초등학교학업성취도":90.0,
            "중학교학업성취도":76.0,
            "용적률":199,
            "건폐율":15,
            "Y":34.809832,
            "X":126.444497,
            "rank":52.0,
            "area_info":"29평(99.01), 32평(107.49), 32평(107.87), 34평(115.69)",
            "last_sales":"2022-01-23,22800.0,32평(107.87)",
            "rank_history":[
                [
                    "202203",
                    52
                ],
                [
                    "202202",
                    48
                ],
                [
                    "202201",
                    41
                ]
            ],
            "rank_gap":-4
        },
        {
            "index":127,
            "아파트명":"광명샤인빌2차",
            "투자타입":"일반",
            "전용면적(m2)":"97.13",
            "전용면적(평)":"29평",
            "법정동주소":"전라남도 목포시 상동 713",
            "도로명주소":"전라남도 목포시 옥암로 165",
            "세대수":0,
            "입주년차":40,
            "용적률점수":"--",
            "건폐율점수":"--",
            "세대당주차수":30,
            "난방방식":30,
            "공급면적":"--",
            "전용률":"--",
            "욕실수":100,
            "현관타입":100,
            "주거총점":35.5,
            "지역구공급총점":0.0,
            "역세권":"NA",
            "30분내 이동가능 거점":"NA",
            "1시간내 이동가능 거점":"NA",
            "교통총점":"NA",
            "백화점":0,
            "아울렛몰":80,
            "대형마트":100,
            "은행":0,
            "병원":60,
            "종합병원":100,
            "공원":100,
            "혐오시설":0,
            "인프라총점":52.0,
            "초등학군":89.99,
            "중학군":35.34,
            "학군총점":46.27,
            "인구수":23.52,
            "인구증감":-12.59,
            "인구총점":12.687,
            "일자리":11.38,
            "소득수준":55.86,
            "일자리총점":24.724,
            "가치 총점":44.7925,
            "매매실거래년":20220128.0,
            "매매실거래가":16000.0,
            "전세실거래년":20210109.0,
            "전세실거래가":13000.0,
            "전세가율":82.28,
            "장기전세가율평균":80.59,
            "전세가율거품지수":-1.69,
            "검색코드":17337,
            "세대수":294.0,
            "준공년월":"2004-10-19",
            "준공년차":19.0,
            "가까운역이름":"NA",
            "가까운역거리":"NA",
            "역세권여부":"NA",
            "30분이내주요거점역":"NA",
            "30분거점역이름":"NA",
            "1시간이내주요거점역":"NA",
            "1시간거점역이름":"NA",
            "3km이내백화점수":0,
            "5km이내아울렛몰수":1,
            "1km이내대형먀트수":2,
            "500m이내은행수":0,
            "500m이내병원수":26,
            "5km이내대형병원수":5,
            "500m이내공원수":4,
            "3km이내혐오시설수":0,
            "초등학교학업성취도":89.99,
            "중학교학업성취도":58.9,
            "용적률":239,
            "건폐율":21,
            "Y":34.81269,
            "X":126.42196,
            "rank":53.0,
            "area_info":"29평(97.13), 36평(122.3)",
            "last_sales":"2022-01-28,16000.0,36평(122.3)",
            "rank_history":[
                [
                    "202203",
                    53
                ],
                [
                    "202202",
                    49
                ],
                [
                    "202201",
                    47
                ]
            ],
            "rank_gap":-4
        },
        {
            "index":0,
            "아파트명":"남교트윈스타",
            "투자타입":"일반",
            "전용면적(m2)":"91.36",
            "전용면적(평)":"27평",
            "법정동주소":"전라남도 목포시 남교동 164",
            "도로명주소":"전라남도 목포시 수문로 32",
            "세대수":0,
            "입주년차":80,
            "용적률점수":"--",
            "건폐율점수":"--",
            "세대당주차수":60,
            "난방방식":30,
            "공급면적":"--",
            "전용률":"--",
            "욕실수":100,
            "현관타입":100,
            "주거총점":48.0,
            "지역구공급총점":0.0,
            "역세권":"NA",
            "30분내 이동가능 거점":"NA",
            "1시간내 이동가능 거점":"NA",
            "교통총점":"NA",
            "백화점":0,
            "아울렛몰":0,
            "대형마트":0,
            "은행":70,
            "병원":60,
            "종합병원":100,
            "공원":100,
            "혐오시설":0,
            "인프라총점":36.0,
            "초등학군":90.05,
            "중학군":45.4,
            "학군총점":54.33,
            "인구수":23.52,
            "인구증감":-12.59,
            "인구총점":12.687,
            "일자리":11.38,
            "소득수준":55.86,
            "일자리총점":24.724,
            "가치 총점":44.7825,
            "매매실거래년":20211231.0,
            "매매실거래가":19500.0,
            "전세실거래년":20211020.0,
            "전세실거래가":14800.0,
            "전세가율":95.48,
            "장기전세가율평균":80.59,
            "전세가율거품지수":-14.89,
            "검색코드":104213,
            "세대수":204.0,
            "준공년월":"2014-08-22",
            "준공년차":9.0,
            "가까운역이름":"NA",
            "가까운역거리":"NA",
            "역세권여부":"NA",
            "30분이내주요거점역":"NA",
            "30분거점역이름":"NA",
            "1시간이내주요거점역":"NA",
            "1시간거점역이름":"NA",
            "3km이내백화점수":0,
            "5km이내아울렛몰수":0,
            "1km이내대형먀트수":0,
            "500m이내은행수":3,
            "500m이내병원수":26,
            "5km이내대형병원수":5,
            "500m이내공원수":2,
            "3km이내혐오시설수":0,
            "초등학교학업성취도":90.05,
            "중학교학업성취도":75.2,
            "용적률":816,
            "건폐율":76,
            "Y":34.793061,
            "X":126.382724,
            "rank":54.0,
            "area_info":"27평(91.36), 39평(129.62), 39평(129.3), 39평(129.68)",
            "last_sales":"2021-12-31,19500.0,39평(129.62)",
            "rank_history":[
                [
                    "202203",
                    54
                ],
                [
                    "202202",
                    50
                ],
                [
                    "202201",
                    42
                ]
            ],
            "rank_gap":-4
        },
        {
            "index":208,
            "아파트명":"대성사랑으로",
            "투자타입":"일반",
            "전용면적(m2)":"117.02",
            "전용면적(평)":"35평",
            "법정동주소":"전라남도 목포시 석현동 1074",
            "도로명주소":"전라남도 목포시 영산로 610",
            "세대수":30,
            "입주년차":20,
            "용적률점수":"--",
            "건폐율점수":"--",
            "세대당주차수":30,
            "난방방식":30,
            "공급면적":"--",
            "전용률":"--",
            "욕실수":100,
            "현관타입":100,
            "주거총점":42.0,
            "지역구공급총점":0.0,
            "역세권":"NA",
            "30분내 이동가능 거점":"NA",
            "1시간내 이동가능 거점":"NA",
            "교통총점":"NA",
            "백화점":0,
            "아울렛몰":80,
            "대형마트":100,
            "은행":0,
            "병원":0,
            "종합병원":100,
            "공원":0,
            "혐오시설":0,
            "인프라총점":43.0,
            "초등학군":89.99,
            "중학군":41.04,
            "학군총점":50.83,
            "인구수":23.52,
            "인구증감":-12.59,
            "인구총점":12.687,
            "일자리":11.38,
            "소득수준":55.86,
            "일자리총점":24.724,
            "가치 총점":44.6075,
            "매매실거래년":20220112.0,
            "매매실거래가":15000.0,
            "전세실거래년":20220127.0,
            "전세실거래가":13000.0,
            "전세가율":86.67,
            "장기전세가율평균":80.59,
            "전세가율거품지수":-6.08,
            "검색코드":115049,
            "세대수":365.0,
            "준공년월":"2003-05-23",
            "준공년차":20.0,
            "가까운역이름":"NA",
            "가까운역거리":"NA",
            "역세권여부":"NA",
            "30분이내주요거점역":"NA",
            "30분거점역이름":"NA",
            "1시간이내주요거점역":"NA",
            "1시간거점역이름":"NA",
            "3km이내백화점수":0,
            "5km이내아울렛몰수":1,
            "1km이내대형먀트수":2,
            "500m이내은행수":0,
            "500m이내병원수":1,
            "5km이내대형병원수":5,
            "500m이내공원수":0,
            "3km이내혐오시설수":0,
            "초등학교학업성취도":89.99,
            "중학교학업성취도":68.4,
            "용적률":275,
            "건폐율":23,
            "Y":34.819362,
            "X":126.422802,
            "rank":55.0,
            "area_info":"35평(117.02)",
            "last_sales":"2022-01-12,15000.0,35평(117.02)",
            "rank_history":[
                [
                    "202203",
                    55
                ],
                [
                    "202202",
                    51
                ],
                [
                    "202201",
                    49
                ]
            ],
            "rank_gap":-4
        },
        {
            "index":438,
            "아파트명":"호반리젠시빌스위트",
            "투자타입":"일반",
            "전용면적(m2)":"116.03",
            "전용면적(평)":"35평",
            "법정동주소":"전라남도 목포시 용해동 1025",
            "도로명주소":"전라남도 목포시 용당로331번길 88",
            "세대수":80,
            "입주년차":40,
            "용적률점수":"--",
            "건폐율점수":"--",
            "세대당주차수":30,
            "난방방식":30,
            "공급면적":"--",
            "전용률":"--",
            "욕실수":100,
            "현관타입":100,
            "주거총점":63.5,
            "지역구공급총점":0.0,
            "역세권":"NA",
            "30분내 이동가능 거점":"NA",
            "1시간내 이동가능 거점":"NA",
            "교통총점":"NA",
            "백화점":0,
            "아울렛몰":0,
            "대형마트":0,
            "은행":0,
            "병원":60,
            "종합병원":100,
            "공원":100,
            "혐오시설":0,
            "인프라총점":29.0,
            "초등학군":89.98,
            "중학군":30.48,
            "학군총점":42.38,
            "인구수":23.52,
            "인구증감":-12.59,
            "인구총점":12.687,
            "일자리":11.38,
            "소득수준":55.86,
            "일자리총점":24.724,
            "가치 총점":44.42,
            "매매실거래년":20220219.0,
            "매매실거래가":18100.0,
            "전세실거래년":20220110.0,
            "전세실거래가":15500.0,
            "전세가율":85.64,
            "장기전세가율평균":80.59,
            "전세가율거품지수":-5.05,
            "검색코드":17777,
            "세대수":732.0,
            "준공년월":"2005-01-07",
            "준공년차":18.0,
            "가까운역이름":"NA",
            "가까운역거리":"NA",
            "역세권여부":"NA",
            "30분이내주요거점역":"NA",
            "30분거점역이름":"NA",
            "1시간이내주요거점역":"NA",
            "1시간거점역이름":"NA",
            "3km이내백화점수":0,
            "5km이내아울렛몰수":0,
            "1km이내대형먀트수":0,
            "500m이내은행수":0,
            "500m이내병원수":10,
            "5km이내대형병원수":5,
            "500m이내공원수":12,
            "3km이내혐오시설수":0,
            "초등학교학업성취도":89.98,
            "중학교학업성취도":50.8,
            "용적률":223,
            "건폐율":20,
            "Y":34.816065,
            "X":126.394225,
            "rank":56.0,
            "area_info":"35평(116.03), 35평(116.27)",
            "last_sales":"2022-02-19,18100.0,35평(116.03)",
            "rank_history":[
                [
                    "202203",
                    56
                ],
                [
                    "202202",
                    52
                ],
                [
                    "202201",
                    51
                ]
            ],
            "rank_gap":-4
        },
        {
            "index":338,
            "아파트명":"하당금호2차",
            "투자타입":"일반",
            "전용면적(m2)":"75.78",
            "전용면적(평)":"22평",
            "법정동주소":"전라남도 목포시 옥암동 961",
            "도로명주소":"전라남도 목포시 백년대로375번길 32",
            "세대수":50,
            "입주년차":0,
            "용적률점수":"--",
            "건폐율점수":"--",
            "세대당주차수":0,
            "난방방식":30,
            "공급면적":"--",
            "전용률":"--",
            "욕실수":50,
            "현관타입":100,
            "주거총점":35.5,
            "지역구공급총점":0.0,
            "역세권":"NA",
            "30분내 이동가능 거점":"NA",
            "1시간내 이동가능 거점":"NA",
            "교통총점":"NA",
            "백화점":0,
            "아울렛몰":80,
            "대형마트":80,
            "은행":20,
            "병원":60,
            "종합병원":100,
            "공원":100,
            "혐오시설":0,
            "인프라총점":51.0,
            "초등학군":90.0,
            "중학군":35.34,
            "학군총점":46.272,
            "인구수":23.52,
            "인구증감":-12.59,
            "인구총점":12.687,
            "일자리":11.38,
            "소득수준":55.86,
            "일자리총점":24.724,
            "가치 총점":44.393,
            "매매실거래년":20220105.0,
            "매매실거래가":14100.0,
            "전세실거래년":20220122.0,
            "전세실거래가":10500.0,
            "전세가율":95.45,
            "장기전세가율평균":80.59,
            "전세가율거품지수":-14.86,
            "검색코드":4594,
            "세대수":438.0,
            "준공년월":"1996-11-19",
            "준공년차":27.0,
            "가까운역이름":"NA",
            "가까운역거리":"NA",
            "역세권여부":"NA",
            "30분이내주요거점역":"NA",
            "30분거점역이름":"NA",
            "1시간이내주요거점역":"NA",
            "1시간거점역이름":"NA",
            "3km이내백화점수":0,
            "5km이내아울렛몰수":1,
            "1km이내대형먀트수":1,
            "500m이내은행수":2,
            "500m이내병원수":27,
            "5km이내대형병원수":5,
            "500m이내공원수":2,
            "3km이내혐오시설수":0,
            "초등학교학업성취도":90.0,
            "중학교학업성취도":58.9,
            "용적률":177,
            "건폐율":16,
            "Y":34.809071,
            "X":126.427387,
            "rank":57.0,
            "area_info":"22평(75.78), 31평(103.22)",
            "last_sales":"2022-01-05,14100.0,31평(103.22)",
            "rank_history":[
                [
                    "202203",
                    57
                ],
                [
                    "202202",
                    53
                ],
                [
                    "202201",
                    43
                ]
            ],
            "rank_gap":-4
        },
        {
            "index":305,
            "아파트명":"우미블루빌",
            "투자타입":"일반",
            "전용면적(m2)":"82.88",
            "전용면적(평)":"25평",
            "법정동주소":"전라남도 목포시 옥암동 1096",
            "도로명주소":"전라남도 목포시 평화로153번길 9",
            "세대수":50,
            "입주년차":20,
            "용적률점수":"--",
            "건폐율점수":"--",
            "세대당주차수":0,
            "난방방식":30,
            "공급면적":"--",
            "전용률":"--",
            "욕실수":100,
            "현관타입":100,
            "주거총점":44.5,
            "지역구공급총점":0.0,
            "역세권":"NA",
            "30분내 이동가능 거점":"NA",
            "1시간내 이동가능 거점":"NA",
            "교통총점":"NA",
            "백화점":0,
            "아울렛몰":80,
            "대형마트":80,
            "은행":0,
            "병원":0,
            "종합병원":100,
            "공원":100,
            "혐오시설":0,
            "인프라총점":43.0,
            "초등학군":89.97,
            "중학군":35.34,
            "학군총점":46.266,
            "인구수":23.52,
            "인구증감":-12.59,
            "인구총점":12.687,
            "일자리":11.38,
            "소득수준":55.86,
            "일자리총점":24.724,
            "가치 총점":44.3415,
            "매매실거래년":20220218.0,
            "매매실거래가":14500.0,
            "전세실거래년":20211217.0,
            "전세실거래가":13000.0,
            "전세가율":89.66,
            "장기전세가율평균":80.59,
            "전세가율거품지수":-9.07,
            "검색코드":14905,
            "세대수":620.0,
            "준공년월":"2001-01-19",
            "준공년차":22.0,
            "가까운역이름":"NA",
            "가까운역거리":"NA",
            "역세권여부":"NA",
            "30분이내주요거점역":"NA",
            "30분거점역이름":"NA",
            "1시간이내주요거점역":"NA",
            "1시간거점역이름":"NA",
            "3km이내백화점수":0,
            "5km이내아울렛몰수":1,
            "1km이내대형먀트수":1,
            "500m이내은행수":0,
            "500m이내병원수":1,
            "5km이내대형병원수":4,
            "500m이내공원수":6,
            "3km이내혐오시설수":0,
            "초등학교학업성취도":89.97,
            "중학교학업성취도":58.9,
            "용적률":243,
            "건폐율":23,
            "Y":34.800274,
            "X":126.435804,
            "rank":58.0,
            "area_info":"25평(82.88), 33평(112.26), 34평(114.9)",
            "last_sales":"2022-02-18,14500.0,25평(82.88)",
            "rank_history":[
                [
                    "202203",
                    58
                ],
                [
                    "202202",
                    54
                ],
                [
                    "202201",
                    74
                ]
            ],
            "rank_gap":-4
        },
        {
            "index":222,
            "아파트명":"에드가안채(도시형)",
            "투자타입":"일반",
            "전용면적(m2)":"31.84",
            "전용면적(평)":"9평",
            "법정동주소":"전라남도 목포시 석현동 1178",
            "도로명주소":"전라남도 목포시 옥암로 177-1",
            "세대수":0,
            "입주년차":80,
            "용적률점수":"--",
            "건폐율점수":"--",
            "세대당주차수":0,
            "난방방식":30,
            "공급면적":"--",
            "전용률":"--",
            "욕실수":50,
            "현관타입":100,
            "주거총점":34.0,
            "지역구공급총점":0.0,
            "역세권":"NA",
            "30분내 이동가능 거점":"NA",
            "1시간내 이동가능 거점":"NA",
            "교통총점":"NA",
            "백화점":0,
            "아울렛몰":80,
            "대형마트":100,
            "은행":0,
            "병원":60,
            "종합병원":100,
            "공원":100,
            "혐오시설":0,
            "인프라총점":52.0,
            "초등학군":89.99,
            "중학군":35.34,
            "학군총점":46.27,
            "인구수":23.52,
            "인구증감":-12.59,
            "인구총점":12.687,
            "일자리":11.38,
            "소득수준":55.86,
            "일자리총점":24.724,
            "가치 총점":44.2675,
            "매매실거래년":20220128.0,
            "매매실거래가":14900.0,
            "전세실거래년":20201207.0,
            "전세실거래가":7000.0,
            "전세가율":87.5,
            "장기전세가율평균":80.59,
            "전세가율거품지수":-6.91,
            "검색코드":123190,
            "세대수":114.0,
            "준공년월":"2018-11-02",
            "준공년차":5.0,
            "가까운역이름":"NA",
            "가까운역거리":"NA",
            "역세권여부":"NA",
            "30분이내주요거점역":"NA",
            "30분거점역이름":"NA",
            "1시간이내주요거점역":"NA",
            "1시간거점역이름":"NA",
            "3km이내백화점수":0,
            "5km이내아울렛몰수":1,
            "1km이내대형먀트수":2,
            "500m이내은행수":0,
            "500m이내병원수":23,
            "5km이내대형병원수":5,
            "500m이내공원수":3,
            "3km이내혐오시설수":0,
            "초등학교학업성취도":89.99,
            "중학교학업성취도":58.9,
            "용적률":242,
            "건폐율":27,
            "Y":34.81388,
            "X":126.421617,
            "rank":59.0,
            "area_info":"9평(31.84), 12평(39.75), 21평(69.47), 21평(69.56)",
            "last_sales":"2022-01-28,14900.0,21평(69.47)",
            "rank_history":[
                [
                    "202203",
                    59
                ],
                [
                    "202202",
                    55
                ],
                [
                    "202201",
                    52
                ]
            ],
            "rank_gap":-4
        },
        {
            "index":283,
            "아파트명":"영신그린빌2차",
            "투자타입":"일반",
            "전용면적(m2)":"117.75",
            "전용면적(평)":"35평",
            "법정동주소":"전라남도 목포시 옥암동 961-4",
            "도로명주소":"전라남도 목포시 옥암로124번길 26",
            "세대수":0,
            "입주년차":20,
            "용적률점수":"--",
            "건폐율점수":"--",
            "세대당주차수":30,
            "난방방식":30,
            "공급면적":"--",
            "전용률":"--",
            "욕실수":100,
            "현관타입":100,
            "주거총점":31.5,
            "지역구공급총점":0.0,
            "역세권":"NA",
            "30분내 이동가능 거점":"NA",
            "1시간내 이동가능 거점":"NA",
            "교통총점":"NA",
            "백화점":0,
            "아울렛몰":80,
            "대형마트":100,
            "은행":20,
            "병원":60,
            "종합병원":100,
            "공원":100,
            "혐오시설":0,
            "인프라총점":54.0,
            "초등학군":90.0,
            "중학군":35.34,
            "학군총점":46.272,
            "인구수":23.52,
            "인구증감":-12.59,
            "인구총점":12.687,
            "일자리":11.38,
            "소득수준":55.86,
            "일자리총점":24.724,
            "가치 총점":44.193,
            "매매실거래년":20211109.0,
            "매매실거래가":20500.0,
            "전세실거래년":20200710.0,
            "전세실거래가":10000.0,
            "전세가율":71.43,
            "장기전세가율평균":80.59,
            "전세가율거품지수":9.16,
            "검색코드":17244,
            "세대수":56.0,
            "준공년월":"2001-06-05",
            "준공년차":22.0,
            "가까운역이름":"NA",
            "가까운역거리":"NA",
            "역세권여부":"NA",
            "30분이내주요거점역":"NA",
            "30분거점역이름":"NA",
            "1시간이내주요거점역":"NA",
            "1시간거점역이름":"NA",
            "3km이내백화점수":0,
            "5km이내아울렛몰수":1,
            "1km이내대형먀트수":2,
            "500m이내은행수":2,
            "500m이내병원수":22,
            "5km이내대형병원수":5,
            "500m이내공원수":2,
            "3km이내혐오시설수":0,
            "초등학교학업성취도":90.0,
            "중학교학업성취도":58.9,
            "용적률":192,
            "건폐율":24,
            "Y":34.810596,
            "X":126.4275,
            "rank":60.0,
            "area_info":"35평(117.75), 53평(175.83)",
            "last_sales":"2021-11-09,20500.0,53평(175.83)",
            "rank_history":[
                [
                    "202203",
                    60
                ],
                [
                    "202202",
                    9999
                ]
            ],
            "rank_gap":9999
        },
        {
            "index":280,
            "아파트명":"영신그린빌1차",
            "투자타입":"일반",
            "전용면적(m2)":"75.15",
            "전용면적(평)":"22평",
            "법정동주소":"전라남도 목포시 옥암동 994",
            "도로명주소":"전라남도 목포시 신흥로83번길 4",
            "세대수":0,
            "입주년차":20,
            "용적률점수":"--",
            "건폐율점수":"--",
            "세대당주차수":0,
            "난방방식":30,
            "공급면적":"--",
            "전용률":"--",
            "욕실수":50,
            "현관타입":100,
            "주거총점":22.0,
            "지역구공급총점":0.0,
            "역세권":"NA",
            "30분내 이동가능 거점":"NA",
            "1시간내 이동가능 거점":"NA",
            "교통총점":"NA",
            "백화점":0,
            "아울렛몰":80,
            "대형마트":100,
            "은행":100,
            "병원":60,
            "종합병원":100,
            "공원":100,
            "혐오시설":0,
            "인프라총점":62.0,
            "초등학군":89.98,
            "중학군":35.34,
            "학군총점":46.268,
            "인구수":23.52,
            "인구증감":-12.59,
            "인구총점":12.687,
            "일자리":11.38,
            "소득수준":55.86,
            "일자리총점":24.724,
            "가치 총점":44.067,
            "매매실거래년":20211219.0,
            "매매실거래가":10000.0,
            "전세실거래년":20211229.0,
            "전세실거래가":10000.0,
            "전세가율":100.0,
            "장기전세가율평균":80.59,
            "전세가율거품지수":-19.41,
            "검색코드":14908,
            "세대수":130.0,
            "준공년월":"2001-03-14",
            "준공년차":22.0,
            "가까운역이름":"NA",
            "가까운역거리":"NA",
            "역세권여부":"NA",
            "30분이내주요거점역":"NA",
            "30분거점역이름":"NA",
            "1시간이내주요거점역":"NA",
            "1시간거점역이름":"NA",
            "3km이내백화점수":0,
            "5km이내아울렛몰수":1,
            "1km이내대형먀트수":2,
            "500m이내은행수":5,
            "500m이내병원수":22,
            "5km이내대형병원수":5,
            "500m이내공원수":8,
            "3km이내혐오시설수":0,
            "초등학교학업성취도":89.98,
            "중학교학업성취도":58.9,
            "용적률":244,
            "건폐율":28,
            "Y":34.805675,
            "X":126.429648,
            "rank":61.0,
            "area_info":"22평(75.15), 31평(105.51), 33평(111.05)",
            "last_sales":"2021-12-19,10000.0,22평(75.15)",
            "rank_history":[
                [
                    "202203",
                    61
                ],
                [
                    "202202",
                    56
                ],
                [
                    "202201",
                    55
                ]
            ],
            "rank_gap":-5
        },
        {
            "index":72,
            "아파트명":"신안비치1차",
            "투자타입":"재건축",
            "전용면적(m2)":"79.41",
            "전용면적(평)":"24평",
            "법정동주소":"전라남도 목포시 산정동 1202",
            "도로명주소":"전라남도 목포시 청호로 209",
            "세대수":80,
            "입주년차":"--",
            "용적률점수":0,
            "건폐율점수":80,
            "세대당주차수":"--",
            "난방방식":"--",
            "공급면적":50,
            "전용률":60,
            "욕실수":"--",
            "현관타입":"--",
            "주거총점":45.5,
            "지역구공급총점":0.0,
            "역세권":"NA",
            "30분내 이동가능 거점":"NA",
            "1시간내 이동가능 거점":"NA",
            "교통총점":"NA",
            "백화점":0,
            "아울렛몰":0,
            "대형마트":0,
            "은행":0,
            "병원":60,
            "종합병원":100,
            "공원":100,
            "혐오시설":0,
            "인프라총점":29.0,
            "초등학군":90.01,
            "중학군":59.98,
            "학군총점":65.986,
            "인구수":23.52,
            "인구증감":-12.59,
            "인구총점":12.687,
            "일자리":11.38,
            "소득수준":55.86,
            "일자리총점":24.724,
            "가치 총점":44.0215,
            "매매실거래년":20220221.0,
            "매매실거래가":7500.0,
            "전세실거래년":20220209.0,
            "전세실거래가":7000.0,
            "전세가율":93.33,
            "장기전세가율평균":80.59,
            "전세가율거품지수":-12.74,
            "검색코드":4538,
            "세대수":750.0,
            "준공년월":"1991-01-17",
            "준공년차":32.0,
            "가까운역이름":"NA",
            "가까운역거리":"NA",
            "역세권여부":"NA",
            "30분이내주요거점역":"NA",
            "30분거점역이름":"NA",
            "1시간이내주요거점역":"NA",
            "1시간거점역이름":"NA",
            "3km이내백화점수":0,
            "5km이내아울렛몰수":0,
            "1km이내대형먀트수":0,
            "500m이내은행수":1,
            "500m이내병원수":12,
            "5km이내대형병원수":5,
            "500m이내공원수":10,
            "3km이내혐오시설수":0,
            "초등학교학업성취도":90.01,
            "중학교학업성취도":99.5,
            "용적률":264,
            "건폐율":21,
            "Y":34.808238,
            "X":126.369591,
            "rank":62.0,
            "area_info":"24평(79.41), 30평(102.19), 30평(102.29), 45평(149.4)",
            "last_sales":"2022-02-21,7500.0,24평(79.41)",
            "rank_history":[
                [
                    "202203",
                    62
                ],
                [
                    "202202",
                    57
                ],
                [
                    "202201",
                    45
                ]
            ],
            "rank_gap":-5
        },
        {
            "index":193,
            "아파트명":"광명샤인빌",
            "투자타입":"일반",
            "전용면적(m2)":"120.13",
            "전용면적(평)":"36평",
            "법정동주소":"전라남도 목포시 석현동 1171-1",
            "도로명주소":"전라남도 목포시 석현로 42",
            "세대수":30,
            "입주년차":20,
            "용적률점수":"--",
            "건폐율점수":"--",
            "세대당주차수":30,
            "난방방식":30,
            "공급면적":"--",
            "전용률":"--",
            "욕실수":100,
            "현관타입":100,
            "주거총점":42.0,
            "지역구공급총점":0.0,
            "역세권":"NA",
            "30분내 이동가능 거점":"NA",
            "1시간내 이동가능 거점":"NA",
            "교통총점":"NA",
            "백화점":0,
            "아울렛몰":80,
            "대형마트":100,
            "은행":0,
            "병원":10,
            "종합병원":100,
            "공원":0,
            "혐오시설":0,
            "인프라총점":44.0,
            "초등학군":89.99,
            "중학군":35.34,
            "학군총점":46.27,
            "인구수":23.52,
            "인구증감":-12.59,
            "인구총점":12.687,
            "일자리":11.38,
            "소득수준":55.86,
            "일자리총점":24.724,
            "가치 총점":43.8675,
            "매매실거래년":20220123.0,
            "매매실거래가":18500.0,
            "전세실거래년":20211210.0,
            "전세실거래가":16000.0,
            "전세가율":86.49,
            "장기전세가율평균":80.59,
            "전세가율거품지수":-5.9,
            "검색코드":117297,
            "세대수":360.0,
            "준공년월":"2002-10-11",
            "준공년차":21.0,
            "가까운역이름":"NA",
            "가까운역거리":"NA",
            "역세권여부":"NA",
            "30분이내주요거점역":"NA",
            "30분거점역이름":"NA",
            "1시간이내주요거점역":"NA",
            "1시간거점역이름":"NA",
            "3km이내백화점수":0,
            "5km이내아울렛몰수":1,
            "1km이내대형먀트수":2,
            "500m이내은행수":0,
            "500m이내병원수":4,
            "5km이내대형병원수":5,
            "500m이내공원수":0,
            "3km이내혐오시설수":0,
            "초등학교학업성취도":89.99,
            "중학교학업성취도":58.9,
            "용적률":291,
            "건폐율":24,
            "Y":34.816209,
            "X":126.425251,
            "rank":63.0,
            "area_info":"36평(120.13), 36평(120.14)",
            "last_sales":"2022-01-23,18500.0,36평(120.13)",
            "rank_history":[
                [
                    "202203",
                    63
                ],
                [
                    "202202",
                    58
                ],
                [
                    "202201",
                    54
                ]
            ],
            "rank_gap":-5
        },
        {
            "index":430,
            "아파트명":"제일맨션",
            "투자타입":"재건축",
            "전용면적(m2)":"88.87",
            "전용면적(평)":"26평",
            "법정동주소":"전라남도 목포시 용해동 966-7",
            "도로명주소":"전라남도 목포시 양을로236번길 9",
            "세대수":0,
            "입주년차":"--",
            "용적률점수":80,
            "건폐율점수":60,
            "세대당주차수":"--",
            "난방방식":"--",
            "공급면적":70,
            "전용률":80,
            "욕실수":"--",
            "현관타입":"--",
            "주거총점":51.5,
            "지역구공급총점":0.0,
            "역세권":"NA",
            "30분내 이동가능 거점":"NA",
            "1시간내 이동가능 거점":"NA",
            "교통총점":"NA",
            "백화점":0,
            "아울렛몰":0,
            "대형마트":80,
            "은행":20,
            "병원":10,
            "종합병원":100,
            "공원":100,
            "혐오시설":0,
            "인프라총점":38.0,
            "초등학군":90.02,
            "중학군":30.48,
            "학군총점":42.388,
            "인구수":23.52,
            "인구증감":-12.59,
            "인구총점":12.687,
            "일자리":11.38,
            "소득수준":55.86,
            "일자리총점":24.724,
            "가치 총점":43.822,
            "매매실거래년":20210825.0,
            "매매실거래가":5500.0,
            "전세실거래년":20191225.0,
            "전세실거래가":6000.0,
            "전세가율":109.09,
            "장기전세가율평균":80.59,
            "전세가율거품지수":-28.5,
            "검색코드":117293,
            "세대수":60.0,
            "준공년월":"1988-12-19",
            "준공년차":35.0,
            "가까운역이름":"NA",
            "가까운역거리":"NA",
            "역세권여부":"NA",
            "30분이내주요거점역":"NA",
            "30분거점역이름":"NA",
            "1시간이내주요거점역":"NA",
            "1시간거점역이름":"NA",
            "3km이내백화점수":0,
            "5km이내아울렛몰수":0,
            "1km이내대형먀트수":1,
            "500m이내은행수":2,
            "500m이내병원수":4,
            "5km이내대형병원수":5,
            "500m이내공원수":10,
            "3km이내혐오시설수":0,
            "초등학교학업성취도":90.02,
            "중학교학업성취도":50.8,
            "용적률":151,
            "건폐율":32,
            "Y":34.811164,
            "X":126.396354,
            "rank":64.0,
            "area_info":"26평(88.87), 29평(96.19)",
            "last_sales":"2021-08-25,5500.0,26평(88.87)",
            "rank_history":[
                [
                    "202203",
                    64
                ],
                [
                    "202202",
                    9999
                ]
            ],
            "rank_gap":9999
        },
        {
            "index":354,
            "아파트명":"에드가채움",
            "투자타입":"일반",
            "전용면적(m2)":"91.02",
            "전용면적(평)":"27평",
            "법정동주소":"전라남도 목포시 용당동 1214",
            "도로명주소":"전라남도 목포시 소영길 43",
            "세대수":0,
            "입주년차":80,
            "용적률점수":"--",
            "건폐율점수":"--",
            "세대당주차수":30,
            "난방방식":30,
            "공급면적":"--",
            "전용률":"--",
            "욕실수":100,
            "현관타입":100,
            "주거총점":43.5,
            "지역구공급총점":0.0,
            "역세권":"NA",
            "30분내 이동가능 거점":"NA",
            "1시간내 이동가능 거점":"NA",
            "교통총점":"NA",
            "백화점":0,
            "아울렛몰":0,
            "대형마트":80,
            "은행":0,
            "병원":60,
            "종합병원":100,
            "공원":100,
            "혐오시설":0,
            "인프라총점":41.0,
            "초등학군":90.01,
            "중학군":36.12,
            "학군총점":46.898,
            "인구수":23.52,
            "인구증감":-12.59,
            "인구총점":12.687,
            "일자리":11.38,
            "소득수준":55.86,
            "일자리총점":24.724,
            "가치 총점":43.3495,
            "매매실거래년":20220212.0,
            "매매실거래가":21800.0,
            "전세실거래년":20210913.0,
            "전세실거래가":16500.0,
            "전세가율":75.69,
            "장기전세가율평균":80.59,
            "전세가율거품지수":4.9,
            "검색코드":108821,
            "세대수":256.0,
            "준공년월":"2016-07-01",
            "준공년차":7.0,
            "가까운역이름":"NA",
            "가까운역거리":"NA",
            "역세권여부":"NA",
            "30분이내주요거점역":"NA",
            "30분거점역이름":"NA",
            "1시간이내주요거점역":"NA",
            "1시간거점역이름":"NA",
            "3km이내백화점수":0,
            "5km이내아울렛몰수":0,
            "1km이내대형먀트수":1,
            "500m이내은행수":1,
            "500m이내병원수":14,
            "5km이내대형병원수":5,
            "500m이내공원수":8,
            "3km이내혐오시설수":0,
            "초등학교학업성취도":90.01,
            "중학교학업성취도":60.2,
            "용적률":147,
            "건폐율":16,
            "Y":34.808006,
            "X":126.397043,
            "rank":65.0,
            "area_info":"27평(91.02), 34평(112.51), 34평(112.4)",
            "last_sales":"2022-02-12,21800.0,27평(91.02)",
            "rank_history":[
                [
                    "202203",
                    65
                ],
                [
                    "202202",
                    59
                ],
                [
                    "202201",
                    40
                ]
            ],
            "rank_gap":-6
        },
        {
            "index":120,
            "아파트명":"현대",
            "투자타입":"재건축",
            "전용면적(m2)":"55.53",
            "전용면적(평)":"16평",
            "법정동주소":"전라남도 목포시 산정동 225-63",
            "도로명주소":"전라남도 목포시 산정로203번길 24",
            "세대수":0,
            "입주년차":"--",
            "용적률점수":100,
            "건폐율점수":80,
            "세대당주차수":"--",
            "난방방식":"--",
            "공급면적":50,
            "전용률":80,
            "욕실수":"--",
            "현관타입":"--",
            "주거총점":62.5,
            "지역구공급총점":0.0,
            "역세권":"NA",
            "30분내 이동가능 거점":"NA",
            "1시간내 이동가능 거점":"NA",
            "교통총점":"NA",
            "백화점":0,
            "아울렛몰":0,
            "대형마트":0,
            "은행":0,
            "병원":10,
            "종합병원":100,
            "공원":100,
            "혐오시설":0,
            "인프라총점":24.0,
            "초등학군":89.98,
            "중학군":36.12,
            "학군총점":46.892,
            "인구수":23.52,
            "인구증감":-12.59,
            "인구총점":12.687,
            "일자리":11.38,
            "소득수준":55.86,
            "일자리총점":24.724,
            "가치 총점":43.198,
            "매매실거래년":20210402.0,
            "매매실거래가":3000.0,
            "전세실거래년":20210311.0,
            "전세실거래가":2000.0,
            "전세가율":66.67,
            "장기전세가율평균":80.59,
            "전세가율거품지수":13.92,
            "검색코드":121504,
            "세대수":90.0,
            "준공년월":"1987-11-09",
            "준공년차":36.0,
            "가까운역이름":"NA",
            "가까운역거리":"NA",
            "역세권여부":"NA",
            "30분이내주요거점역":"NA",
            "30분거점역이름":"NA",
            "1시간이내주요거점역":"NA",
            "1시간거점역이름":"NA",
            "3km이내백화점수":0,
            "5km이내아울렛몰수":0,
            "1km이내대형먀트수":0,
            "500m이내은행수":0,
            "500m이내병원수":2,
            "5km이내대형병원수":5,
            "500m이내공원수":5,
            "3km이내혐오시설수":0,
            "초등학교학업성취도":89.98,
            "중학교학업성취도":60.2,
            "용적률":136,
            "건폐율":27,
            "Y":34.805239,
            "X":126.387741,
            "rank":66.0,
            "area_info":"16평(55.53), 16평(55.45), 16평(55.48)",
            "last_sales":"2021-04-02,3000.0,16평(55.53)",
            "rank_history":[
                [
                    "202203",
                    66
                ],
                [
                    "202202",
                    9999
                ]
            ],
            "rank_gap":9999
        },
        {
            "index":436,
            "아파트명":"포미타운주공1단지",
            "투자타입":"일반",
            "전용면적(m2)":"67.97",
            "전용면적(평)":"20평",
            "법정동주소":"전라남도 목포시 용해동 973",
            "도로명주소":"전라남도 목포시 포미로 23",
            "세대수":80,
            "입주년차":40,
            "용적률점수":"--",
            "건폐율점수":"--",
            "세대당주차수":30,
            "난방방식":30,
            "공급면적":"--",
            "전용률":"--",
            "욕실수":50,
            "현관타입":100,
            "주거총점":58.5,
            "지역구공급총점":0.0,
            "역세권":"NA",
            "30분내 이동가능 거점":"NA",
            "1시간내 이동가능 거점":"NA",
            "교통총점":"NA",
            "백화점":0,
            "아울렛몰":0,
            "대형마트":0,
            "은행":0,
            "병원":60,
            "종합병원":100,
            "공원":100,
            "혐오시설":0,
            "인프라총점":29.0,
            "초등학군":89.98,
            "중학군":30.48,
            "학군총점":42.38,
            "인구수":23.52,
            "인구증감":-12.59,
            "인구총점":12.687,
            "일자리":11.38,
            "소득수준":55.86,
            "일자리총점":24.724,
            "가치 총점":42.67,
            "매매실거래년":20220213.0,
            "매매실거래가":10500.0,
            "전세실거래년":20220207.0,
            "전세실거래가":9500.0,
            "전세가율":90.48,
            "장기전세가율평균":80.59,
            "전세가율거품지수":-9.89,
            "검색코드":105145,
            "세대수":734.0,
            "준공년월":"2004-11-26",
            "준공년차":19.0,
            "가까운역이름":"NA",
            "가까운역거리":"NA",
            "역세권여부":"NA",
            "30분이내주요거점역":"NA",
            "30분거점역이름":"NA",
            "1시간이내주요거점역":"NA",
            "1시간거점역이름":"NA",
            "3km이내백화점수":0,
            "5km이내아울렛몰수":0,
            "1km이내대형먀트수":0,
            "500m이내은행수":0,
            "500m이내병원수":13,
            "5km이내대형병원수":5,
            "500m이내공원수":8,
            "3km이내혐오시설수":0,
            "초등학교학업성취도":89.98,
            "중학교학업성취도":50.8,
            "용적률":165,
            "건폐율":15,
            "Y":34.817773,
            "X":126.395963,
            "rank":67.0,
            "area_info":"20평(67.97), 23평(78.8)",
            "last_sales":"2022-02-13,10500.0,20평(67.97)",
            "rank_history":[
                [
                    "202203",
                    67
                ],
                [
                    "202202",
                    60
                ],
                [
                    "202201",
                    53
                ]
            ],
            "rank_gap":-7
        },
        {
            "index":340,
            "아파트명":"하당초원2차",
            "투자타입":"일반",
            "전용면적(m2)":"77.91",
            "전용면적(평)":"23평",
            "법정동주소":"전라남도 목포시 옥암동 994-1",
            "도로명주소":"전라남도 목포시 신흥로 93",
            "세대수":0,
            "입주년차":0,
            "용적률점수":"--",
            "건폐율점수":"--",
            "세대당주차수":0,
            "난방방식":30,
            "공급면적":"--",
            "전용률":"--",
            "욕실수":50,
            "현관타입":100,
            "주거총점":18.0,
            "지역구공급총점":0.0,
            "역세권":"NA",
            "30분내 이동가능 거점":"NA",
            "1시간내 이동가능 거점":"NA",
            "교통총점":"NA",
            "백화점":0,
            "아울렛몰":80,
            "대형마트":100,
            "은행":100,
            "병원":60,
            "종합병원":100,
            "공원":100,
            "혐오시설":0,
            "인프라총점":62.0,
            "초등학군":89.98,
            "중학군":35.34,
            "학군총점":46.268,
            "인구수":23.52,
            "인구증감":-12.59,
            "인구총점":12.687,
            "일자리":11.38,
            "소득수준":55.86,
            "일자리총점":24.724,
            "가치 총점":42.667,
            "매매실거래년":20220212.0,
            "매매실거래가":10400.0,
            "전세실거래년":20220118.0,
            "전세실거래가":10000.0,
            "전세가율":96.15,
            "장기전세가율평균":80.59,
            "전세가율거품지수":-15.56,
            "검색코드":4600,
            "세대수":196.0,
            "준공년월":"1996-09-13",
            "준공년차":27.0,
            "가까운역이름":"NA",
            "가까운역거리":"NA",
            "역세권여부":"NA",
            "30분이내주요거점역":"NA",
            "30분거점역이름":"NA",
            "1시간이내주요거점역":"NA",
            "1시간거점역이름":"NA",
            "3km이내백화점수":0,
            "5km이내아울렛몰수":1,
            "1km이내대형먀트수":2,
            "500m이내은행수":5,
            "500m이내병원수":20,
            "5km이내대형병원수":5,
            "500m이내공원수":8,
            "3km이내혐오시설수":0,
            "초등학교학업성취도":89.98,
            "중학교학업성취도":58.9,
            "용적률":210,
            "건폐율":21,
            "Y":34.80587,
            "X":126.430114,
            "rank":68.0,
            "area_info":"23평(77.91), 31평(104.77)",
            "last_sales":"2022-02-12,10400.0,23평(77.91)",
            "rank_history":[
                [
                    "202203",
                    68
                ],
                [
                    "202202",
                    61
                ],
                [
                    "202201",
                    64
                ]
            ],
            "rank_gap":-7
        },
        {
            "index":364,
            "아파트명":"유달",
            "투자타입":"재건축",
            "전용면적(m2)":"56.3",
            "전용면적(평)":"17평",
            "법정동주소":"전라남도 목포시 용당동 171-10",
            "도로명주소":"전라남도 목포시 용당로 102-1",
            "세대수":0,
            "입주년차":"--",
            "용적률점수":100,
            "건폐율점수":80,
            "세대당주차수":"--",
            "난방방식":"--",
            "공급면적":50,
            "전용률":80,
            "욕실수":"--",
            "현관타입":"--",
            "주거총점":62.5,
            "지역구공급총점":0.0,
            "역세권":"NA",
            "30분내 이동가능 거점":"NA",
            "1시간내 이동가능 거점":"NA",
            "교통총점":"NA",
            "백화점":0,
            "아울렛몰":0,
            "대형마트":0,
            "은행":0,
            "병원":10,
            "종합병원":100,
            "공원":100,
            "혐오시설":0,
            "인프라총점":24.0,
            "초등학군":89.99,
            "중학군":32.96,
            "학군총점":44.366,
            "인구수":23.52,
            "인구증감":-12.59,
            "인구총점":12.687,
            "일자리":11.38,
            "소득수준":55.86,
            "일자리총점":24.724,
            "가치 총점":42.5665,
            "매매실거래년":20220204.0,
            "매매실거래가":6300.0,
            "전세실거래년":20210621.0,
            "전세실거래가":3000.0,
            "전세가율":96.77,
            "장기전세가율평균":80.59,
            "전세가율거품지수":-16.18,
            "검색코드":4602,
            "세대수":160.0,
            "준공년월":"1982-10-20",
            "준공년차":41.0,
            "가까운역이름":"NA",
            "가까운역거리":"NA",
            "역세권여부":"NA",
            "30분이내주요거점역":"NA",
            "30분거점역이름":"NA",
            "1시간이내주요거점역":"NA",
            "1시간거점역이름":"NA",
            "3km이내백화점수":0,
            "5km이내아울렛몰수":0,
            "1km이내대형먀트수":0,
            "500m이내은행수":1,
            "500m이내병원수":2,
            "5km이내대형병원수":5,
            "500m이내공원수":5,
            "3km이내혐오시설수":0,
            "초등학교학업성취도":89.99,
            "중학교학업성취도":53.4,
            "용적률":127,
            "건폐율":27,
            "Y":34.79729,
            "X":126.403269,
            "rank":69.0,
            "area_info":"17평(56.3), 29평(98.78), 29평(98.94), 30평(102.39)",
            "last_sales":"2022-02-04,6300.0,29평(98.94)",
            "rank_history":[
                [
                    "202203",
                    69
                ],
                [
                    "202202",
                    62
                ],
                [
                    "202201",
                    36
                ]
            ],
            "rank_gap":-7
        },
        {
            "index":239,
            "아파트명":"백련지구골드클래스9차(백련지구A-1블럭)",
            "투자타입":"일반",
            "전용면적(m2)":"90.29",
            "전용면적(평)":"27평",
            "법정동주소":"전라남도 목포시 연산동 2022",
            "도로명주소":"전라남도 목포시 연산백련로1번길 111",
            "세대수":30,
            "입주년차":100,
            "용적률점수":"--",
            "건폐율점수":"--",
            "세대당주차수":60,
            "난방방식":30,
            "공급면적":"--",
            "전용률":"--",
            "욕실수":100,
            "현관타입":100,
            "주거총점":62.5,
            "지역구공급총점":0.0,
            "역세권":"NA",
            "30분내 이동가능 거점":"NA",
            "1시간내 이동가능 거점":"NA",
            "교통총점":"NA",
            "백화점":0,
            "아울렛몰":0,
            "대형마트":0,
            "은행":0,
            "병원":10,
            "종합병원":100,
            "공원":100,
            "혐오시설":0,
            "인프라총점":24.0,
            "초등학군":90.03,
            "중학군":30.48,
            "학군총점":42.39,
            "인구수":23.52,
            "인구증감":-12.59,
            "인구총점":12.687,
            "일자리":11.38,
            "소득수준":55.86,
            "일자리총점":24.724,
            "가치 총점":42.0725,
            "매매실거래년":"18000101",
            "매매실거래가":null,
            "전세실거래년":null,
            "전세실거래가":null,
            "전세가율":null,
            "장기전세가율평균":80.59,
            "전세가율거품지수":null,
            "검색코드":124876,
            "세대수":356.0,
            "준공년월":"2021-05-01",
            "준공년차":2.0,
            "가까운역이름":"NA",
            "가까운역거리":"NA",
            "역세권여부":"NA",
            "30분이내주요거점역":"NA",
            "30분거점역이름":"NA",
            "1시간이내주요거점역":"NA",
            "1시간거점역이름":"NA",
            "3km이내백화점수":0,
            "5km이내아울렛몰수":0,
            "1km이내대형먀트수":0,
            "500m이내은행수":0,
            "500m이내병원수":3,
            "5km이내대형병원수":5,
            "500m이내공원수":10,
            "3km이내혐오시설수":0,
            "초등학교학업성취도":90.03,
            "중학교학업성취도":50.8,
            "용적률":179,
            "건폐율":18,
            "Y":34.820505,
            "X":126.389961,
            "rank":70.0,
            "area_info":"27평(90.29), 30평(99.96), 30평(101.62), 31평(103.39)",
            "last_sales":"1800-01-01,nan,27평(90.29)",
            "rank_history":[
                [
                    "202203",
                    70
                ],
                [
                    "202202",
                    63
                ],
                [
                    "202201",
                    56
                ]
            ],
            "rank_gap":-7
        },
        {
            "index":329,
            "아파트명":"제일풍경채6단지",
            "투자타입":"일반",
            "전용면적(m2)":"94.91",
            "전용면적(평)":"28평",
            "법정동주소":"전라남도 목포시 옥암동 915-26",
            "도로명주소":"전라남도 목포시 옥암로 156",
            "세대수":0,
            "입주년차":20,
            "용적률점수":"--",
            "건폐율점수":"--",
            "세대당주차수":0,
            "난방방식":30,
            "공급면적":"--",
            "전용률":"--",
            "욕실수":100,
            "현관타입":100,
            "주거총점":27.0,
            "지역구공급총점":0.0,
            "역세권":"NA",
            "30분내 이동가능 거점":"NA",
            "1시간내 이동가능 거점":"NA",
            "교통총점":"NA",
            "백화점":0,
            "아울렛몰":80,
            "대형마트":100,
            "은행":0,
            "병원":60,
            "종합병원":100,
            "공원":100,
            "혐오시설":0,
            "인프라총점":52.0,
            "초등학군":89.99,
            "중학군":35.34,
            "학군총점":46.27,
            "인구수":23.52,
            "인구증감":-12.59,
            "인구총점":12.687,
            "일자리":11.38,
            "소득수준":55.86,
            "일자리총점":24.724,
            "가치 총점":41.8175,
            "매매실거래년":20211108.0,
            "매매실거래가":15200.0,
            "전세실거래년":20220212.0,
            "전세실거래가":15500.0,
            "전세가율":101.97,
            "장기전세가율평균":80.59,
            "전세가율거품지수":-21.38,
            "검색코드":16969,
            "세대수":194.0,
            "준공년월":"2003-11-10",
            "준공년차":20.0,
            "가까운역이름":"NA",
            "가까운역거리":"NA",
            "역세권여부":"NA",
            "30분이내주요거점역":"NA",
            "30분거점역이름":"NA",
            "1시간이내주요거점역":"NA",
            "1시간거점역이름":"NA",
            "3km이내백화점수":0,
            "5km이내아울렛몰수":1,
            "1km이내대형먀트수":2,
            "500m이내은행수":0,
            "500m이내병원수":23,
            "5km이내대형병원수":5,
            "500m이내공원수":2,
            "3km이내혐오시설수":0,
            "초등학교학업성취도":89.99,
            "중학교학업성취도":58.9,
            "용적률":203,
            "건폐율":25,
            "Y":34.812793,
            "X":126.423873,
            "rank":71.0,
            "area_info":"28평(94.91), 33평(112.31)",
            "last_sales":"2021-11-08,15200.0,28평(94.91)",
            "rank_history":[
                [
                    "202203",
                    71
                ],
                [
                    "202202",
                    64
                ],
                [
                    "202201",
                    68
                ]
            ],
            "rank_gap":-7
        },
        {
            "index":204,
            "아파트명":"금장",
            "투자타입":"재건축",
            "전용면적(m2)":"59.5",
            "전용면적(평)":"17평",
            "법정동주소":"전라남도 목포시 석현동 771-1",
            "도로명주소":"전라남도 목포시 도룡길5번길 11",
            "세대수":0,
            "입주년차":"--",
            "용적률점수":100,
            "건폐율점수":20,
            "세대당주차수":"--",
            "난방방식":"--",
            "공급면적":50,
            "전용률":80,
            "욕실수":"--",
            "현관타입":"--",
            "주거총점":50.5,
            "지역구공급총점":0.0,
            "역세권":"NA",
            "30분내 이동가능 거점":"NA",
            "1시간내 이동가능 거점":"NA",
            "교통총점":"NA",
            "백화점":0,
            "아울렛몰":80,
            "대형마트":0,
            "은행":0,
            "병원":0,
            "종합병원":100,
            "공원":0,
            "혐오시설":0,
            "인프라총점":28.0,
            "초등학군":89.99,
            "중학군":41.04,
            "학군총점":50.83,
            "인구수":23.52,
            "인구증감":-12.59,
            "인구총점":12.687,
            "일자리":11.38,
            "소득수준":55.86,
            "일자리총점":24.724,
            "가치 총점":41.5825,
            "매매실거래년":"18000101",
            "매매실거래가":null,
            "전세실거래년":null,
            "전세실거래가":null,
            "전세가율":null,
            "장기전세가율평균":80.59,
            "전세가율거품지수":null,
            "검색코드":14901,
            "세대수":210.0,
            "준공년월":"1983-04-14",
            "준공년차":40.0,
            "가까운역이름":"NA",
            "가까운역거리":"NA",
            "역세권여부":"NA",
            "30분이내주요거점역":"NA",
            "30분거점역이름":"NA",
            "1시간이내주요거점역":"NA",
            "1시간거점역이름":"NA",
            "3km이내백화점수":0,
            "5km이내아울렛몰수":1,
            "1km이내대형먀트수":0,
            "500m이내은행수":0,
            "500m이내병원수":0,
            "5km이내대형병원수":5,
            "500m이내공원수":0,
            "3km이내혐오시설수":0,
            "초등학교학업성취도":89.99,
            "중학교학업성취도":68.4,
            "용적률":134,
            "건폐율":45,
            "Y":34.824975,
            "X":126.420114,
            "rank":72.0,
            "area_info":"17평(59.5), 24평(79.34), 25평(85.95), 27평(89.26)",
            "last_sales":"1800-01-01,nan,17평(59.5)",
            "rank_history":[
                [
                    "202203",
                    72
                ],
                [
                    "202202",
                    67
                ],
                [
                    "202201",
                    59
                ]
            ],
            "rank_gap":-5
        },
        {
            "index":326,
            "아파트명":"제일풍경채5차",
            "투자타입":"일반",
            "전용면적(m2)":"78.87",
            "전용면적(평)":"23평",
            "법정동주소":"전라남도 목포시 옥암동 915",
            "도로명주소":"전라남도 목포시 하당로289번길 25",
            "세대수":0,
            "입주년차":20,
            "용적률점수":"--",
            "건폐율점수":"--",
            "세대당주차수":0,
            "난방방식":30,
            "공급면적":"--",
            "전용률":"--",
            "욕실수":100,
            "현관타입":100,
            "주거총점":27.0,
            "지역구공급총점":0.0,
            "역세권":"NA",
            "30분내 이동가능 거점":"NA",
            "1시간내 이동가능 거점":"NA",
            "교통총점":"NA",
            "백화점":0,
            "아울렛몰":80,
            "대형마트":100,
            "은행":0,
            "병원":60,
            "종합병원":100,
            "공원":80,
            "혐오시설":0,
            "인프라총점":51.4,
            "초등학군":89.99,
            "중학군":35.34,
            "학군총점":46.27,
            "인구수":23.52,
            "인구증감":-12.59,
            "인구총점":12.687,
            "일자리":11.38,
            "소득수준":55.86,
            "일자리총점":24.724,
            "가치 총점":41.5775,
            "매매실거래년":20211018.0,
            "매매실거래가":18000.0,
            "전세실거래년":20211021.0,
            "전세실거래가":12000.0,
            "전세가율":88.89,
            "장기전세가율평균":80.59,
            "전세가율거품지수":-8.3,
            "검색코드":26360,
            "세대수":299.0,
            "준공년월":"2003-05-03",
            "준공년차":20.0,
            "가까운역이름":"NA",
            "가까운역거리":"NA",
            "역세권여부":"NA",
            "30분이내주요거점역":"NA",
            "30분거점역이름":"NA",
            "1시간이내주요거점역":"NA",
            "1시간거점역이름":"NA",
            "3km이내백화점수":0,
            "5km이내아울렛몰수":1,
            "1km이내대형먀트수":2,
            "500m이내은행수":0,
            "500m이내병원수":13,
            "5km이내대형병원수":5,
            "500m이내공원수":1,
            "3km이내혐오시설수":0,
            "초등학교학업성취도":89.99,
            "중학교학업성취도":58.9,
            "용적률":248,
            "건폐율":21,
            "Y":34.813479,
            "X":126.425314,
            "rank":73.0,
            "area_info":"23평(78.87), 28평(95.83), 33평(111.93)",
            "last_sales":"2021-10-18,18000.0,33평(111.93)",
            "rank_history":[
                [
                    "202203",
                    73
                ],
                [
                    "202202",
                    66
                ],
                [
                    "202201",
                    68
                ]
            ],
            "rank_gap":-7
        },
        {
            "index":235,
            "아파트명":"목포백련지구천년가",
            "투자타입":"일반",
            "전용면적(m2)":"111.32",
            "전용면적(평)":"33평",
            "법정동주소":"전라남도 목포시 연산동 2023",
            "도로명주소":"전라남도 목포시 연산백련로1번길 79",
            "세대수":50,
            "입주년차":80,
            "용적률점수":"--",
            "건폐율점수":"--",
            "세대당주차수":30,
            "난방방식":30,
            "공급면적":"--",
            "전용률":"--",
            "욕실수":100,
            "현관타입":100,
            "주거총점":61.0,
            "지역구공급총점":0.0,
            "역세권":"NA",
            "30분내 이동가능 거점":"NA",
            "1시간내 이동가능 거점":"NA",
            "교통총점":"NA",
            "백화점":0,
            "아울렛몰":0,
            "대형마트":0,
            "은행":0,
            "병원":10,
            "종합병원":100,
            "공원":100,
            "혐오시설":0,
            "인프라총점":24.0,
            "초등학군":90.03,
            "중학군":30.48,
            "학군총점":42.39,
            "인구수":23.52,
            "인구증감":-12.59,
            "인구총점":12.687,
            "일자리":11.38,
            "소득수준":55.86,
            "일자리총점":24.724,
            "가치 총점":41.5475,
            "매매실거래년":20220117.0,
            "매매실거래가":43000.0,
            "전세실거래년":20220220.0,
            "전세실거래가":27500.0,
            "전세가율":82.09,
            "장기전세가율평균":80.59,
            "전세가율거품지수":-1.5,
            "검색코드":114965,
            "세대수":433.0,
            "준공년월":"2017-09-22",
            "준공년차":6.0,
            "가까운역이름":"NA",
            "가까운역거리":"NA",
            "역세권여부":"NA",
            "30분이내주요거점역":"NA",
            "30분거점역이름":"NA",
            "1시간이내주요거점역":"NA",
            "1시간거점역이름":"NA",
            "3km이내백화점수":0,
            "5km이내아울렛몰수":0,
            "1km이내대형먀트수":0,
            "500m이내은행수":0,
            "500m이내병원수":3,
            "5km이내대형병원수":5,
            "500m이내공원수":8,
            "3km이내혐오시설수":0,
            "초등학교학업성취도":90.03,
            "중학교학업성취도":50.8,
            "용적률":169,
            "건폐율":19,
            "Y":34.819177,
            "X":126.388273,
            "rank":74.0,
            "area_info":"33평(111.32), 34평(112.94), 34평(112.98), 39평(132.03)",
            "last_sales":"2022-01-17,43000.0,39평(132.03)",
            "rank_history":[
                [
                    "202203",
                    74
                ],
                [
                    "202202",
                    65
                ],
                [
                    "202201",
                    58
                ]
            ],
            "rank_gap":-9
        },
        {
            "index":321,
            "아파트명":"제일",
            "투자타입":"일반",
            "전용면적(m2)":"117.19",
            "전용면적(평)":"35평",
            "법정동주소":"전라남도 목포시 옥암동 1103",
            "도로명주소":"전라남도 목포시 미항로 206",
            "세대수":50,
            "입주년차":20,
            "용적률점수":"--",
            "건폐율점수":"--",
            "세대당주차수":30,
            "난방방식":30,
            "공급면적":"--",
            "전용률":"--",
            "욕실수":100,
            "현관타입":100,
            "주거총점":49.0,
            "지역구공급총점":0.0,
            "역세권":"NA",
            "30분내 이동가능 거점":"NA",
            "1시간내 이동가능 거점":"NA",
            "교통총점":"NA",
            "백화점":0,
            "아울렛몰":80,
            "대형마트":0,
            "은행":0,
            "병원":0,
            "종합병원":100,
            "공원":100,
            "혐오시설":0,
            "인프라총점":31.0,
            "초등학군":89.97,
            "중학군":35.34,
            "학군총점":46.266,
            "인구수":23.52,
            "인구증감":-12.59,
            "인구총점":12.687,
            "일자리":11.38,
            "소득수준":55.86,
            "일자리총점":24.724,
            "가치 총점":41.1165,
            "매매실거래년":20220216.0,
            "매매실거래가":19900.0,
            "전세실거래년":20220210.0,
            "전세실거래가":15000.0,
            "전세가율":76.92,
            "장기전세가율평균":80.59,
            "전세가율거품지수":3.67,
            "검색코드":102102,
            "세대수":478.0,
            "준공년월":"2001-07-20",
            "준공년차":22.0,
            "가까운역이름":"NA",
            "가까운역거리":"NA",
            "역세권여부":"NA",
            "30분이내주요거점역":"NA",
            "30분거점역이름":"NA",
            "1시간이내주요거점역":"NA",
            "1시간거점역이름":"NA",
            "3km이내백화점수":0,
            "5km이내아울렛몰수":1,
            "1km이내대형먀트수":0,
            "500m이내은행수":0,
            "500m이내병원수":1,
            "5km이내대형병원수":4,
            "500m이내공원수":4,
            "3km이내혐오시설수":0,
            "초등학교학업성취도":89.97,
            "중학교학업성취도":58.9,
            "용적률":308,
            "건폐율":25,
            "Y":34.799707,
            "X":126.440065,
            "rank":75.0,
            "area_info":"35평(117.19), 35평(117.26)",
            "last_sales":"2022-02-16,19900.0,35평(117.26)",
            "rank_history":[
                [
                    "202203",
                    75
                ],
                [
                    "202202",
                    68
                ],
                [
                    "202201",
                    61
                ]
            ],
            "rank_gap":-7
        },
        {
            "index":103,
            "아파트명":"중앙하이츠",
            "투자타입":"일반",
            "전용면적(m2)":"74.93",
            "전용면적(평)":"22평",
            "법정동주소":"전라남도 목포시 산정동 994-4",
            "도로명주소":"전라남도 목포시 양을로41번길 40",
            "세대수":80,
            "입주년차":0,
            "용적률점수":"--",
            "건폐율점수":"--",
            "세대당주차수":0,
            "난방방식":30,
            "공급면적":"--",
            "전용률":"--",
            "욕실수":50,
            "현관타입":10,
            "주거총점":37.0,
            "지역구공급총점":0.0,
            "역세권":"NA",
            "30분내 이동가능 거점":"NA",
            "1시간내 이동가능 거점":"NA",
            "교통총점":"NA",
            "백화점":0,
            "아울렛몰":0,
            "대형마트":0,
            "은행":0,
            "병원":60,
            "종합병원":100,
            "공원":100,
            "혐오시설":0,
            "인프라총점":29.0,
            "초등학군":90.03,
            "중학군":59.98,
            "학군총점":65.99,
            "인구수":23.52,
            "인구증감":-12.59,
            "인구총점":12.687,
            "일자리":11.38,
            "소득수준":55.86,
            "일자리총점":24.724,
            "가치 총점":41.0475,
            "매매실거래년":20220214.0,
            "매매실거래가":10000.0,
            "전세실거래년":20210224.0,
            "전세실거래가":6500.0,
            "전세가율":90.91,
            "장기전세가율평균":80.59,
            "전세가율거품지수":-10.32,
            "검색코드":4545,
            "세대수":893.0,
            "준공년월":"1993-03-01",
            "준공년차":30.0,
            "가까운역이름":"NA",
            "가까운역거리":"NA",
            "역세권여부":"NA",
            "30분이내주요거점역":"NA",
            "30분거점역이름":"NA",
            "1시간이내주요거점역":"NA",
            "1시간거점역이름":"NA",
            "3km이내백화점수":0,
            "5km이내아울렛몰수":0,
            "1km이내대형먀트수":0,
            "500m이내은행수":0,
            "500m이내병원수":16,
            "5km이내대형병원수":5,
            "500m이내공원수":14,
            "3km이내혐오시설수":0,
            "초등학교학업성취도":90.03,
            "중학교학업성취도":99.5,
            "용적률":0,
            "건폐율":0,
            "Y":34.804012,
            "X":126.379783,
            "rank":76.0,
            "area_info":"22평(74.93), 27평(91.95), 30평(102.21), 46평(154.23)",
            "last_sales":"2022-02-14,10000.0,30평(102.21)",
            "rank_history":[
                [
                    "202203",
                    76
                ],
                [
                    "202202",
                    69
                ],
                [
                    "202201",
                    62
                ]
            ],
            "rank_gap":-7
        },
        {
            "index":369,
            "아파트명":"초원용해",
            "투자타입":"재건축",
            "전용면적(m2)":"111.93",
            "전용면적(평)":"33평",
            "법정동주소":"전라남도 목포시 용당동 1197-1",
            "도로명주소":"전라남도 목포시 양을로220번길 11",
            "세대수":0,
            "입주년차":"--",
            "용적률점수":80,
            "건폐율점수":20,
            "세대당주차수":"--",
            "난방방식":"--",
            "공급면적":90,
            "전용률":60,
            "욕실수":"--",
            "현관타입":"--",
            "주거총점":43.5,
            "지역구공급총점":0.0,
            "역세권":"NA",
            "30분내 이동가능 거점":"NA",
            "1시간내 이동가능 거점":"NA",
            "교통총점":"NA",
            "백화점":0,
            "아울렛몰":0,
            "대형마트":80,
            "은행":20,
            "병원":10,
            "종합병원":100,
            "공원":100,
            "혐오시설":0,
            "인프라총점":38.0,
            "초등학군":90.02,
            "중학군":30.48,
            "학군총점":42.388,
            "인구수":23.52,
            "인구증감":-12.59,
            "인구총점":12.687,
            "일자리":11.38,
            "소득수준":55.86,
            "일자리총점":24.724,
            "가치 총점":41.022,
            "매매실거래년":20160311.0,
            "매매실거래가":9000.0,
            "전세실거래년":null,
            "전세실거래가":null,
            "전세가율":null,
            "장기전세가율평균":80.59,
            "전세가율거품지수":null,
            "검색코드":117263,
            "세대수":68.0,
            "준공년월":"1990-03-19",
            "준공년차":33.0,
            "가까운역이름":"NA",
            "가까운역거리":"NA",
            "역세권여부":"NA",
            "30분이내주요거점역":"NA",
            "30분거점역이름":"NA",
            "1시간이내주요거점역":"NA",
            "1시간거점역이름":"NA",
            "3km이내백화점수":0,
            "5km이내아울렛몰수":0,
            "1km이내대형먀트수":1,
            "500m이내은행수":2,
            "500m이내병원수":2,
            "5km이내대형병원수":5,
            "500m이내공원수":12,
            "3km이내혐오시설수":0,
            "초등학교학업성취도":90.02,
            "중학교학업성취도":50.8,
            "용적률":171,
            "건폐율":41,
            "Y":34.810488,
            "X":126.394117,
            "rank":77.0,
            "area_info":"33평(111.93), 33평(112.2), 33평(112.0), 34평(113.49), 35평(118.56), 41평(135.86), 43평(145.03), 44평(147.0), 46평(154.83), 54평(179.5), 54평(180.97)",
            "last_sales":"2016-03-11,9000.0,46평(154.83)",
            "rank_history":[
                [
                    "202203",
                    77
                ],
                [
                    "202202",
                    9999
                ]
            ],
            "rank_gap":9999
        },
        {
            "index":383,
            "아파트명":"금호타운",
            "투자타입":"일반",
            "전용면적(m2)":"90.1",
            "전용면적(평)":"27평",
            "법정동주소":"전라남도 목포시 용해동 143-7",
            "도로명주소":"전라남도 목포시 삼학로 331",
            "세대수":50,
            "입주년차":0,
            "용적률점수":"--",
            "건폐율점수":"--",
            "세대당주차수":0,
            "난방방식":30,
            "공급면적":"--",
            "전용률":"--",
            "욕실수":100,
            "현관타입":100,
            "주거총점":40.5,
            "지역구공급총점":0.0,
            "역세권":"NA",
            "30분내 이동가능 거점":"NA",
            "1시간내 이동가능 거점":"NA",
            "교통총점":"NA",
            "백화점":0,
            "아울렛몰":0,
            "대형마트":80,
            "은행":0,
            "병원":0,
            "종합병원":100,
            "공원":0,
            "혐오시설":0,
            "인프라총점":32.0,
            "초등학군":90.0,
            "중학군":46.16,
            "학군총점":54.928,
            "인구수":23.52,
            "인구증감":-12.59,
            "인구총점":12.687,
            "일자리":11.38,
            "소득수준":55.86,
            "일자리총점":24.724,
            "가치 총점":40.707,
            "매매실거래년":20211231.0,
            "매매실거래가":10300.0,
            "전세실거래년":20200717.0,
            "전세실거래가":1000.0,
            "전세가율":11.76,
            "장기전세가율평균":80.59,
            "전세가율거품지수":68.83,
            "검색코드":4604,
            "세대수":426.0,
            "준공년월":"1994-03-16",
            "준공년차":29.0,
            "가까운역이름":"NA",
            "가까운역거리":"NA",
            "역세권여부":"NA",
            "30분이내주요거점역":"NA",
            "30분거점역이름":"NA",
            "1시간이내주요거점역":"NA",
            "1시간거점역이름":"NA",
            "3km이내백화점수":0,
            "5km이내아울렛몰수":0,
            "1km이내대형먀트수":1,
            "500m이내은행수":0,
            "500m이내병원수":1,
            "5km이내대형병원수":5,
            "500m이내공원수":0,
            "3km이내혐오시설수":0,
            "초등학교학업성취도":90.0,
            "중학교학업성취도":76.2,
            "용적률":219,
            "건폐율":19,
            "Y":34.800781,
            "X":126.40747,
            "rank":78.0,
            "area_info":"27평(90.1), 30평(101.43), 43평(142.87)",
            "last_sales":"2021-12-31,10300.0,30평(101.43)",
            "rank_history":[
                [
                    "202203",
                    78
                ],
                [
                    "202202",
                    70
                ],
                [
                    "202201",
                    57
                ]
            ],
            "rank_gap":-8
        },
        {
            "index":422,
            "아파트명":"용해지구천년가맘스카운티",
            "투자타입":"일반",
            "전용면적(m2)":"83.16",
            "전용면적(평)":"25평",
            "법정동주소":"전라남도 목포시 용해동 1040",
            "도로명주소":"전라남도 목포시 용해지구로88번길 7",
            "세대수":30,
            "입주년차":100,
            "용적률점수":"--",
            "건폐율점수":"--",
            "세대당주차수":30,
            "난방방식":30,
            "공급면적":"--",
            "전용률":"--",
            "욕실수":100,
            "현관타입":100,
            "주거총점":58.0,
            "지역구공급총점":0.0,
            "역세권":"NA",
            "30분내 이동가능 거점":"NA",
            "1시간내 이동가능 거점":"NA",
            "교통총점":"NA",
            "백화점":0,
            "아울렛몰":0,
            "대형마트":0,
            "은행":0,
            "병원":10,
            "종합병원":100,
            "공원":100,
            "혐오시설":0,
            "인프라총점":24.0,
            "초등학군":89.98,
            "중학군":30.48,
            "학군총점":42.38,
            "인구수":23.52,
            "인구증감":-12.59,
            "인구총점":12.687,
            "일자리":11.38,
            "소득수준":55.86,
            "일자리총점":24.724,
            "가치 총점":40.495,
            "매매실거래년":20220212.0,
            "매매실거래가":20700.0,
            "전세실거래년":20220219.0,
            "전세실거래가":20000.0,
            "전세가율":96.62,
            "장기전세가율평균":80.59,
            "전세가율거품지수":-16.03,
            "검색코드":116806,
            "세대수":308.0,
            "준공년월":"2019-08-09",
            "준공년차":4.0,
            "가까운역이름":"NA",
            "가까운역거리":"NA",
            "역세권여부":"NA",
            "30분이내주요거점역":"NA",
            "30분거점역이름":"NA",
            "1시간이내주요거점역":"NA",
            "1시간거점역이름":"NA",
            "3km이내백화점수":0,
            "5km이내아울렛몰수":0,
            "1km이내대형먀트수":0,
            "500m이내은행수":0,
            "500m이내병원수":3,
            "5km이내대형병원수":5,
            "500m이내공원수":8,
            "3km이내혐오시설수":0,
            "초등학교학업성취도":89.98,
            "중학교학업성취도":50.8,
            "용적률":199,
            "건폐율":25,
            "Y":34.820944,
            "X":126.393431,
            "rank":79.0,
            "area_info":"25평(83.16), 25평(83.44), 25평(84.2)",
            "last_sales":"2022-02-12,20700.0,25평(83.16)",
            "rank_history":[
                [
                    "202203",
                    79
                ],
                [
                    "202202",
                    71
                ],
                [
                    "202201",
                    66
                ]
            ],
            "rank_gap":-8
        },
        {
            "index":155,
            "아파트명":"성지비버리힐스",
            "투자타입":"일반",
            "전용면적(m2)":"136.53",
            "전용면적(평)":"41평",
            "법정동주소":"전라남도 목포시 상동 1116-2",
            "도로명주소":"전라남도 목포시 평화로14번길 6",
            "세대수":0,
            "입주년차":40,
            "용적률점수":"--",
            "건폐율점수":"--",
            "세대당주차수":0,
            "난방방식":30,
            "공급면적":"--",
            "전용률":"--",
            "욕실수":100,
            "현관타입":50,
            "주거총점":26.0,
            "지역구공급총점":0.0,
            "역세권":"NA",
            "30분내 이동가능 거점":"NA",
            "1시간내 이동가능 거점":"NA",
            "교통총점":"NA",
            "백화점":0,
            "아울렛몰":80,
            "대형마트":80,
            "은행":0,
            "병원":0,
            "종합병원":100,
            "공원":100,
            "혐오시설":0,
            "인프라총점":43.0,
            "초등학군":90.0,
            "중학군":47.56,
            "학군총점":56.048,
            "인구수":23.52,
            "인구증감":-12.59,
            "인구총점":12.687,
            "일자리":11.38,
            "소득수준":55.86,
            "일자리총점":24.724,
            "가치 총점":40.312,
            "매매실거래년":20211207.0,
            "매매실거래가":24500.0,
            "전세실거래년":20201223.0,
            "전세실거래가":17000.0,
            "전세가율":69.39,
            "장기전세가율평균":80.59,
            "전세가율거품지수":11.2,
            "검색코드":106039,
            "세대수":75.0,
            "준공년월":"2005-06-14",
            "준공년차":18.0,
            "가까운역이름":"NA",
            "가까운역거리":"NA",
            "역세권여부":"NA",
            "30분이내주요거점역":"NA",
            "30분거점역이름":"NA",
            "1시간이내주요거점역":"NA",
            "1시간거점역이름":"NA",
            "3km이내백화점수":0,
            "5km이내아울렛몰수":1,
            "1km이내대형먀트수":1,
            "500m이내은행수":0,
            "500m이내병원수":0,
            "5km이내대형병원수":5,
            "500m이내공원수":6,
            "3km이내혐오시설수":0,
            "초등학교학업성취도":90.0,
            "중학교학업성취도":79.0,
            "용적률":277,
            "건폐율":22,
            "Y":34.79682,
            "X":126.427302,
            "rank":80.0,
            "area_info":"41평(136.53)",
            "last_sales":"2021-12-07,24500.0,41평(136.53)",
            "rank_history":[
                [
                    "202203",
                    80
                ],
                [
                    "202202",
                    9999
                ]
            ],
            "rank_gap":9999
        },
        {
            "index":287,
            "아파트명":"옥암코아루",
            "투자타입":"일반",
            "전용면적(m2)":"112.71",
            "전용면적(평)":"34평",
            "법정동주소":"전라남도 목포시 옥암동 1149",
            "도로명주소":"전라남도 목포시 당가두로13번길 12",
            "세대수":30,
            "입주년차":40,
            "용적률점수":"--",
            "건폐율점수":"--",
            "세대당주차수":30,
            "난방방식":30,
            "공급면적":"--",
            "전용률":"--",
            "욕실수":100,
            "현관타입":100,
            "주거총점":46.0,
            "지역구공급총점":0.0,
            "역세권":"NA",
            "30분내 이동가능 거점":"NA",
            "1시간내 이동가능 거점":"NA",
            "교통총점":"NA",
            "백화점":0,
            "아울렛몰":80,
            "대형마트":0,
            "은행":0,
            "병원":0,
            "종합병원":100,
            "공원":100,
            "혐오시설":0,
            "인프라총점":31.0,
            "초등학군":90.0,
            "중학군":35.34,
            "학군총점":46.272,
            "인구수":23.52,
            "인구증감":-12.59,
            "인구총점":12.687,
            "일자리":11.38,
            "소득수준":55.86,
            "일자리총점":24.724,
            "가치 총점":40.068,
            "매매실거래년":20220210.0,
            "매매실거래가":19000.0,
            "전세실거래년":20220121.0,
            "전세실거래가":18500.0,
            "전세가율":88.1,
            "장기전세가율평균":80.59,
            "전세가율거품지수":-7.51,
            "검색코드":24899,
            "세대수":311.0,
            "준공년월":"2007-03-02",
            "준공년차":16.0,
            "가까운역이름":"NA",
            "가까운역거리":"NA",
            "역세권여부":"NA",
            "30분이내주요거점역":"NA",
            "30분거점역이름":"NA",
            "1시간이내주요거점역":"NA",
            "1시간거점역이름":"NA",
            "3km이내백화점수":0,
            "5km이내아울렛몰수":1,
            "1km이내대형먀트수":0,
            "500m이내은행수":0,
            "500m이내병원수":1,
            "5km이내대형병원수":4,
            "500m이내공원수":4,
            "3km이내혐오시설수":0,
            "초등학교학업성취도":90.0,
            "중학교학업성취도":58.9,
            "용적률":179,
            "건폐율":20,
            "Y":34.809098,
            "X":126.43791,
            "rank":81.0,
            "area_info":"34평(112.71), 34평(113.97)",
            "last_sales":"2022-02-10,19000.0,34평(113.97)",
            "rank_history":[
                [
                    "202203",
                    81
                ],
                [
                    "202202",
                    72
                ],
                [
                    "202201",
                    73
                ]
            ],
            "rank_gap":-9
        },
        {
            "index":153,
            "아파트명":"상동현대",
            "투자타입":"일반",
            "전용면적(m2)":"76.59",
            "전용면적(평)":"23평",
            "법정동주소":"전라남도 목포시 상동 764",
            "도로명주소":"전라남도 목포시 상동로 33",
            "세대수":50,
            "입주년차":0,
            "용적률점수":"--",
            "건폐율점수":"--",
            "세대당주차수":0,
            "난방방식":30,
            "공급면적":"--",
            "전용률":"--",
            "욕실수":50,
            "현관타입":100,
            "주거총점":35.5,
            "지역구공급총점":0.0,
            "역세권":"NA",
            "30분내 이동가능 거점":"NA",
            "1시간내 이동가능 거점":"NA",
            "교통총점":"NA",
            "백화점":0,
            "아울렛몰":80,
            "대형마트":0,
            "은행":0,
            "병원":60,
            "종합병원":100,
            "공원":100,
            "혐오시설":0,
            "인프라총점":37.0,
            "초등학군":89.95,
            "중학군":41.04,
            "학군총점":50.822,
            "인구수":23.52,
            "인구증감":-12.59,
            "인구총점":12.687,
            "일자리":11.38,
            "소득수준":55.86,
            "일자리총점":24.724,
            "가치 총점":39.9305,
            "매매실거래년":20220219.0,
            "매매실거래가":15300.0,
            "전세실거래년":20210826.0,
            "전세실거래가":9200.0,
            "전세가율":95.83,
            "장기전세가율평균":80.59,
            "전세가율거품지수":-15.24,
            "검색코드":4576,
            "세대수":510.0,
            "준공년월":"1996-03-01",
            "준공년차":27.0,
            "가까운역이름":"NA",
            "가까운역거리":"NA",
            "역세권여부":"NA",
            "30분이내주요거점역":"NA",
            "30분거점역이름":"NA",
            "1시간이내주요거점역":"NA",
            "1시간거점역이름":"NA",
            "3km이내백화점수":0,
            "5km이내아울렛몰수":1,
            "1km이내대형먀트수":0,
            "500m이내은행수":0,
            "500m이내병원수":14,
            "5km이내대형병원수":5,
            "500m이내공원수":10,
            "3km이내혐오시설수":0,
            "초등학교학업성취도":89.95,
            "중학교학업성취도":68.4,
            "용적률":177,
            "건폐율":18,
            "Y":34.812098,
            "X":126.414094,
            "rank":82.0,
            "area_info":"23평(76.59), 31평(103.31)",
            "last_sales":"2022-02-19,15300.0,31평(103.31)",
            "rank_history":[
                [
                    "202203",
                    82
                ],
                [
                    "202202",
                    75
                ],
                [
                    "202201",
                    70
                ]
            ],
            "rank_gap":-7
        },
        {
            "index":245,
            "아파트명":"연산골드클래스8차",
            "투자타입":"일반",
            "전용면적(m2)":"84.01",
            "전용면적(평)":"25평",
            "법정동주소":"전라남도 목포시 연산동 2044",
            "도로명주소":"전라남도 목포시 산정로 308",
            "세대수":30,
            "입주년차":80,
            "용적률점수":"--",
            "건폐율점수":"--",
            "세대당주차수":30,
            "난방방식":30,
            "공급면적":"--",
            "전용률":"--",
            "욕실수":100,
            "현관타입":100,
            "주거총점":54.0,
            "지역구공급총점":0.0,
            "역세권":"NA",
            "30분내 이동가능 거점":"NA",
            "1시간내 이동가능 거점":"NA",
            "교통총점":"NA",
            "백화점":0,
            "아울렛몰":0,
            "대형마트":0,
            "은행":0,
            "병원":30,
            "종합병원":100,
            "공원":100,
            "혐오시설":0,
            "인프라총점":26.0,
            "초등학군":89.99,
            "중학군":30.48,
            "학군총점":42.382,
            "인구수":23.52,
            "인구증감":-12.59,
            "인구총점":12.687,
            "일자리":11.38,
            "소득수준":55.86,
            "일자리총점":24.724,
            "가치 총점":39.8955,
            "매매실거래년":20220127.0,
            "매매실거래가":18000.0,
            "전세실거래년":20220217.0,
            "전세실거래가":16000.0,
            "전세가율":88.89,
            "장기전세가율평균":80.59,
            "전세가율거품지수":-8.3,
            "검색코드":115637,
            "세대수":315.0,
            "준공년월":"2018-09-21",
            "준공년차":5.0,
            "가까운역이름":"NA",
            "가까운역거리":"NA",
            "역세권여부":"NA",
            "30분이내주요거점역":"NA",
            "30분거점역이름":"NA",
            "1시간이내주요거점역":"NA",
            "1시간거점역이름":"NA",
            "3km이내백화점수":0,
            "5km이내아울렛몰수":0,
            "1km이내대형먀트수":0,
            "500m이내은행수":0,
            "500m이내병원수":8,
            "5km이내대형병원수":5,
            "500m이내공원수":8,
            "3km이내혐오시설수":0,
            "초등학교학업성취도":89.99,
            "중학교학업성취도":50.8,
            "용적률":208,
            "건폐율":18,
            "Y":34.81417,
            "X":126.383859,
            "rank":83.0,
            "area_info":"25평(84.01), 29평(96.3)",
            "last_sales":"2022-01-27,18000.0,25평(84.01)",
            "rank_history":[
                [
                    "202203",
                    83
                ],
                [
                    "202202",
                    73
                ],
                [
                    "202201",
                    71
                ]
            ],
            "rank_gap":-10
        },
        {
            "index":259,
            "아파트명":"현대",
            "투자타입":"재건축",
            "전용면적(m2)":"91.47",
            "전용면적(평)":"27평",
            "법정동주소":"전라남도 목포시 연산동 331",
            "도로명주소":"전라남도 목포시 산정로 298",
            "세대수":50,
            "입주년차":"--",
            "용적률점수":20,
            "건폐율점수":100,
            "세대당주차수":"--",
            "난방방식":"--",
            "공급면적":70,
            "전용률":80,
            "욕실수":"--",
            "현관타입":"--",
            "주거총점":50.5,
            "지역구공급총점":0.0,
            "역세권":"NA",
            "30분내 이동가능 거점":"NA",
            "1시간내 이동가능 거점":"NA",
            "교통총점":"NA",
            "백화점":0,
            "아울렛몰":0,
            "대형마트":0,
            "은행":0,
            "병원":60,
            "종합병원":100,
            "공원":100,
            "혐오시설":0,
            "인프라총점":29.0,
            "초등학군":89.99,
            "중학군":30.48,
            "학군총점":42.382,
            "인구수":23.52,
            "인구증감":-12.59,
            "인구총점":12.687,
            "일자리":11.38,
            "소득수준":55.86,
            "일자리총점":24.724,
            "가치 총점":39.8705,
            "매매실거래년":20220210.0,
            "매매실거래가":8000.0,
            "전세실거래년":20220205.0,
            "전세실거래가":8000.0,
            "전세가율":100.0,
            "장기전세가율평균":80.59,
            "전세가율거품지수":-19.41,
            "검색코드":4590,
            "세대수":474.0,
            "준공년월":"1991-11-26",
            "준공년차":32.0,
            "가까운역이름":"NA",
            "가까운역거리":"NA",
            "역세권여부":"NA",
            "30분이내주요거점역":"NA",
            "30분거점역이름":"NA",
            "1시간이내주요거점역":"NA",
            "1시간거점역이름":"NA",
            "3km이내백화점수":0,
            "5km이내아울렛몰수":0,
            "1km이내대형먀트수":0,
            "500m이내은행수":0,
            "500m이내병원수":11,
            "5km이내대형병원수":5,
            "500m이내공원수":10,
            "3km이내혐오시설수":0,
            "초등학교학업성취도":89.99,
            "중학교학업성취도":50.8,
            "용적률":207,
            "건폐율":15,
            "Y":34.81323,
            "X":126.38499,
            "rank":84.0,
            "area_info":"27평(91.47), 30평(102.33)",
            "last_sales":"2022-02-10,8000.0,27평(91.47)",
            "rank_history":[
                [
                    "202203",
                    84
                ],
                [
                    "202202",
                    74
                ],
                [
                    "202201",
                    77
                ]
            ],
            "rank_gap":-10
        },
        {
            "index":249,
            "아파트명":"연산주공3단지",
            "투자타입":"일반",
            "전용면적(m2)":"77.17",
            "전용면적(평)":"23평",
            "법정동주소":"전라남도 목포시 연산동 1260",
            "도로명주소":"전라남도 목포시 원산중앙로 87",
            "세대수":90,
            "입주년차":0,
            "용적률점수":"--",
            "건폐율점수":"--",
            "세대당주차수":0,
            "난방방식":30,
            "공급면적":"--",
            "전용률":"--",
            "욕실수":50,
            "현관타입":100,
            "주거총점":49.5,
            "지역구공급총점":0.0,
            "역세권":"NA",
            "30분내 이동가능 거점":"NA",
            "1시간내 이동가능 거점":"NA",
            "교통총점":"NA",
            "백화점":0,
            "아울렛몰":0,
            "대형마트":0,
            "은행":0,
            "병원":60,
            "종합병원":100,
            "공원":100,
            "혐오시설":0,
            "인프라총점":29.0,
            "초등학군":89.99,
            "중학군":30.48,
            "학군총점":42.382,
            "인구수":23.52,
            "인구증감":-12.59,
            "인구총점":12.687,
            "일자리":11.38,
            "소득수준":55.86,
            "일자리총점":24.724,
            "가치 총점":39.5205,
            "매매실거래년":20220217.0,
            "매매실거래가":9500.0,
            "전세실거래년":20220208.0,
            "전세실거래가":7800.0,
            "전세가율":82.98,
            "장기전세가율평균":80.59,
            "전세가율거품지수":-2.39,
            "검색코드":4589,
            "세대수":1050.0,
            "준공년월":"1995-07-11",
            "준공년차":28.0,
            "가까운역이름":"NA",
            "가까운역거리":"NA",
            "역세권여부":"NA",
            "30분이내주요거점역":"NA",
            "30분거점역이름":"NA",
            "1시간이내주요거점역":"NA",
            "1시간거점역이름":"NA",
            "3km이내백화점수":0,
            "5km이내아울렛몰수":0,
            "1km이내대형먀트수":0,
            "500m이내은행수":0,
            "500m이내병원수":12,
            "5km이내대형병원수":5,
            "500m이내공원수":10,
            "3km이내혐오시설수":0,
            "초등학교학업성취도":89.99,
            "중학교학업성취도":50.8,
            "용적률":225,
            "건폐율":19,
            "Y":34.812931,
            "X":126.380832,
            "rank":85.0,
            "area_info":"23평(77.17), 23평(77.13)",
            "last_sales":"2022-02-17,9500.0,23평(77.13)",
            "rank_history":[
                [
                    "202203",
                    85
                ],
                [
                    "202202",
                    76
                ],
                [
                    "202201",
                    80
                ]
            ],
            "rank_gap":-9
        },
        {
            "index":220,
            "아파트명":"수창해뜨레(민간임대)",
            "투자타입":"일반",
            "전용면적(m2)":"79.6",
            "전용면적(평)":"24평",
            "법정동주소":"전라남도 목포시 석현동 1177",
            "도로명주소":"전라남도 목포시 석현로45번길 19",
            "세대수":0,
            "입주년차":60,
            "용적률점수":"--",
            "건폐율점수":"--",
            "세대당주차수":0,
            "난방방식":30,
            "공급면적":"--",
            "전용률":"--",
            "욕실수":50,
            "현관타입":100,
            "주거총점":30.0,
            "지역구공급총점":0.0,
            "역세권":"NA",
            "30분내 이동가능 거점":"NA",
            "1시간내 이동가능 거점":"NA",
            "교통총점":"NA",
            "백화점":0,
            "아울렛몰":80,
            "대형마트":100,
            "은행":0,
            "병원":0,
            "종합병원":100,
            "공원":0,
            "혐오시설":0,
            "인프라총점":43.0,
            "초등학군":89.99,
            "중학군":35.34,
            "학군총점":46.27,
            "인구수":23.52,
            "인구증감":-12.59,
            "인구총점":12.687,
            "일자리":11.38,
            "소득수준":55.86,
            "일자리총점":24.724,
            "가치 총점":39.2675,
            "매매실거래년":20211223.0,
            "매매실거래가":10100.0,
            "전세실거래년":20211026.0,
            "전세실거래가":9700.0,
            "전세가율":96.04,
            "장기전세가율평균":80.59,
            "전세가율거품지수":-15.45,
            "검색코드":131683,
            "세대수":134.0,
            "준공년월":"2012-12-28",
            "준공년차":11.0,
            "가까운역이름":"NA",
            "가까운역거리":"NA",
            "역세권여부":"NA",
            "30분이내주요거점역":"NA",
            "30분거점역이름":"NA",
            "1시간이내주요거점역":"NA",
            "1시간거점역이름":"NA",
            "3km이내백화점수":0,
            "5km이내아울렛몰수":1,
            "1km이내대형먀트수":2,
            "500m이내은행수":0,
            "500m이내병원수":1,
            "5km이내대형병원수":5,
            "500m이내공원수":0,
            "3km이내혐오시설수":0,
            "초등학교학업성취도":89.99,
            "중학교학업성취도":58.9,
            "용적률":218,
            "건폐율":22,
            "Y":34.818863,
            "X":126.424829,
            "rank":86.0,
            "area_info":"24평(79.6), 24평(79.9)",
            "last_sales":"2021-12-23,10100.0,24평(79.6)",
            "rank_history":[
                [
                    "202203",
                    86
                ],
                [
                    "202202",
                    77
                ],
                [
                    "202201",
                    81
                ]
            ],
            "rank_gap":-9
        },
        {
            "index":277,
            "아파트명":"에메랄드골드(도시형)",
            "투자타입":"일반",
            "전용면적(m2)":"48.59",
            "전용면적(평)":"14평",
            "법정동주소":"전라남도 목포시 옥암동 1098-4",
            "도로명주소":"전라남도 목포시 평화로 116",
            "세대수":0,
            "입주년차":60,
            "용적률점수":"--",
            "건폐율점수":"--",
            "세대당주차수":0,
            "난방방식":30,
            "공급면적":"--",
            "전용률":"--",
            "욕실수":50,
            "현관타입":100,
            "주거총점":30.0,
            "지역구공급총점":0.0,
            "역세권":"NA",
            "30분내 이동가능 거점":"NA",
            "1시간내 이동가능 거점":"NA",
            "교통총점":"NA",
            "백화점":0,
            "아울렛몰":80,
            "대형마트":80,
            "은행":0,
            "병원":0,
            "종합병원":100,
            "공원":100,
            "혐오시설":0,
            "인프라총점":43.0,
            "초등학군":89.97,
            "중학군":35.34,
            "학군총점":46.266,
            "인구수":23.52,
            "인구증감":-12.59,
            "인구총점":12.687,
            "일자리":11.38,
            "소득수준":55.86,
            "일자리총점":24.724,
            "가치 총점":39.2665,
            "매매실거래년":20220207.0,
            "매매실거래가":9800.0,
            "전세실거래년":20171127.0,
            "전세실거래가":5000.0,
            "전세가율":51.02,
            "장기전세가율평균":80.59,
            "전세가율거품지수":29.57,
            "검색코드":112772,
            "세대수":171.0,
            "준공년월":"2013-05-24",
            "준공년차":10.0,
            "가까운역이름":"NA",
            "가까운역거리":"NA",
            "역세권여부":"NA",
            "30분이내주요거점역":"NA",
            "30분거점역이름":"NA",
            "1시간이내주요거점역":"NA",
            "1시간거점역이름":"NA",
            "3km이내백화점수":0,
            "5km이내아울렛몰수":1,
            "1km이내대형먀트수":1,
            "500m이내은행수":0,
            "500m이내병원수":1,
            "5km이내대형병원수":4,
            "500m이내공원수":2,
            "3km이내혐오시설수":0,
            "초등학교학업성취도":89.97,
            "중학교학업성취도":58.9,
            "용적률":460,
            "건폐율":53,
            "Y":34.798153,
            "X":126.437013,
            "rank":87.0,
            "area_info":"14평(48.59), 14평(49.18), 17평(57.64)",
            "last_sales":"2022-02-07,9800.0,14평(48.59)",
            "rank_history":[
                [
                    "202203",
                    87
                ],
                [
                    "202202",
                    78
                ],
                [
                    "202201",
                    93
                ]
            ],
            "rank_gap":-9
        },
        {
            "index":257,
            "아파트명":"용해7차골드클래스",
            "투자타입":"일반",
            "전용면적(m2)":"104.45",
            "전용면적(평)":"31평",
            "법정동주소":"전라남도 목포시 연산동 1925",
            "도로명주소":"전라남도 목포시 연산백련로 22",
            "세대수":30,
            "입주년차":80,
            "용적률점수":"--",
            "건폐율점수":"--",
            "세대당주차수":30,
            "난방방식":30,
            "공급면적":"--",
            "전용률":"--",
            "욕실수":100,
            "현관타입":100,
            "주거총점":54.0,
            "지역구공급총점":0.0,
            "역세권":"NA",
            "30분내 이동가능 거점":"NA",
            "1시간내 이동가능 거점":"NA",
            "교통총점":"NA",
            "백화점":0,
            "아울렛몰":0,
            "대형마트":0,
            "은행":0,
            "병원":10,
            "종합병원":100,
            "공원":100,
            "혐오시설":0,
            "인프라총점":24.0,
            "초등학군":90.03,
            "중학군":30.48,
            "학군총점":42.39,
            "인구수":23.52,
            "인구증감":-12.59,
            "인구총점":12.687,
            "일자리":11.38,
            "소득수준":55.86,
            "일자리총점":24.724,
            "가치 총점":39.0975,
            "매매실거래년":20220214.0,
            "매매실거래가":31000.0,
            "전세실거래년":20211012.0,
            "전세실거래가":24000.0,
            "전세가율":83.04,
            "장기전세가율평균":80.59,
            "전세가율거품지수":-2.45,
            "검색코드":107685,
            "세대수":319.0,
            "준공년월":"2015-07-23",
            "준공년차":8.0,
            "가까운역이름":"NA",
            "가까운역거리":"NA",
            "역세권여부":"NA",
            "30분이내주요거점역":"NA",
            "30분거점역이름":"NA",
            "1시간이내주요거점역":"NA",
            "1시간거점역이름":"NA",
            "3km이내백화점수":0,
            "5km이내아울렛몰수":0,
            "1km이내대형먀트수":0,
            "500m이내은행수":0,
            "500m이내병원수":3,
            "5km이내대형병원수":5,
            "500m이내공원수":13,
            "3km이내혐오시설수":0,
            "초등학교학업성취도":90.03,
            "중학교학업성취도":50.8,
            "용적률":176,
            "건폐율":19,
            "Y":34.818498,
            "X":126.39125,
            "rank":88.0,
            "area_info":"31평(104.45), 34평(113.03)",
            "last_sales":"2022-02-14,31000.0,34평(113.03)",
            "rank_history":[
                [
                    "202203",
                    88
                ],
                [
                    "202202",
                    79
                ],
                [
                    "202201",
                    75
                ]
            ],
            "rank_gap":-9
        },
        {
            "index":34,
            "아파트명":"대송에이스빌",
            "투자타입":"일반",
            "전용면적(m2)":"104.14",
            "전용면적(평)":"31평",
            "법정동주소":"전라남도 목포시 산정동 1112-10",
            "도로명주소":"전라남도 목포시 고하대로 707",
            "세대수":0,
            "입주년차":20,
            "용적률점수":"--",
            "건폐율점수":"--",
            "세대당주차수":60,
            "난방방식":30,
            "공급면적":"--",
            "전용률":"--",
            "욕실수":100,
            "현관타입":50,
            "주거총점":31.0,
            "지역구공급총점":0.0,
            "역세권":"NA",
            "30분내 이동가능 거점":"NA",
            "1시간내 이동가능 거점":"NA",
            "교통총점":"NA",
            "백화점":0,
            "아울렛몰":0,
            "대형마트":0,
            "은행":0,
            "병원":60,
            "종합병원":100,
            "공원":100,
            "혐오시설":0,
            "인프라총점":29.0,
            "초등학군":89.99,
            "중학군":59.98,
            "학군총점":65.982,
            "인구수":23.52,
            "인구증감":-12.59,
            "인구총점":12.687,
            "일자리":11.38,
            "소득수준":55.86,
            "일자리총점":24.724,
            "가치 총점":38.9455,
            "매매실거래년":20211110.0,
            "매매실거래가":11000.0,
            "전세실거래년":20201106.0,
            "전세실거래가":10000.0,
            "전세가율":90.91,
            "장기전세가율평균":80.59,
            "전세가율거품지수":-10.32,
            "검색코드":106348,
            "세대수":119.0,
            "준공년월":"2001-10-31",
            "준공년차":22.0,
            "가까운역이름":"NA",
            "가까운역거리":"NA",
            "역세권여부":"NA",
            "30분이내주요거점역":"NA",
            "30분거점역이름":"NA",
            "1시간이내주요거점역":"NA",
            "1시간거점역이름":"NA",
            "3km이내백화점수":0,
            "5km이내아울렛몰수":0,
            "1km이내대형먀트수":0,
            "500m이내은행수":1,
            "500m이내병원수":17,
            "5km이내대형병원수":5,
            "500m이내공원수":10,
            "3km이내혐오시설수":0,
            "초등학교학업성취도":89.99,
            "중학교학업성취도":99.5,
            "용적률":361,
            "건폐율":21,
            "Y":34.809936,
            "X":126.373197,
            "rank":89.0,
            "area_info":"31평(104.14), 46평(152.07), 46평(153.17)",
            "last_sales":"2021-11-10,11000.0,31평(104.14)",
            "rank_history":[
                [
                    "202203",
                    89
                ],
                [
                    "202202",
                    80
                ],
                [
                    "202201",
                    76
                ]
            ],
            "rank_gap":-9
        },
        {
            "index":209,
            "아파트명":"대송베스트빌",
            "투자타입":"일반",
            "전용면적(m2)":"82.86",
            "전용면적(평)":"25평",
            "법정동주소":"전라남도 목포시 석현동 1172-1",
            "도로명주소":"전라남도 목포시 옥암로186번길 20-1",
            "세대수":0,
            "입주년차":20,
            "용적률점수":"--",
            "건폐율점수":"--",
            "세대당주차수":0,
            "난방방식":30,
            "공급면적":"--",
            "전용률":"--",
            "욕실수":50,
            "현관타입":100,
            "주거총점":22.0,
            "지역구공급총점":0.0,
            "역세권":"NA",
            "30분내 이동가능 거점":"NA",
            "1시간내 이동가능 거점":"NA",
            "교통총점":"NA",
            "백화점":0,
            "아울렛몰":80,
            "대형마트":100,
            "은행":0,
            "병원":60,
            "종합병원":100,
            "공원":0,
            "혐오시설":0,
            "인프라총점":49.0,
            "초등학군":89.99,
            "중학군":35.34,
            "학군총점":46.27,
            "인구수":23.52,
            "인구증감":-12.59,
            "인구총점":12.687,
            "일자리":11.38,
            "소득수준":55.86,
            "일자리총점":24.724,
            "가치 총점":38.8675,
            "매매실거래년":20211018.0,
            "매매실거래가":11800.0,
            "전세실거래년":20210220.0,
            "전세실거래가":10000.0,
            "전세가율":84.75,
            "장기전세가율평균":80.59,
            "전세가율거품지수":-4.16,
            "검색코드":104839,
            "세대수":120.0,
            "준공년월":"2002-11-11",
            "준공년차":21.0,
            "가까운역이름":"NA",
            "가까운역거리":"NA",
            "역세권여부":"NA",
            "30분이내주요거점역":"NA",
            "30분거점역이름":"NA",
            "1시간이내주요거점역":"NA",
            "1시간거점역이름":"NA",
            "3km이내백화점수":0,
            "5km이내아울렛몰수":1,
            "1km이내대형먀트수":2,
            "500m이내은행수":0,
            "500m이내병원수":15,
            "5km이내대형병원수":5,
            "500m이내공원수":0,
            "3km이내혐오시설수":0,
            "초등학교학업성취도":89.99,
            "중학교학업성취도":58.9,
            "용적률":226,
            "건폐율":18,
            "Y":34.814112,
            "X":126.424777,
            "rank":90.0,
            "area_info":"25평(82.86)",
            "last_sales":"2021-10-18,11800.0,25평(82.86)",
            "rank_history":[
                [
                    "202203",
                    90
                ],
                [
                    "202202",
                    81
                ],
                [
                    "202201",
                    84
                ]
            ],
            "rank_gap":-9
        },
        {
            "index":303,
            "아파트명":"우미2차",
            "투자타입":"일반",
            "전용면적(m2)":"69.84",
            "전용면적(평)":"21평",
            "법정동주소":"전라남도 목포시 옥암동 964",
            "도로명주소":"전라남도 목포시 삼향천로 113",
            "세대수":30,
            "입주년차":0,
            "용적률점수":"--",
            "건폐율점수":"--",
            "세대당주차수":0,
            "난방방식":30,
            "공급면적":"--",
            "전용률":"--",
            "욕실수":50,
            "현관타입":10,
            "주거총점":19.5,
            "지역구공급총점":0.0,
            "역세권":"NA",
            "30분내 이동가능 거점":"NA",
            "1시간내 이동가능 거점":"NA",
            "교통총점":"NA",
            "백화점":0,
            "아울렛몰":80,
            "대형마트":80,
            "은행":20,
            "병원":60,
            "종합병원":100,
            "공원":100,
            "혐오시설":0,
            "인프라총점":51.0,
            "초등학군":90.0,
            "중학군":35.34,
            "학군총점":46.272,
            "인구수":23.52,
            "인구증감":-12.59,
            "인구총점":12.687,
            "일자리":11.38,
            "소득수준":55.86,
            "일자리총점":24.724,
            "가치 총점":38.793,
            "매매실거래년":20220218.0,
            "매매실거래가":7200.0,
            "전세실거래년":20220216.0,
            "전세실거래가":8000.0,
            "전세가율":111.11,
            "장기전세가율평균":80.59,
            "전세가율거품지수":-30.52,
            "검색코드":4596,
            "세대수":330.0,
            "준공년월":"1994-09-27",
            "준공년차":29.0,
            "가까운역이름":"NA",
            "가까운역거리":"NA",
            "역세권여부":"NA",
            "30분이내주요거점역":"NA",
            "30분거점역이름":"NA",
            "1시간이내주요거점역":"NA",
            "1시간거점역이름":"NA",
            "3km이내백화점수":0,
            "5km이내아울렛몰수":1,
            "1km이내대형먀트수":1,
            "500m이내은행수":2,
            "500m이내병원수":19,
            "5km이내대형병원수":5,
            "500m이내공원수":6,
            "3km이내혐오시설수":0,
            "초등학교학업성취도":90.0,
            "중학교학업성취도":58.9,
            "용적률":231,
            "건폐율":21,
            "Y":34.80942,
            "X":126.42929,
            "rank":91.0,
            "area_info":"21평(69.84), 22평(74.98)",
            "last_sales":"2022-02-18,7200.0,21평(69.84)",
            "rank_history":[
                [
                    "202203",
                    91
                ],
                [
                    "202202",
                    82
                ],
                [
                    "202201",
                    78
                ]
            ],
            "rank_gap":-9
        },
        {
            "index":78,
            "아파트명":"신안비치3차",
            "투자타입":"일반",
            "전용면적(m2)":"77.19",
            "전용면적(평)":"23평",
            "법정동주소":"전라남도 목포시 산정동 1259-3",
            "도로명주소":"전라남도 목포시 고하대로 641-11",
            "세대수":50,
            "입주년차":0,
            "용적률점수":"--",
            "건폐율점수":"--",
            "세대당주차수":0,
            "난방방식":30,
            "공급면적":"--",
            "전용률":"--",
            "욕실수":50,
            "현관타입":100,
            "주거총점":35.5,
            "지역구공급총점":0.0,
            "역세권":"NA",
            "30분내 이동가능 거점":"NA",
            "1시간내 이동가능 거점":"NA",
            "교통총점":"NA",
            "백화점":0,
            "아울렛몰":0,
            "대형마트":0,
            "은행":0,
            "병원":10,
            "종합병원":100,
            "공원":100,
            "혐오시설":0,
            "인프라총점":24.0,
            "초등학군":90.01,
            "중학군":59.98,
            "학군총점":65.986,
            "인구수":23.52,
            "인구증감":-12.59,
            "인구총점":12.687,
            "일자리":11.38,
            "소득수준":55.86,
            "일자리총점":24.724,
            "가치 총점":38.5215,
            "매매실거래년":20220218.0,
            "매매실거래가":8500.0,
            "전세실거래년":20220217.0,
            "전세실거래가":8500.0,
            "전세가율":100.0,
            "장기전세가율평균":80.59,
            "전세가율거품지수":-19.41,
            "검색코드":23175,
            "세대수":495.0,
            "준공년월":"1995-05-29",
            "준공년차":28.0,
            "가까운역이름":"NA",
            "가까운역거리":"NA",
            "역세권여부":"NA",
            "30분이내주요거점역":"NA",
            "30분거점역이름":"NA",
            "1시간이내주요거점역":"NA",
            "1시간거점역이름":"NA",
            "3km이내백화점수":0,
            "5km이내아울렛몰수":0,
            "1km이내대형먀트수":0,
            "500m이내은행수":1,
            "500m이내병원수":4,
            "5km이내대형병원수":4,
            "500m이내공원수":12,
            "3km이내혐오시설수":0,
            "초등학교학업성취도":90.01,
            "중학교학업성취도":99.5,
            "용적률":0,
            "건폐율":0,
            "Y":34.806165,
            "X":126.367622,
            "rank":92.0,
            "area_info":"23평(77.19), 23평(77.1), 25평(84.03)",
            "last_sales":"2022-02-18,8500.0,23평(77.19)",
            "rank_history":[
                [
                    "202203",
                    92
                ],
                [
                    "202202",
                    83
                ],
                [
                    "202201",
                    79
                ]
            ],
            "rank_gap":-9
        },
        {
            "index":100,
            "아파트명":"종원나이스빌",
            "투자타입":"일반",
            "전용면적(m2)":"120.2",
            "전용면적(평)":"36평",
            "법정동주소":"전라남도 목포시 산정동 292",
            "도로명주소":"전라남도 목포시 양을로 121",
            "세대수":30,
            "입주년차":20,
            "용적률점수":"--",
            "건폐율점수":"--",
            "세대당주차수":60,
            "난방방식":30,
            "공급면적":"--",
            "전용률":"--",
            "욕실수":100,
            "현관타입":100,
            "주거총점":46.5,
            "지역구공급총점":0.0,
            "역세권":"NA",
            "30분내 이동가능 거점":"NA",
            "1시간내 이동가능 거점":"NA",
            "교통총점":"NA",
            "백화점":0,
            "아울렛몰":0,
            "대형마트":0,
            "은행":0,
            "병원":30,
            "종합병원":100,
            "공원":100,
            "혐오시설":0,
            "인프라총점":26.0,
            "초등학군":90.02,
            "중학군":36.12,
            "학군총점":46.9,
            "인구수":23.52,
            "인구증감":-12.59,
            "인구총점":12.687,
            "일자리":11.38,
            "소득수준":55.86,
            "일자리총점":24.724,
            "가치 총점":38.4,
            "매매실거래년":20220215.0,
            "매매실거래가":25400.0,
            "전세실거래년":null,
            "전세실거래가":null,
            "전세가율":null,
            "장기전세가율평균":80.59,
            "전세가율거품지수":null,
            "검색코드":25703,
            "세대수":351.0,
            "준공년월":"2002-09-10",
            "준공년차":21.0,
            "가까운역이름":"NA",
            "가까운역거리":"NA",
            "역세권여부":"NA",
            "30분이내주요거점역":"NA",
            "30분거점역이름":"NA",
            "1시간이내주요거점역":"NA",
            "1시간거점역이름":"NA",
            "3km이내백화점수":0,
            "5km이내아울렛몰수":0,
            "1km이내대형먀트수":0,
            "500m이내은행수":0,
            "500m이내병원수":7,
            "5km이내대형병원수":5,
            "500m이내공원수":10,
            "3km이내혐오시설수":0,
            "초등학교학업성취도":90.02,
            "중학교학업성취도":60.2,
            "용적률":0,
            "건폐율":0,
            "Y":34.808043,
            "X":126.384698,
            "rank":93.0,
            "area_info":"36평(120.2), 48평(159.74), 54평(181.17)",
            "last_sales":"2022-02-15,25400.0,54평(181.17)",
            "rank_history":[
                [
                    "202203",
                    93
                ],
                [
                    "202202",
                    84
                ],
                [
                    "202201",
                    82
                ]
            ],
            "rank_gap":-9
        },
        {
            "index":195,
            "아파트명":"근화네오빌",
            "투자타입":"일반",
            "전용면적(m2)":"97.3",
            "전용면적(평)":"29평",
            "법정동주소":"전라남도 목포시 석현동 816-15",
            "도로명주소":"전라남도 목포시 텃골로13번길 40",
            "세대수":0,
            "입주년차":20,
            "용적률점수":"--",
            "건폐율점수":"--",
            "세대당주차수":30,
            "난방방식":30,
            "공급면적":"--",
            "전용률":"--",
            "욕실수":100,
            "현관타입":50,
            "주거총점":26.5,
            "지역구공급총점":0.0,
            "역세권":"NA",
            "30분내 이동가능 거점":"NA",
            "1시간내 이동가능 거점":"NA",
            "교통총점":"NA",
            "백화점":0,
            "아울렛몰":80,
            "대형마트":80,
            "은행":0,
            "병원":10,
            "종합병원":100,
            "공원":0,
            "혐오시설":0,
            "인프라총점":41.0,
            "초등학군":89.99,
            "중학군":41.04,
            "학군총점":50.83,
            "인구수":23.52,
            "인구증감":-12.59,
            "인구총점":12.687,
            "일자리":11.38,
            "소득수준":55.86,
            "일자리총점":24.724,
            "가치 총점":38.3825,
            "매매실거래년":20220219.0,
            "매매실거래가":14700.0,
            "전세실거래년":null,
            "전세실거래가":null,
            "전세가율":null,
            "장기전세가율평균":80.59,
            "전세가율거품지수":null,
            "검색코드":105611,
            "세대수":258.0,
            "준공년월":"2002-11-22",
            "준공년차":21.0,
            "가까운역이름":"NA",
            "가까운역거리":"NA",
            "역세권여부":"NA",
            "30분이내주요거점역":"NA",
            "30분거점역이름":"NA",
            "1시간이내주요거점역":"NA",
            "1시간거점역이름":"NA",
            "3km이내백화점수":0,
            "5km이내아울렛몰수":1,
            "1km이내대형먀트수":1,
            "500m이내은행수":0,
            "500m이내병원수":4,
            "5km이내대형병원수":5,
            "500m이내공원수":0,
            "3km이내혐오시설수":0,
            "초등학교학업성취도":89.99,
            "중학교학업성취도":68.4,
            "용적률":250,
            "건폐율":25,
            "Y":34.819277,
            "X":126.419236,
            "rank":94.0,
            "area_info":"29평(97.3), 32평(107.77), 35평(117.79)",
            "last_sales":"2022-02-19,14700.0,35평(117.79)",
            "rank_history":[
                [
                    "202203",
                    94
                ],
                [
                    "202202",
                    85
                ],
                [
                    "202201",
                    98
                ]
            ],
            "rank_gap":-9
        },
        {
            "index":336,
            "아파트명":"하당금호",
            "투자타입":"일반",
            "전용면적(m2)":"75.78",
            "전용면적(평)":"22평",
            "법정동주소":"전라남도 목포시 옥암동 961",
            "도로명주소":"전라남도 목포시 백년대로375번길 32",
            "세대수":0,
            "입주년차":0,
            "용적률점수":"--",
            "건폐율점수":"--",
            "세대당주차수":0,
            "난방방식":30,
            "공급면적":"--",
            "전용률":"--",
            "욕실수":50,
            "현관타입":100,
            "주거총점":18.0,
            "지역구공급총점":0.0,
            "역세권":"NA",
            "30분내 이동가능 거점":"NA",
            "1시간내 이동가능 거점":"NA",
            "교통총점":"NA",
            "백화점":0,
            "아울렛몰":80,
            "대형마트":80,
            "은행":20,
            "병원":60,
            "종합병원":100,
            "공원":100,
            "혐오시설":0,
            "인프라총점":51.0,
            "초등학군":90.0,
            "중학군":35.34,
            "학군총점":46.272,
            "인구수":23.52,
            "인구증감":-12.59,
            "인구총점":12.687,
            "일자리":11.38,
            "소득수준":55.86,
            "일자리총점":24.724,
            "가치 총점":38.268,
            "매매실거래년":20211123.0,
            "매매실거래가":11000.0,
            "전세실거래년":20220207.0,
            "전세실거래가":10500.0,
            "전세가율":95.45,
            "장기전세가율평균":80.59,
            "전세가율거품지수":-14.86,
            "검색코드":4593,
            "세대수":252.0,
            "준공년월":"1995-05-11",
            "준공년차":28.0,
            "가까운역이름":"NA",
            "가까운역거리":"NA",
            "역세권여부":"NA",
            "30분이내주요거점역":"NA",
            "30분거점역이름":"NA",
            "1시간이내주요거점역":"NA",
            "1시간거점역이름":"NA",
            "3km이내백화점수":0,
            "5km이내아울렛몰수":1,
            "1km이내대형먀트수":1,
            "500m이내은행수":2,
            "500m이내병원수":24,
            "5km이내대형병원수":5,
            "500m이내공원수":2,
            "3km이내혐오시설수":0,
            "초등학교학업성취도":90.0,
            "중학교학업성취도":58.9,
            "용적률":0,
            "건폐율":0,
            "Y":34.810305,
            "X":126.42662,
            "rank":95.0,
            "area_info":"22평(75.78), 31평(103.17)",
            "last_sales":"2021-11-23,11000.0,22평(75.78)",
            "rank_history":[
                [
                    "202203",
                    95
                ],
                [
                    "202202",
                    86
                ],
                [
                    "202201",
                    83
                ]
            ],
            "rank_gap":-9
        },
        {
            "index":28,
            "아파트명":"근화삼학베아채",
            "투자타입":"일반",
            "전용면적(m2)":"118.91",
            "전용면적(평)":"35평",
            "법정동주소":"전라남도 목포시 산정동 1284",
            "도로명주소":"전라남도 목포시 자유로 87",
            "세대수":0,
            "입주년차":100,
            "용적률점수":"--",
            "건폐율점수":"--",
            "세대당주차수":30,
            "난방방식":30,
            "공급면적":"--",
            "전용률":"--",
            "욕실수":100,
            "현관타입":100,
            "주거총점":47.5,
            "지역구공급총점":0.0,
            "역세권":"NA",
            "30분내 이동가능 거점":"NA",
            "1시간내 이동가능 거점":"NA",
            "교통총점":"NA",
            "백화점":0,
            "아울렛몰":0,
            "대형마트":0,
            "은행":0,
            "병원":30,
            "종합병원":100,
            "공원":100,
            "혐오시설":0,
            "인프라총점":26.0,
            "초등학군":89.98,
            "중학군":32.96,
            "학군총점":44.364,
            "인구수":23.52,
            "인구증감":-12.59,
            "인구총점":12.687,
            "일자리":11.38,
            "소득수준":55.86,
            "일자리총점":24.724,
            "가치 총점":38.116,
            "매매실거래년":20220213.0,
            "매매실거래가":23200.0,
            "전세실거래년":20220120.0,
            "전세실거래가":17000.0,
            "전세가율":80.95,
            "장기전세가율평균":80.59,
            "전세가율거품지수":-0.36,
            "검색코드":119186,
            "세대수":78.0,
            "준공년월":"2019-01-30",
            "준공년차":4.0,
            "가까운역이름":"NA",
            "가까운역거리":"NA",
            "역세권여부":"NA",
            "30분이내주요거점역":"NA",
            "30분거점역이름":"NA",
            "1시간이내주요거점역":"NA",
            "1시간거점역이름":"NA",
            "3km이내백화점수":0,
            "5km이내아울렛몰수":0,
            "1km이내대형먀트수":0,
            "500m이내은행수":1,
            "500m이내병원수":5,
            "5km이내대형병원수":5,
            "500m이내공원수":9,
            "3km이내혐오시설수":0,
            "초등학교학업성취도":89.98,
            "중학교학업성취도":53.4,
            "용적률":456,
            "건폐율":56,
            "Y":34.79389,
            "X":126.399313,
            "rank":96.0,
            "area_info":"35평(118.91), 37평(124.9)",
            "last_sales":"2022-02-13,23200.0,37평(124.9)",
            "rank_history":[
                [
                    "202203",
                    96
                ],
                [
                    "202202",
                    9999
                ]
            ],
            "rank_gap":9999
        },
        {
            "index":253,
            "아파트명":"연산주공5단지",
            "투자타입":"일반",
            "전용면적(m2)":"103.88",
            "전용면적(평)":"31평",
            "법정동주소":"전라남도 목포시 연산동 1261",
            "도로명주소":"전라남도 목포시 원산중앙로 109-1",
            "세대수":50,
            "입주년차":0,
            "용적률점수":"--",
            "건폐율점수":"--",
            "세대당주차수":30,
            "난방방식":30,
            "공급면적":"--",
            "전용률":"--",
            "욕실수":100,
            "현관타입":100,
            "주거총점":45.0,
            "지역구공급총점":0.0,
            "역세권":"NA",
            "30분내 이동가능 거점":"NA",
            "1시간내 이동가능 거점":"NA",
            "교통총점":"NA",
            "백화점":0,
            "아울렛몰":0,
            "대형마트":0,
            "은행":0,
            "병원":60,
            "종합병원":100,
            "공원":100,
            "혐오시설":0,
            "인프라총점":29.0,
            "초등학군":89.99,
            "중학군":30.48,
            "학군총점":42.382,
            "인구수":23.52,
            "인구증감":-12.59,
            "인구총점":12.687,
            "일자리":11.38,
            "소득수준":55.86,
            "일자리총점":24.724,
            "가치 총점":37.9455,
            "매매실거래년":20220110.0,
            "매매실거래가":16000.0,
            "전세실거래년":20211012.0,
            "전세실거래가":12000.0,
            "전세가율":75.0,
            "장기전세가율평균":80.59,
            "전세가율거품지수":5.59,
            "검색코드":4588,
            "세대수":420.0,
            "준공년월":"1998-05-25",
            "준공년차":25.0,
            "가까운역이름":"NA",
            "가까운역거리":"NA",
            "역세권여부":"NA",
            "30분이내주요거점역":"NA",
            "30분거점역이름":"NA",
            "1시간이내주요거점역":"NA",
            "1시간거점역이름":"NA",
            "3km이내백화점수":0,
            "5km이내아울렛몰수":0,
            "1km이내대형먀트수":0,
            "500m이내은행수":0,
            "500m이내병원수":12,
            "5km이내대형병원수":5,
            "500m이내공원수":8,
            "3km이내혐오시설수":0,
            "초등학교학업성취도":89.99,
            "중학교학업성취도":50.8,
            "용적률":200,
            "건폐율":18,
            "Y":34.813695,
            "X":126.382009,
            "rank":97.0,
            "area_info":"31평(103.88), 31평(103.85)",
            "last_sales":"2022-01-10,16000.0,31평(103.88)",
            "rank_history":[
                [
                    "202203",
                    97
                ],
                [
                    "202202",
                    87
                ],
                [
                    "202201",
                    88
                ]
            ],
            "rank_gap":-10
        },
        {
            "index":15,
            "아파트명":"근화희망타운3차",
            "투자타입":"일반",
            "전용면적(m2)":"54.46",
            "전용면적(평)":"16평",
            "법정동주소":"전라남도 목포시 대양동 75-18",
            "도로명주소":"전라남도 목포시 산양로 50",
            "세대수":50,
            "입주년차":20,
            "용적률점수":"--",
            "건폐율점수":"--",
            "세대당주차수":0,
            "난방방식":30,
            "공급면적":"--",
            "전용률":"--",
            "욕실수":50,
            "현관타입":100,
            "주거총점":39.5,
            "지역구공급총점":0.0,
            "역세권":"NA",
            "30분내 이동가능 거점":"NA",
            "1시간내 이동가능 거점":"NA",
            "교통총점":"NA",
            "백화점":0,
            "아울렛몰":80,
            "대형마트":0,
            "은행":0,
            "병원":0,
            "종합병원":100,
            "공원":0,
            "혐오시설":0,
            "인프라총점":28.0,
            "초등학군":89.95,
            "중학군":41.04,
            "학군총점":50.822,
            "인구수":23.52,
            "인구증감":-12.59,
            "인구총점":12.687,
            "일자리":11.38,
            "소득수준":55.86,
            "일자리총점":24.724,
            "가치 총점":37.7305,
            "매매실거래년":20220209.0,
            "매매실거래가":7200.0,
            "전세실거래년":20220203.0,
            "전세실거래가":4500.0,
            "전세가율":80.36,
            "장기전세가율평균":80.59,
            "전세가율거품지수":0.23,
            "검색코드":114678,
            "세대수":464.0,
            "준공년월":"2000-07-12",
            "준공년차":23.0,
            "가까운역이름":"NA",
            "가까운역거리":"NA",
            "역세권여부":"NA",
            "30분이내주요거점역":"NA",
            "30분거점역이름":"NA",
            "1시간이내주요거점역":"NA",
            "1시간거점역이름":"NA",
            "3km이내백화점수":0,
            "5km이내아울렛몰수":1,
            "1km이내대형먀트수":0,
            "500m이내은행수":0,
            "500m이내병원수":0,
            "5km이내대형병원수":5,
            "500m이내공원수":0,
            "3km이내혐오시설수":0,
            "초등학교학업성취도":89.95,
            "중학교학업성취도":68.4,
            "용적률":191,
            "건폐율":18,
            "Y":34.836244,
            "X":126.428972,
            "rank":98.0,
            "area_info":"16평(54.46), 17평(58.56), 20평(69.16), 25평(85.37)",
            "last_sales":"2022-02-09,7200.0,25평(85.37)",
            "rank_history":[
                [
                    "202203",
                    98
                ],
                [
                    "202202",
                    88
                ],
                [
                    "202201",
                    85
                ]
            ],
            "rank_gap":-10
        },
        {
            "index":76,
            "아파트명":"신안비치2차",
            "투자타입":"일반",
            "전용면적(m2)":"73.76",
            "전용면적(평)":"22평",
            "법정동주소":"전라남도 목포시 산정동 1259",
            "도로명주소":"전라남도 목포시 고하대로 641-10",
            "세대수":50,
            "입주년차":0,
            "용적률점수":"--",
            "건폐율점수":"--",
            "세대당주차수":0,
            "난방방식":30,
            "공급면적":"--",
            "전용률":"--",
            "욕실수":50,
            "현관타입":10,
            "주거총점":26.5,
            "지역구공급총점":0.0,
            "역세권":"NA",
            "30분내 이동가능 거점":"NA",
            "1시간내 이동가능 거점":"NA",
            "교통총점":"NA",
            "백화점":0,
            "아울렛몰":0,
            "대형마트":0,
            "은행":0,
            "병원":60,
            "종합병원":100,
            "공원":100,
            "혐오시설":0,
            "인프라총점":29.0,
            "초등학군":90.01,
            "중학군":59.98,
            "학군총점":65.986,
            "인구수":23.52,
            "인구증감":-12.59,
            "인구총점":12.687,
            "일자리":11.38,
            "소득수준":55.86,
            "일자리총점":24.724,
            "가치 총점":37.3715,
            "매매실거래년":20220224.0,
            "매매실거래가":7700.0,
            "전세실거래년":20220224.0,
            "전세실거래가":7500.0,
            "전세가율":97.4,
            "장기전세가율평균":80.59,
            "전세가율거품지수":-16.81,
            "검색코드":14897,
            "세대수":645.0,
            "준공년월":"1993-04-26",
            "준공년차":30.0,
            "가까운역이름":"NA",
            "가까운역거리":"NA",
            "역세권여부":"NA",
            "30분이내주요거점역":"NA",
            "30분거점역이름":"NA",
            "1시간이내주요거점역":"NA",
            "1시간거점역이름":"NA",
            "3km이내백화점수":0,
            "5km이내아울렛몰수":0,
            "1km이내대형먀트수":0,
            "500m이내은행수":1,
            "500m이내병원수":12,
            "5km이내대형병원수":4,
            "500m이내공원수":16,
            "3km이내혐오시설수":0,
            "초등학교학업성취도":90.01,
            "중학교학업성취도":99.5,
            "용적률":284,
            "건폐율":21,
            "Y":34.806893,
            "X":126.368809,
            "rank":99.0,
            "area_info":"22평(73.76), 29평(96.6)",
            "last_sales":"2022-02-24,7700.0,22평(73.76)",
            "rank_history":[
                [
                    "202203",
                    99
                ],
                [
                    "202202",
                    89
                ],
                [
                    "202201",
                    86
                ]
            ],
            "rank_gap":-10
        },
        {
            "index":255,
            "아파트명":"용해2지구모아엘가에듀파크",
            "투자타입":"일반",
            "전용면적(m2)":"80.38",
            "전용면적(평)":"24평",
            "법정동주소":"전라남도 목포시 연산동 1944",
            "도로명주소":"전라남도 목포시 연산백련로1번길 69",
            "세대수":0,
            "입주년차":100,
            "용적률점수":"--",
            "건폐율점수":"--",
            "세대당주차수":30,
            "난방방식":30,
            "공급면적":"--",
            "전용률":"--",
            "욕실수":100,
            "현관타입":100,
            "주거총점":47.5,
            "지역구공급총점":0.0,
            "역세권":"NA",
            "30분내 이동가능 거점":"NA",
            "1시간내 이동가능 거점":"NA",
            "교통총점":"NA",
            "백화점":0,
            "아울렛몰":0,
            "대형마트":0,
            "은행":0,
            "병원":10,
            "종합병원":100,
            "공원":100,
            "혐오시설":0,
            "인프라총점":24.0,
            "초등학군":90.03,
            "중학군":30.48,
            "학군총점":42.39,
            "인구수":23.52,
            "인구증감":-12.59,
            "인구총점":12.687,
            "일자리":11.38,
            "소득수준":55.86,
            "일자리총점":24.724,
            "가치 총점":36.8225,
            "매매실거래년":20220218.0,
            "매매실거래가":20450.0,
            "전세실거래년":20220212.0,
            "전세실거래가":19500.0,
            "전세가율":95.35,
            "장기전세가율평균":80.59,
            "전세가율거품지수":-14.76,
            "검색코드":119361,
            "세대수":259.0,
            "준공년월":"2019-04-04",
            "준공년차":4.0,
            "가까운역이름":"NA",
            "가까운역거리":"NA",
            "역세권여부":"NA",
            "30분이내주요거점역":"NA",
            "30분거점역이름":"NA",
            "1시간이내주요거점역":"NA",
            "1시간거점역이름":"NA",
            "3km이내백화점수":0,
            "5km이내아울렛몰수":0,
            "1km이내대형먀트수":0,
            "500m이내은행수":0,
            "500m이내병원수":3,
            "5km이내대형병원수":5,
            "500m이내공원수":10,
            "3km이내혐오시설수":0,
            "초등학교학업성취도":90.03,
            "중학교학업성취도":50.8,
            "용적률":149,
            "건폐율":26,
            "Y":34.816647,
            "X":126.388186,
            "rank":100.0,
            "area_info":"24평(80.38), 24평(81.31)",
            "last_sales":"2022-02-18,20450.0,24평(80.38)",
            "rank_history":[
                [
                    "202203",
                    100
                ],
                [
                    "202202",
                    90
                ],
                [
                    "202201",
                    87
                ]
            ],
            "rank_gap":-10
        },
        {
            "index":150,
            "아파트명":"상동주공4단지",
            "투자타입":"일반",
            "전용면적(m2)":"50.43",
            "전용면적(평)":"15평",
            "법정동주소":"전라남도 목포시 상동 740",
            "도로명주소":"전라남도 목포시 상동로 64",
            "세대수":50,
            "입주년차":0,
            "용적률점수":"--",
            "건폐율점수":"--",
            "세대당주차수":0,
            "난방방식":30,
            "공급면적":"--",
            "전용률":"--",
            "욕실수":50,
            "현관타입":10,
            "주거총점":26.5,
            "지역구공급총점":0.0,
            "역세권":"NA",
            "30분내 이동가능 거점":"NA",
            "1시간내 이동가능 거점":"NA",
            "교통총점":"NA",
            "백화점":0,
            "아울렛몰":80,
            "대형마트":0,
            "은행":0,
            "병원":60,
            "종합병원":100,
            "공원":100,
            "혐오시설":0,
            "인프라총점":37.0,
            "초등학군":89.99,
            "중학군":41.04,
            "학군총점":50.83,
            "인구수":23.52,
            "인구증감":-12.59,
            "인구총점":12.687,
            "일자리":11.38,
            "소득수준":55.86,
            "일자리총점":24.724,
            "가치 총점":36.7825,
            "매매실거래년":20220212.0,
            "매매실거래가":4800.0,
            "전세실거래년":20210627.0,
            "전세실거래가":4000.0,
            "전세가율":83.33,
            "장기전세가율평균":80.59,
            "전세가율거품지수":-2.74,
            "검색코드":4559,
            "세대수":628.0,
            "준공년월":"1993-07-21",
            "준공년차":30.0,
            "가까운역이름":"NA",
            "가까운역거리":"NA",
            "역세권여부":"NA",
            "30분이내주요거점역":"NA",
            "30분거점역이름":"NA",
            "1시간이내주요거점역":"NA",
            "1시간거점역이름":"NA",
            "3km이내백화점수":0,
            "5km이내아울렛몰수":1,
            "1km이내대형먀트수":0,
            "500m이내은행수":0,
            "500m이내병원수":10,
            "5km이내대형병원수":5,
            "500m이내공원수":10,
            "3km이내혐오시설수":0,
            "초등학교학업성취도":89.99,
            "중학교학업성취도":68.4,
            "용적률":0,
            "건폐율":0,
            "Y":34.814455,
            "X":126.41441,
            "rank":101.0,
            "area_info":"15평(50.43), 17평(58.66), 24평(80.4)",
            "last_sales":"2022-02-12,4800.0,15평(50.43)",
            "rank_history":[
                [
                    "202203",
                    101
                ],
                [
                    "202202",
                    91
                ],
                [
                    "202201",
                    90
                ]
            ],
            "rank_gap":-10
        },
        {
            "index":402,
            "아파트명":"영신빌리지",
            "투자타입":"일반",
            "전용면적(m2)":"64.55",
            "전용면적(평)":"19평",
            "법정동주소":"전라남도 목포시 용해동 205-5",
            "도로명주소":"전라남도 목포시 이로로4번길 10-1",
            "세대수":0,
            "입주년차":0,
            "용적률점수":"--",
            "건폐율점수":"--",
            "세대당주차수":0,
            "난방방식":30,
            "공급면적":"--",
            "전용률":"--",
            "욕실수":50,
            "현관타입":100,
            "주거총점":18.0,
            "지역구공급총점":0.0,
            "역세권":"NA",
            "30분내 이동가능 거점":"NA",
            "1시간내 이동가능 거점":"NA",
            "교통총점":"NA",
            "백화점":0,
            "아울렛몰":0,
            "대형마트":80,
            "은행":0,
            "병원":60,
            "종합병원":100,
            "공원":100,
            "혐오시설":0,
            "인프라총점":41.0,
            "초등학군":90.0,
            "중학군":46.16,
            "학군총점":54.928,
            "인구수":23.52,
            "인구증감":-12.59,
            "인구총점":12.687,
            "일자리":11.38,
            "소득수준":55.86,
            "일자리총점":24.724,
            "가치 총점":36.432,
            "매매실거래년":20210904.0,
            "매매실거래가":7500.0,
            "전세실거래년":null,
            "전세실거래가":null,
            "전세가율":null,
            "장기전세가율평균":80.59,
            "전세가율거품지수":null,
            "검색코드":108565,
            "세대수":69.0,
            "준공년월":"1998-11-11",
            "준공년차":25.0,
            "가까운역이름":"NA",
            "가까운역거리":"NA",
            "역세권여부":"NA",
            "30분이내주요거점역":"NA",
            "30분거점역이름":"NA",
            "1시간이내주요거점역":"NA",
            "1시간거점역이름":"NA",
            "3km이내백화점수":0,
            "5km이내아울렛몰수":0,
            "1km이내대형먀트수":1,
            "500m이내은행수":1,
            "500m이내병원수":13,
            "5km이내대형병원수":5,
            "500m이내공원수":2,
            "3km이내혐오시설수":0,
            "초등학교학업성취도":90.0,
            "중학교학업성취도":76.2,
            "용적률":0,
            "건폐율":0,
            "Y":34.804547,
            "X":126.403967,
            "rank":102.0,
            "area_info":"19평(64.55), 24평(81.94), 30평(102.01)",
            "last_sales":"2021-09-04,7500.0,30평(102.01)",
            "rank_history":[
                [
                    "202203",
                    102
                ],
                [
                    "202202",
                    9999
                ]
            ],
            "rank_gap":9999
        },
        {
            "index":88,
            "아파트명":"예그리나(도시형)",
            "투자타입":"일반",
            "전용면적(m2)":"54.92",
            "전용면적(평)":"16평",
            "법정동주소":"전라남도 목포시 산정동 1277",
            "도로명주소":"전라남도 목포시 동명로76번길 18",
            "세대수":0,
            "입주년차":80,
            "용적률점수":"--",
            "건폐율점수":"--",
            "세대당주차수":0,
            "난방방식":30,
            "공급면적":"--",
            "전용률":"--",
            "욕실수":50,
            "현관타입":100,
            "주거총점":34.0,
            "지역구공급총점":0.0,
            "역세권":"NA",
            "30분내 이동가능 거점":"NA",
            "1시간내 이동가능 거점":"NA",
            "교통총점":"NA",
            "백화점":0,
            "아울렛몰":0,
            "대형마트":0,
            "은행":0,
            "병원":30,
            "종합병원":100,
            "공원":100,
            "혐오시설":0,
            "인프라총점":26.0,
            "초등학군":89.98,
            "중학군":46.16,
            "학군총점":54.924,
            "인구수":23.52,
            "인구증감":-12.59,
            "인구총점":12.687,
            "일자리":11.38,
            "소득수준":55.86,
            "일자리총점":24.724,
            "가치 총점":36.031,
            "매매실거래년":"18000101",
            "매매실거래가":null,
            "전세실거래년":null,
            "전세실거래가":null,
            "전세가율":null,
            "장기전세가율평균":80.59,
            "전세가율거품지수":null,
            "검색코드":130010,
            "세대수":58.0,
            "준공년월":"2014-12-10",
            "준공년차":9.0,
            "가까운역이름":"NA",
            "가까운역거리":"NA",
            "역세권여부":"NA",
            "30분이내주요거점역":"NA",
            "30분거점역이름":"NA",
            "1시간이내주요거점역":"NA",
            "1시간거점역이름":"NA",
            "3km이내백화점수":0,
            "5km이내아울렛몰수":0,
            "1km이내대형먀트수":0,
            "500m이내은행수":1,
            "500m이내병원수":8,
            "5km이내대형병원수":5,
            "500m이내공원수":9,
            "3km이내혐오시설수":0,
            "초등학교학업성취도":89.98,
            "중학교학업성취도":76.2,
            "용적률":0,
            "건폐율":0,
            "Y":34.793825,
            "X":126.397831,
            "rank":103.0,
            "area_info":"16평(54.92)",
            "last_sales":"1800-01-01,nan,16평(54.92)",
            "rank_history":[
                [
                    "202203",
                    103
                ],
                [
                    "202202",
                    9999
                ]
            ],
            "rank_gap":9999
        },
        {
            "index":84,
            "아파트명":"신안비치팔레스2차",
            "투자타입":"일반",
            "전용면적(m2)":"78.52",
            "전용면적(평)":"23평",
            "법정동주소":"전라남도 목포시 산정동 1112-11",
            "도로명주소":"전라남도 목포시 청호로220번길 5",
            "세대수":0,
            "입주년차":40,
            "용적률점수":"--",
            "건폐율점수":"--",
            "세대당주차수":0,
            "난방방식":30,
            "공급면적":"--",
            "전용률":"--",
            "욕실수":50,
            "현관타입":100,
            "주거총점":26.0,
            "지역구공급총점":0.0,
            "역세권":"NA",
            "30분내 이동가능 거점":"NA",
            "1시간내 이동가능 거점":"NA",
            "교통총점":"NA",
            "백화점":0,
            "아울렛몰":0,
            "대형마트":0,
            "은행":0,
            "병원":30,
            "종합병원":100,
            "공원":100,
            "혐오시설":0,
            "인프라총점":26.0,
            "초등학군":90.01,
            "중학군":59.98,
            "학군총점":65.986,
            "인구수":23.52,
            "인구증감":-12.59,
            "인구총점":12.687,
            "일자리":11.38,
            "소득수준":55.86,
            "일자리총점":24.724,
            "가치 총점":35.9965,
            "매매실거래년":20220215.0,
            "매매실거래가":14500.0,
            "전세실거래년":20220221.0,
            "전세실거래가":10500.0,
            "전세가율":72.41,
            "장기전세가율평균":80.59,
            "전세가율거품지수":8.18,
            "검색코드":103234,
            "세대수":210.0,
            "준공년월":"2004-09-13",
            "준공년차":19.0,
            "가까운역이름":"NA",
            "가까운역거리":"NA",
            "역세권여부":"NA",
            "30분이내주요거점역":"NA",
            "30분거점역이름":"NA",
            "1시간이내주요거점역":"NA",
            "1시간거점역이름":"NA",
            "3km이내백화점수":0,
            "5km이내아울렛몰수":0,
            "1km이내대형먀트수":0,
            "500m이내은행수":1,
            "500m이내병원수":5,
            "5km이내대형병원수":5,
            "500m이내공원수":6,
            "3km이내혐오시설수":0,
            "초등학교학업성취도":90.01,
            "중학교학업성취도":99.5,
            "용적률":232,
            "건폐율":23,
            "Y":34.810031,
            "X":126.370179,
            "rank":104.0,
            "area_info":"23평(78.52), 25평(83.36), 25평(83.98), 26평(86.41)",
            "last_sales":"2022-02-15,14500.0,23평(78.52)",
            "rank_history":[
                [
                    "202203",
                    104
                ],
                [
                    "202202",
                    92
                ],
                [
                    "202201",
                    91
                ]
            ],
            "rank_gap":-12
        },
        {
            "index":49,
            "아파트명":"산정현대",
            "투자타입":"재건축",
            "전용면적(m2)":"86.8",
            "전용면적(평)":"26평",
            "법정동주소":"전라남도 목포시 산정동 1710",
            "도로명주소":"전라남도 목포시 죽산로40번길 24",
            "세대수":50,
            "입주년차":"--",
            "용적률점수":0,
            "건폐율점수":0,
            "세대당주차수":"--",
            "난방방식":"--",
            "공급면적":70,
            "전용률":80,
            "욕실수":"--",
            "현관타입":"--",
            "주거총점":22.5,
            "지역구공급총점":0.0,
            "역세권":"NA",
            "30분내 이동가능 거점":"NA",
            "1시간내 이동가능 거점":"NA",
            "교통총점":"NA",
            "백화점":0,
            "아울렛몰":0,
            "대형마트":0,
            "은행":0,
            "병원":60,
            "종합병원":100,
            "공원":100,
            "혐오시설":0,
            "인프라총점":29.0,
            "초등학군":89.99,
            "중학군":59.98,
            "학군총점":65.982,
            "인구수":23.52,
            "인구증감":-12.59,
            "인구총점":12.687,
            "일자리":11.38,
            "소득수준":55.86,
            "일자리총점":24.724,
            "가치 총점":35.9705,
            "매매실거래년":20220218.0,
            "매매실거래가":11300.0,
            "전세실거래년":20190316.0,
            "전세실거래가":9000.0,
            "전세가율":100.0,
            "장기전세가율평균":80.59,
            "전세가율거품지수":-19.41,
            "검색코드":4509,
            "세대수":530.0,
            "준공년월":"1991-12-20",
            "준공년차":32.0,
            "가까운역이름":"NA",
            "가까운역거리":"NA",
            "역세권여부":"NA",
            "30분이내주요거점역":"NA",
            "30분거점역이름":"NA",
            "1시간이내주요거점역":"NA",
            "1시간거점역이름":"NA",
            "3km이내백화점수":0,
            "5km이내아울렛몰수":0,
            "1km이내대형먀트수":0,
            "500m이내은행수":0,
            "500m이내병원수":12,
            "5km이내대형병원수":5,
            "500m이내공원수":12,
            "3km이내혐오시설수":0,
            "초등학교학업성취도":89.99,
            "중학교학업성취도":99.5,
            "용적률":0,
            "건폐율":0,
            "Y":34.811211,
            "X":126.378221,
            "rank":105.0,
            "area_info":"26평(86.8), 31평(103.68)",
            "last_sales":"2022-02-18,11300.0,31평(103.68)",
            "rank_history":[
                [
                    "202203",
                    105
                ],
                [
                    "202202",
                    93
                ],
                [
                    "202201",
                    92
                ]
            ],
            "rank_gap":-12
        },
        {
            "index":64,
            "아파트명":"소암",
            "투자타입":"일반",
            "전용면적(m2)":"64.82",
            "전용면적(평)":"19평",
            "법정동주소":"전라남도 목포시 산정동 1747",
            "도로명주소":"전라남도 목포시 원산주택로 30",
            "세대수":0,
            "입주년차":20,
            "용적률점수":"--",
            "건폐율점수":"--",
            "세대당주차수":0,
            "난방방식":30,
            "공급면적":"--",
            "전용률":"--",
            "욕실수":50,
            "현관타입":100,
            "주거총점":22.0,
            "지역구공급총점":0.0,
            "역세권":"NA",
            "30분내 이동가능 거점":"NA",
            "1시간내 이동가능 거점":"NA",
            "교통총점":"NA",
            "백화점":0,
            "아울렛몰":0,
            "대형마트":0,
            "은행":0,
            "병원":60,
            "종합병원":100,
            "공원":100,
            "혐오시설":0,
            "인프라총점":29.0,
            "초등학군":89.99,
            "중학군":59.98,
            "학군총점":65.982,
            "인구수":23.52,
            "인구증감":-12.59,
            "인구총점":12.687,
            "일자리":11.38,
            "소득수준":55.86,
            "일자리총점":24.724,
            "가치 총점":35.7955,
            "매매실거래년":20211206.0,
            "매매실거래가":10000.0,
            "전세실거래년":null,
            "전세실거래가":null,
            "전세가율":null,
            "장기전세가율평균":80.59,
            "전세가율거품지수":null,
            "검색코드":14896,
            "세대수":112.0,
            "준공년월":"1999-12-15",
            "준공년차":24.0,
            "가까운역이름":"NA",
            "가까운역거리":"NA",
            "역세권여부":"NA",
            "30분이내주요거점역":"NA",
            "30분거점역이름":"NA",
            "1시간이내주요거점역":"NA",
            "1시간거점역이름":"NA",
            "3km이내백화점수":0,
            "5km이내아울렛몰수":0,
            "1km이내대형먀트수":0,
            "500m이내은행수":1,
            "500m이내병원수":25,
            "5km이내대형병원수":5,
            "500m이내공원수":16,
            "3km이내혐오시설수":0,
            "초등학교학업성취도":89.99,
            "중학교학업성취도":99.5,
            "용적률":0,
            "건폐율":0,
            "Y":34.80889,
            "X":126.37533,
            "rank":106.0,
            "area_info":"19평(64.82), 22평(75.23), 23평(76.76), 31평(103.16)",
            "last_sales":"2021-12-06,10000.0,31평(103.16)",
            "rank_history":[
                [
                    "202203",
                    106
                ],
                [
                    "202202",
                    94
                ],
                [
                    "202201",
                    89
                ]
            ],
            "rank_gap":-12
        },
        {
            "index":301,
            "아파트명":"우미",
            "투자타입":"일반",
            "전용면적(m2)":"66.87",
            "전용면적(평)":"20평",
            "법정동주소":"전라남도 목포시 옥암동 962",
            "도로명주소":"전라남도 목포시 삼향천로 131",
            "세대수":0,
            "입주년차":0,
            "용적률점수":"--",
            "건폐율점수":"--",
            "세대당주차수":0,
            "난방방식":30,
            "공급면적":"--",
            "전용률":"--",
            "욕실수":50,
            "현관타입":10,
            "주거총점":9.0,
            "지역구공급총점":0.0,
            "역세권":"NA",
            "30분내 이동가능 거점":"NA",
            "1시간내 이동가능 거점":"NA",
            "교통총점":"NA",
            "백화점":0,
            "아울렛몰":80,
            "대형마트":100,
            "은행":0,
            "병원":60,
            "종합병원":100,
            "공원":100,
            "혐오시설":0,
            "인프라총점":52.0,
            "초등학군":90.0,
            "중학군":35.34,
            "학군총점":46.272,
            "인구수":23.52,
            "인구증감":-12.59,
            "인구총점":12.687,
            "일자리":11.38,
            "소득수준":55.86,
            "일자리총점":24.724,
            "가치 총점":35.518,
            "매매실거래년":20211215.0,
            "매매실거래가":9600.0,
            "전세실거래년":20220208.0,
            "전세실거래가":6900.0,
            "전세가율":122.12,
            "장기전세가율평균":80.59,
            "전세가율거품지수":-41.53,
            "검색코드":4595,
            "세대수":288.0,
            "준공년월":"1993-11-23",
            "준공년차":30.0,
            "가까운역이름":"NA",
            "가까운역거리":"NA",
            "역세권여부":"NA",
            "30분이내주요거점역":"NA",
            "30분거점역이름":"NA",
            "1시간이내주요거점역":"NA",
            "1시간거점역이름":"NA",
            "3km이내백화점수":0,
            "5km이내아울렛몰수":1,
            "1km이내대형먀트수":2,
            "500m이내은행수":0,
            "500m이내병원수":20,
            "5km이내대형병원수":5,
            "500m이내공원수":2,
            "3km이내혐오시설수":0,
            "초등학교학업성취도":90.0,
            "중학교학업성취도":58.9,
            "용적률":228,
            "건폐율":9,
            "Y":34.811091,
            "X":126.428168,
            "rank":107.0,
            "area_info":"20평(66.87), 24평(81.31)",
            "last_sales":"2021-12-15,9600.0,24평(81.31)",
            "rank_history":[
                [
                    "202203",
                    107
                ],
                [
                    "202202",
                    95
                ],
                [
                    "202201",
                    97
                ]
            ],
            "rank_gap":-12
        },
        {
            "index":230,
            "아파트명":"현대",
            "투자타입":"일반",
            "전용면적(m2)":"80.0",
            "전용면적(평)":"24평",
            "법정동주소":"전라남도 목포시 석현동 532-2",
            "도로명주소":"전라남도 목포시 영산로 676-7",
            "세대수":0,
            "입주년차":0,
            "용적률점수":"--",
            "건폐율점수":"--",
            "세대당주차수":0,
            "난방방식":30,
            "공급면적":"--",
            "전용률":"--",
            "욕실수":50,
            "현관타입":100,
            "주거총점":18.0,
            "지역구공급총점":0.0,
            "역세권":"NA",
            "30분내 이동가능 거점":"NA",
            "1시간내 이동가능 거점":"NA",
            "교통총점":"NA",
            "백화점":0,
            "아울렛몰":80,
            "대형마트":80,
            "은행":0,
            "병원":0,
            "종합병원":100,
            "공원":0,
            "혐오시설":0,
            "인프라총점":40.0,
            "초등학군":90.0,
            "중학군":41.04,
            "학군총점":50.832,
            "인구수":23.52,
            "인구증감":-12.59,
            "인구총점":12.687,
            "일자리":11.38,
            "소득수준":55.86,
            "일자리총점":24.724,
            "가치 총점":35.008,
            "매매실거래년":20220205.0,
            "매매실거래가":7200.0,
            "전세실거래년":20210510.0,
            "전세실거래가":6000.0,
            "전세가율":103.45,
            "장기전세가율평균":80.59,
            "전세가율거품지수":-22.86,
            "검색코드":4580,
            "세대수":252.0,
            "준공년월":"1993-05-01",
            "준공년차":30.0,
            "가까운역이름":"NA",
            "가까운역거리":"NA",
            "역세권여부":"NA",
            "30분이내주요거점역":"NA",
            "30분거점역이름":"NA",
            "1시간이내주요거점역":"NA",
            "1시간거점역이름":"NA",
            "3km이내백화점수":0,
            "5km이내아울렛몰수":1,
            "1km이내대형먀트수":1,
            "500m이내은행수":0,
            "500m이내병원수":1,
            "5km이내대형병원수":5,
            "500m이내공원수":0,
            "3km이내혐오시설수":0,
            "초등학교학업성취도":90.0,
            "중학교학업성취도":68.4,
            "용적률":201,
            "건폐율":30,
            "Y":34.826119,
            "X":126.424177,
            "rank":108.0,
            "area_info":"24평(80.0), 29평(96.83)",
            "last_sales":"2022-02-05,7200.0,29평(96.83)",
            "rank_history":[
                [
                    "202203",
                    108
                ],
                [
                    "202202",
                    96
                ],
                [
                    "202201",
                    108
                ]
            ],
            "rank_gap":-12
        },
        {
            "index":274,
            "아파트명":"부영애시앙1차",
            "투자타입":"일반",
            "전용면적(m2)":"117.47",
            "전용면적(평)":"35평",
            "법정동주소":"전라남도 목포시 옥암동 1148",
            "도로명주소":"전라남도 목포시 당가두로13번길 35",
            "세대수":0,
            "입주년차":40,
            "용적률점수":"--",
            "건폐율점수":"--",
            "세대당주차수":0,
            "난방방식":30,
            "공급면적":"--",
            "전용률":"--",
            "욕실수":100,
            "현관타입":100,
            "주거총점":31.0,
            "지역구공급총점":0.0,
            "역세권":"NA",
            "30분내 이동가능 거점":"NA",
            "1시간내 이동가능 거점":"NA",
            "교통총점":"NA",
            "백화점":0,
            "아울렛몰":80,
            "대형마트":0,
            "은행":0,
            "병원":0,
            "종합병원":100,
            "공원":100,
            "혐오시설":0,
            "인프라총점":31.0,
            "초등학군":90.0,
            "중학군":35.34,
            "학군총점":46.272,
            "인구수":23.52,
            "인구증감":-12.59,
            "인구총점":12.687,
            "일자리":11.38,
            "소득수준":55.86,
            "일자리총점":24.724,
            "가치 총점":34.818,
            "매매실거래년":20220115.0,
            "매매실거래가":20700.0,
            "전세실거래년":20220113.0,
            "전세실거래가":18000.0,
            "전세가율":86.96,
            "장기전세가율평균":80.59,
            "전세가율거품지수":-6.37,
            "검색코드":105126,
            "세대수":292.0,
            "준공년월":"2007-03-02",
            "준공년차":16.0,
            "가까운역이름":"NA",
            "가까운역거리":"NA",
            "역세권여부":"NA",
            "30분이내주요거점역":"NA",
            "30분거점역이름":"NA",
            "1시간이내주요거점역":"NA",
            "1시간거점역이름":"NA",
            "3km이내백화점수":0,
            "5km이내아울렛몰수":1,
            "1km이내대형먀트수":0,
            "500m이내은행수":0,
            "500m이내병원수":1,
            "5km이내대형병원수":4,
            "500m이내공원수":4,
            "3km이내혐오시설수":0,
            "초등학교학업성취도":90.0,
            "중학교학업성취도":58.9,
            "용적률":178,
            "건폐율":18,
            "Y":34.810006,
            "X":126.437729,
            "rank":109.0,
            "area_info":"35평(117.47)",
            "last_sales":"2022-01-15,20700.0,35평(117.47)",
            "rank_history":[
                [
                    "202203",
                    109
                ],
                [
                    "202202",
                    97
                ],
                [
                    "202201",
                    94
                ]
            ],
            "rank_gap":-12
        },
        {
            "index":112,
            "아파트명":"한성타워맨션",
            "투자타입":"일반",
            "전용면적(m2)":"62.84",
            "전용면적(평)":"19평",
            "법정동주소":"전라남도 목포시 산정동 1769",
            "도로명주소":"전라남도 목포시 원산로59번길 14",
            "세대수":0,
            "입주년차":0,
            "용적률점수":"--",
            "건폐율점수":"--",
            "세대당주차수":0,
            "난방방식":30,
            "공급면적":"--",
            "전용률":"--",
            "욕실수":50,
            "현관타입":100,
            "주거총점":18.0,
            "지역구공급총점":0.0,
            "역세권":"NA",
            "30분내 이동가능 거점":"NA",
            "1시간내 이동가능 거점":"NA",
            "교통총점":"NA",
            "백화점":0,
            "아울렛몰":0,
            "대형마트":0,
            "은행":0,
            "병원":60,
            "종합병원":100,
            "공원":100,
            "혐오시설":0,
            "인프라총점":29.0,
            "초등학군":90.01,
            "중학군":59.98,
            "학군총점":65.986,
            "인구수":23.52,
            "인구증감":-12.59,
            "인구총점":12.687,
            "일자리":11.38,
            "소득수준":55.86,
            "일자리총점":24.724,
            "가치 총점":34.3965,
            "매매실거래년":20210217.0,
            "매매실거래가":10000.0,
            "전세실거래년":20140825.0,
            "전세실거래가":2100.0,
            "전세가율":75.0,
            "장기전세가율평균":80.59,
            "전세가율거품지수":5.59,
            "검색코드":4504,
            "세대수":178.0,
            "준공년월":"1993-05-01",
            "준공년차":30.0,
            "가까운역이름":"NA",
            "가까운역거리":"NA",
            "역세권여부":"NA",
            "30분이내주요거점역":"NA",
            "30분거점역이름":"NA",
            "1시간이내주요거점역":"NA",
            "1시간거점역이름":"NA",
            "3km이내백화점수":0,
            "5km이내아울렛몰수":0,
            "1km이내대형먀트수":0,
            "500m이내은행수":1,
            "500m이내병원수":25,
            "5km이내대형병원수":5,
            "500m이내공원수":28,
            "3km이내혐오시설수":0,
            "초등학교학업성취도":90.01,
            "중학교학업성취도":99.5,
            "용적률":0,
            "건폐율":0,
            "Y":34.80627,
            "X":126.37474,
            "rank":110.0,
            "area_info":"19평(62.84), 19평(63.16), 21평(71.2), 23평(76.68), 23평(77.41), 23평(78.07), 30평(102.42), 42평(140.78)",
            "last_sales":"2021-02-17,10000.0,42평(140.78)",
            "rank_history":[
                [
                    "202203",
                    110
                ],
                [
                    "202202",
                    98
                ],
                [
                    "202201",
                    96
                ]
            ],
            "rank_gap":-12
        },
        {
            "index":419,
            "아파트명":"용해라이프2차",
            "투자타입":"일반",
            "전용면적(m2)":"76.37",
            "전용면적(평)":"23평",
            "법정동주소":"전라남도 목포시 용해동 255",
            "도로명주소":"전라남도 목포시 삼학로 376-1",
            "세대수":50,
            "입주년차":0,
            "용적률점수":"--",
            "건폐율점수":"--",
            "세대당주차수":0,
            "난방방식":30,
            "공급면적":"--",
            "전용률":"--",
            "욕실수":50,
            "현관타입":10,
            "주거총점":26.5,
            "지역구공급총점":0.0,
            "역세권":"NA",
            "30분내 이동가능 거점":"NA",
            "1시간내 이동가능 거점":"NA",
            "교통총점":"NA",
            "백화점":0,
            "아울렛몰":80,
            "대형마트":0,
            "은행":0,
            "병원":10,
            "종합병원":100,
            "공원":0,
            "혐오시설":0,
            "인프라총점":29.0,
            "초등학군":90.0,
            "중학군":43.68,
            "학군총점":52.944,
            "인구수":23.52,
            "인구증감":-12.59,
            "인구총점":12.687,
            "일자리":11.38,
            "소득수준":55.86,
            "일자리총점":24.724,
            "가치 총점":34.111,
            "매매실거래년":20220210.0,
            "매매실거래가":10300.0,
            "전세실거래년":20210628.0,
            "전세실거래가":5000.0,
            "전세가율":80.65,
            "장기전세가율평균":80.59,
            "전세가율거품지수":-0.06,
            "검색코드":4610,
            "세대수":465.0,
            "준공년월":"1994-12-10",
            "준공년차":29.0,
            "가까운역이름":"NA",
            "가까운역거리":"NA",
            "역세권여부":"NA",
            "30분이내주요거점역":"NA",
            "30분거점역이름":"NA",
            "1시간이내주요거점역":"NA",
            "1시간거점역이름":"NA",
            "3km이내백화점수":0,
            "5km이내아울렛몰수":1,
            "1km이내대형먀트수":0,
            "500m이내은행수":0,
            "500m이내병원수":2,
            "5km이내대형병원수":5,
            "500m이내공원수":0,
            "3km이내혐오시설수":0,
            "초등학교학업성취도":90.0,
            "중학교학업성취도":72.4,
            "용적률":228,
            "건폐율":9,
            "Y":34.804896,
            "X":126.410637,
            "rank":111.0,
            "area_info":"23평(76.37), 30평(99.45), 32평(108.0)",
            "last_sales":"2022-02-10,10300.0,32평(108.0)",
            "rank_history":[
                [
                    "202203",
                    111
                ],
                [
                    "202202",
                    99
                ],
                [
                    "202201",
                    67
                ]
            ],
            "rank_gap":-12
        },
        {
            "index":96,
            "아파트명":"일신",
            "투자타입":"일반",
            "전용면적(m2)":"75.35",
            "전용면적(평)":"22평",
            "법정동주소":"전라남도 목포시 산정동 187",
            "도로명주소":"전라남도 목포시 양을로 91",
            "세대수":50,
            "입주년차":0,
            "용적률점수":"--",
            "건폐율점수":"--",
            "세대당주차수":0,
            "난방방식":30,
            "공급면적":"--",
            "전용률":"--",
            "욕실수":50,
            "현관타입":100,
            "주거총점":35.5,
            "지역구공급총점":0.0,
            "역세권":"NA",
            "30분내 이동가능 거점":"NA",
            "1시간내 이동가능 거점":"NA",
            "교통총점":"NA",
            "백화점":0,
            "아울렛몰":0,
            "대형마트":0,
            "은행":0,
            "병원":10,
            "종합병원":100,
            "공원":100,
            "혐오시설":0,
            "인프라총점":24.0,
            "초등학군":90.02,
            "중학군":36.12,
            "학군총점":46.9,
            "인구수":23.52,
            "인구증감":-12.59,
            "인구총점":12.687,
            "일자리":11.38,
            "소득수준":55.86,
            "일자리총점":24.724,
            "가치 총점":33.75,
            "매매실거래년":20220117.0,
            "매매실거래가":9250.0,
            "전세실거래년":20200619.0,
            "전세실거래가":6500.0,
            "전세가율":89.04,
            "장기전세가율평균":80.59,
            "전세가율거품지수":-8.45,
            "검색코드":4500,
            "세대수":474.0,
            "준공년월":"1993-12-01",
            "준공년차":30.0,
            "가까운역이름":"NA",
            "가까운역거리":"NA",
            "역세권여부":"NA",
            "30분이내주요거점역":"NA",
            "30분거점역이름":"NA",
            "1시간이내주요거점역":"NA",
            "1시간거점역이름":"NA",
            "3km이내백화점수":0,
            "5km이내아울렛몰수":0,
            "1km이내대형먀트수":0,
            "500m이내은행수":0,
            "500m이내병원수":2,
            "5km이내대형병원수":5,
            "500m이내공원수":8,
            "3km이내혐오시설수":0,
            "초등학교학업성취도":90.02,
            "중학교학업성취도":60.2,
            "용적률":0,
            "건폐율":0,
            "Y":34.805383,
            "X":126.383952,
            "rank":112.0,
            "area_info":"22평(75.35), 23평(76.06), 31평(103.67), 31평(104.82)",
            "last_sales":"2022-01-17,9250.0,31평(103.67)",
            "rank_history":[
                [
                    "202203",
                    112
                ],
                [
                    "202202",
                    100
                ],
                [
                    "202201",
                    99
                ]
            ],
            "rank_gap":-12
        },
        {
            "index":4,
            "아파트명":"신항만뉴캐슬오션시티2차",
            "투자타입":"일반",
            "전용면적(m2)":"81.57",
            "전용면적(평)":"24평",
            "법정동주소":"전라남도 목포시 달동 1331-8",
            "도로명주소":"전라남도 목포시 허사로57번길 15",
            "세대수":30,
            "입주년차":100,
            "용적률점수":"--",
            "건폐율점수":"--",
            "세대당주차수":30,
            "난방방식":30,
            "공급면적":"--",
            "전용률":"--",
            "욕실수":100,
            "현관타입":100,
            "주거총점":58.0,
            "지역구공급총점":0.0,
            "역세권":"NA",
            "30분내 이동가능 거점":"NA",
            "1시간내 이동가능 거점":"NA",
            "교통총점":"NA",
            "백화점":0,
            "아울렛몰":0,
            "대형마트":0,
            "은행":0,
            "병원":0,
            "종합병원":0,
            "공원":100,
            "혐오시설":0,
            "인프라총점":3.0,
            "초등학군":89.98,
            "중학군":37.92,
            "학군총점":48.332,
            "인구수":23.52,
            "인구증감":-12.59,
            "인구총점":12.687,
            "일자리":11.38,
            "소득수준":55.86,
            "일자리총점":24.724,
            "가치 총점":33.583,
            "매매실거래년":20210408.0,
            "매매실거래가":26070.0,
            "전세실거래년":null,
            "전세실거래가":null,
            "전세가율":null,
            "장기전세가율평균":80.59,
            "전세가율거품지수":null,
            "검색코드":127585,
            "세대수":348.0,
            "준공년월":"2021-11-01",
            "준공년차":2.0,
            "가까운역이름":"NA",
            "가까운역거리":"NA",
            "역세권여부":"NA",
            "30분이내주요거점역":"NA",
            "30분거점역이름":"NA",
            "1시간이내주요거점역":"NA",
            "1시간거점역이름":"NA",
            "3km이내백화점수":0,
            "5km이내아울렛몰수":0,
            "1km이내대형먀트수":0,
            "500m이내은행수":0,
            "500m이내병원수":0,
            "5km이내대형병원수":0,
            "500m이내공원수":10,
            "3km이내혐오시설수":0,
            "초등학교학업성취도":89.98,
            "중학교학업성취도":63.2,
            "용적률":200,
            "건폐율":22,
            "Y":34.756563,
            "X":126.360447,
            "rank":113.0,
            "area_info":"24평(81.57), 31평(103.3), 31평(104.71)",
            "last_sales":"2021-04-08,26070.0,31평(104.71)",
            "rank_history":[
                [
                    "202203",
                    113
                ],
                [
                    "202202",
                    101
                ],
                [
                    "202201",
                    101
                ]
            ],
            "rank_gap":-12
        },
        {
            "index":417,
            "아파트명":"용해라이프",
            "투자타입":"재건축",
            "전용면적(m2)":"89.31",
            "전용면적(평)":"27평",
            "법정동주소":"전라남도 목포시 용해동 400-1",
            "도로명주소":"전라남도 목포시 용당로 323",
            "세대수":30,
            "입주년차":"--",
            "용적률점수":0,
            "건폐율점수":80,
            "세대당주차수":"--",
            "난방방식":"--",
            "공급면적":70,
            "전용률":80,
            "욕실수":"--",
            "현관타입":"--",
            "주거총점":32.5,
            "지역구공급총점":0.0,
            "역세권":"NA",
            "30분내 이동가능 거점":"NA",
            "1시간내 이동가능 거점":"NA",
            "교통총점":"NA",
            "백화점":0,
            "아울렛몰":0,
            "대형마트":0,
            "은행":0,
            "병원":60,
            "종합병원":100,
            "공원":80,
            "혐오시설":0,
            "인프라총점":28.4,
            "초등학군":89.98,
            "중학군":30.48,
            "학군총점":42.38,
            "인구수":23.52,
            "인구증감":-12.59,
            "인구총점":12.687,
            "일자리":11.38,
            "소득수준":55.86,
            "일자리총점":24.724,
            "가치 총점":33.33,
            "매매실거래년":20220222.0,
            "매매실거래가":6500.0,
            "전세실거래년":20210228.0,
            "전세실거래가":6000.0,
            "전세가율":92.31,
            "장기전세가율평균":80.59,
            "전세가율거품지수":-11.72,
            "검색코드":4609,
            "세대수":300.0,
            "준공년월":"1990-12-29",
            "준공년차":33.0,
            "가까운역이름":"NA",
            "가까운역거리":"NA",
            "역세권여부":"NA",
            "30분이내주요거점역":"NA",
            "30분거점역이름":"NA",
            "1시간이내주요거점역":"NA",
            "1시간거점역이름":"NA",
            "3km이내백화점수":0,
            "5km이내아울렛몰수":0,
            "1km이내대형먀트수":0,
            "500m이내은행수":0,
            "500m이내병원수":14,
            "5km이내대형병원수":5,
            "500m이내공원수":1,
            "3km이내혐오시설수":0,
            "초등학교학업성취도":89.98,
            "중학교학업성취도":50.8,
            "용적률":273,
            "건폐율":21,
            "Y":34.815612,
            "X":126.399502,
            "rank":114.0,
            "area_info":"27평(89.31), 30평(101.25)",
            "last_sales":"2022-02-22,6500.0,27평(89.31)",
            "rank_history":[
                [
                    "202203",
                    114
                ],
                [
                    "202202",
                    102
                ],
                [
                    "202201",
                    72
                ]
            ],
            "rank_gap":-12
        },
        {
            "index":251,
            "아파트명":"연산주공4단지",
            "투자타입":"일반",
            "전용면적(m2)":"55.19",
            "전용면적(평)":"16평",
            "법정동주소":"전라남도 목포시 연산동 1260",
            "도로명주소":"전라남도 목포시 원산중앙로 87",
            "세대수":50,
            "입주년차":0,
            "용적률점수":"--",
            "건폐율점수":"--",
            "세대당주차수":30,
            "난방방식":30,
            "공급면적":"--",
            "전용률":"--",
            "욕실수":50,
            "현관타입":10,
            "주거총점":31.0,
            "지역구공급총점":0.0,
            "역세권":"NA",
            "30분내 이동가능 거점":"NA",
            "1시간내 이동가능 거점":"NA",
            "교통총점":"NA",
            "백화점":0,
            "아울렛몰":0,
            "대형마트":0,
            "은행":0,
            "병원":60,
            "종합병원":100,
            "공원":100,
            "혐오시설":0,
            "인프라총점":29.0,
            "초등학군":89.99,
            "중학군":30.48,
            "학군총점":42.382,
            "인구수":23.52,
            "인구증감":-12.59,
            "인구총점":12.687,
            "일자리":11.38,
            "소득수준":55.86,
            "일자리총점":24.724,
            "가치 총점":33.0455,
            "매매실거래년":20220217.0,
            "매매실거래가":7000.0,
            "전세실거래년":20180606.0,
            "전세실거래가":5000.0,
            "전세가율":90.91,
            "장기전세가율평균":80.59,
            "전세가율거품지수":-10.32,
            "검색코드":14904,
            "세대수":401.0,
            "준공년월":"1996-07-01",
            "준공년차":27.0,
            "가까운역이름":"NA",
            "가까운역거리":"NA",
            "역세권여부":"NA",
            "30분이내주요거점역":"NA",
            "30분거점역이름":"NA",
            "1시간이내주요거점역":"NA",
            "1시간거점역이름":"NA",
            "3km이내백화점수":0,
            "5km이내아울렛몰수":0,
            "1km이내대형먀트수":0,
            "500m이내은행수":0,
            "500m이내병원수":13,
            "5km이내대형병원수":5,
            "500m이내공원수":10,
            "3km이내혐오시설수":0,
            "초등학교학업성취도":89.99,
            "중학교학업성취도":50.8,
            "용적률":0,
            "건폐율":0,
            "Y":34.81194,
            "X":126.37963,
            "rank":115.0,
            "area_info":"16평(55.19), 20평(68.29)",
            "last_sales":"2022-02-17,7000.0,20평(68.29)",
            "rank_history":[
                [
                    "202203",
                    115
                ],
                [
                    "202202",
                    103
                ],
                [
                    "202201",
                    100
                ]
            ],
            "rank_gap":-12
        },
        {
            "index":228,
            "아파트명":"한광프라임빌",
            "투자타입":"일반",
            "전용면적(m2)":"54.82",
            "전용면적(평)":"16평",
            "법정동주소":"전라남도 목포시 석현동 493-1",
            "도로명주소":"전라남도 목포시 영산로692번길 8",
            "세대수":0,
            "입주년차":40,
            "용적률점수":"--",
            "건폐율점수":"--",
            "세대당주차수":0,
            "난방방식":30,
            "공급면적":"--",
            "전용률":"--",
            "욕실수":50,
            "현관타입":100,
            "주거총점":26.0,
            "지역구공급총점":0.0,
            "역세권":"NA",
            "30분내 이동가능 거점":"NA",
            "1시간내 이동가능 거점":"NA",
            "교통총점":"NA",
            "백화점":0,
            "아울렛몰":80,
            "대형마트":0,
            "은행":0,
            "병원":0,
            "종합병원":100,
            "공원":0,
            "혐오시설":0,
            "인프라총점":28.0,
            "초등학군":90.0,
            "중학군":41.04,
            "학군총점":50.832,
            "인구수":23.52,
            "인구증감":-12.59,
            "인구총점":12.687,
            "일자리":11.38,
            "소득수준":55.86,
            "일자리총점":24.724,
            "가치 총점":33.008,
            "매매실거래년":20211103.0,
            "매매실거래가":5400.0,
            "전세실거래년":20210915.0,
            "전세실거래가":4000.0,
            "전세가율":74.07,
            "장기전세가율평균":80.59,
            "전세가율거품지수":6.52,
            "검색코드":19289,
            "세대수":138.0,
            "준공년월":"2005-02-25",
            "준공년차":18.0,
            "가까운역이름":"NA",
            "가까운역거리":"NA",
            "역세권여부":"NA",
            "30분이내주요거점역":"NA",
            "30분거점역이름":"NA",
            "1시간이내주요거점역":"NA",
            "1시간거점역이름":"NA",
            "3km이내백화점수":0,
            "5km이내아울렛몰수":1,
            "1km이내대형먀트수":0,
            "500m이내은행수":0,
            "500m이내병원수":0,
            "5km이내대형병원수":5,
            "500m이내공원수":0,
            "3km이내혐오시설수":0,
            "초등학교학업성취도":90.0,
            "중학교학업성취도":68.4,
            "용적률":199,
            "건폐율":17,
            "Y":34.826661,
            "X":126.422844,
            "rank":116.0,
            "area_info":"16평(54.82), 35평(116.18)",
            "last_sales":"2021-11-03,5400.0,16평(54.82)",
            "rank_history":[
                [
                    "202203",
                    116
                ],
                [
                    "202202",
                    104
                ],
                [
                    "202201",
                    102
                ]
            ],
            "rank_gap":-12
        },
        {
            "index":386,
            "아파트명":"대화파크",
            "투자타입":"일반",
            "전용면적(m2)":"50.91",
            "전용면적(평)":"15평",
            "법정동주소":"전라남도 목포시 용해동 169",
            "도로명주소":"전라남도 목포시 안장산로 44-2",
            "세대수":0,
            "입주년차":0,
            "용적률점수":"--",
            "건폐율점수":"--",
            "세대당주차수":0,
            "난방방식":30,
            "공급면적":"--",
            "전용률":"--",
            "욕실수":50,
            "현관타입":100,
            "주거총점":18.0,
            "지역구공급총점":0.0,
            "역세권":"NA",
            "30분내 이동가능 거점":"NA",
            "1시간내 이동가능 거점":"NA",
            "교통총점":"NA",
            "백화점":0,
            "아울렛몰":0,
            "대형마트":80,
            "은행":0,
            "병원":0,
            "종합병원":100,
            "공원":0,
            "혐오시설":0,
            "인프라총점":32.0,
            "초등학군":89.99,
            "중학군":46.16,
            "학군총점":54.926,
            "인구수":23.52,
            "인구증감":-12.59,
            "인구총점":12.687,
            "일자리":11.38,
            "소득수준":55.86,
            "일자리총점":24.724,
            "가치 총점":32.8315,
            "매매실거래년":20190702.0,
            "매매실거래가":7700.0,
            "전세실거래년":null,
            "전세실거래가":null,
            "전세가율":null,
            "장기전세가율평균":80.59,
            "전세가율거품지수":null,
            "검색코드":100882,
            "세대수":109.0,
            "준공년월":"1995-12-27",
            "준공년차":28.0,
            "가까운역이름":"NA",
            "가까운역거리":"NA",
            "역세권여부":"NA",
            "30분이내주요거점역":"NA",
            "30분거점역이름":"NA",
            "1시간이내주요거점역":"NA",
            "1시간거점역이름":"NA",
            "3km이내백화점수":0,
            "5km이내아울렛몰수":0,
            "1km이내대형먀트수":1,
            "500m이내은행수":0,
            "500m이내병원수":1,
            "5km이내대형병원수":5,
            "500m이내공원수":0,
            "3km이내혐오시설수":0,
            "초등학교학업성취도":89.99,
            "중학교학업성취도":76.2,
            "용적률":262,
            "건폐율":25,
            "Y":34.79999,
            "X":126.405606,
            "rank":117.0,
            "area_info":"15평(50.91), 25평(82.68), 25평(84.97), 26평(86.35), 26평(86.01)",
            "last_sales":"2019-07-02,7700.0,26평(86.01)",
            "rank_history":[
                [
                    "202203",
                    117
                ],
                [
                    "202202",
                    105
                ],
                [
                    "202201",
                    95
                ]
            ],
            "rank_gap":-12
        },
        {
            "index":107,
            "아파트명":"청해(101동)",
            "투자타입":"일반",
            "전용면적(m2)":"78.23",
            "전용면적(평)":"23평",
            "법정동주소":"전라남도 목포시 산정동 1802",
            "도로명주소":"전라남도 목포시 고하대로630번길 6",
            "세대수":0,
            "입주년차":0,
            "용적률점수":"--",
            "건폐율점수":"--",
            "세대당주차수":0,
            "난방방식":30,
            "공급면적":"--",
            "전용률":"--",
            "욕실수":50,
            "현관타입":100,
            "주거총점":18.0,
            "지역구공급총점":0.0,
            "역세권":"NA",
            "30분내 이동가능 거점":"NA",
            "1시간내 이동가능 거점":"NA",
            "교통총점":"NA",
            "백화점":0,
            "아울렛몰":0,
            "대형마트":0,
            "은행":0,
            "병원":10,
            "종합병원":100,
            "공원":100,
            "혐오시설":0,
            "인프라총점":24.0,
            "초등학군":90.01,
            "중학군":59.98,
            "학군총점":65.986,
            "인구수":23.52,
            "인구증감":-12.59,
            "인구총점":12.687,
            "일자리":11.38,
            "소득수준":55.86,
            "일자리총점":24.724,
            "가치 총점":32.3965,
            "매매실거래년":20210817.0,
            "매매실거래가":7200.0,
            "전세실거래년":20200730.0,
            "전세실거래가":6000.0,
            "전세가율":83.33,
            "장기전세가율평균":80.59,
            "전세가율거품지수":-2.74,
            "검색코드":112217,
            "세대수":70.0,
            "준공년월":"1996-04-13",
            "준공년차":27.0,
            "가까운역이름":"NA",
            "가까운역거리":"NA",
            "역세권여부":"NA",
            "30분이내주요거점역":"NA",
            "30분거점역이름":"NA",
            "1시간이내주요거점역":"NA",
            "1시간거점역이름":"NA",
            "3km이내백화점수":0,
            "5km이내아울렛몰수":0,
            "1km이내대형먀트수":0,
            "500m이내은행수":1,
            "500m이내병원수":4,
            "5km이내대형병원수":4,
            "500m이내공원수":13,
            "3km이내혐오시설수":0,
            "초등학교학업성취도":90.01,
            "중학교학업성취도":99.5,
            "용적률":225,
            "건폐율":16,
            "Y":34.804,
            "X":126.368834,
            "rank":118.0,
            "area_info":"23평(78.23)",
            "last_sales":"2021-08-17,7200.0,23평(78.23)",
            "rank_history":[
                [
                    "202203",
                    118
                ],
                [
                    "202202",
                    9999
                ]
            ],
            "rank_gap":9999
        },
        {
            "index":108,
            "아파트명":"청해(102동)",
            "투자타입":"일반",
            "전용면적(m2)":"85.5",
            "전용면적(평)":"25평",
            "법정동주소":"전라남도 목포시 산정동 1804",
            "도로명주소":"전라남도 목포시 북항로166번길 4",
            "세대수":0,
            "입주년차":0,
            "용적률점수":"--",
            "건폐율점수":"--",
            "세대당주차수":0,
            "난방방식":30,
            "공급면적":"--",
            "전용률":"--",
            "욕실수":50,
            "현관타입":100,
            "주거총점":18.0,
            "지역구공급총점":0.0,
            "역세권":"NA",
            "30분내 이동가능 거점":"NA",
            "1시간내 이동가능 거점":"NA",
            "교통총점":"NA",
            "백화점":0,
            "아울렛몰":0,
            "대형마트":0,
            "은행":0,
            "병원":0,
            "종합병원":100,
            "공원":100,
            "혐오시설":0,
            "인프라총점":23.0,
            "초등학군":90.01,
            "중학군":58.62,
            "학군총점":64.898,
            "인구수":23.52,
            "인구증감":-12.59,
            "인구총점":12.687,
            "일자리":11.38,
            "소득수준":55.86,
            "일자리총점":24.724,
            "가치 총점":31.7245,
            "매매실거래년":20211230.0,
            "매매실거래가":5800.0,
            "전세실거래년":20210117.0,
            "전세실거래가":6500.0,
            "전세가율":112.07,
            "장기전세가율평균":80.59,
            "전세가율거품지수":-31.48,
            "검색코드":112218,
            "세대수":66.0,
            "준공년월":"1996-09-21",
            "준공년차":27.0,
            "가까운역이름":"NA",
            "가까운역거리":"NA",
            "역세권여부":"NA",
            "30분이내주요거점역":"NA",
            "30분거점역이름":"NA",
            "1시간이내주요거점역":"NA",
            "1시간거점역이름":"NA",
            "3km이내백화점수":0,
            "5km이내아울렛몰수":0,
            "1km이내대형먀트수":0,
            "500m이내은행수":1,
            "500m이내병원수":0,
            "5km이내대형병원수":4,
            "500m이내공원수":13,
            "3km이내혐오시설수":0,
            "초등학교학업성취도":90.01,
            "중학교학업성취도":97.7,
            "용적률":257,
            "건폐율":49,
            "Y":34.80354,
            "X":126.368121,
            "rank":119.0,
            "area_info":"25평(85.5)",
            "last_sales":"2021-12-30,5800.0,25평(85.5)",
            "rank_history":[
                [
                    "202203",
                    119
                ],
                [
                    "202202",
                    9999
                ]
            ],
            "rank_gap":9999
        },
        {
            "index":391,
            "아파트명":"동아",
            "투자타입":"재건축",
            "전용면적(m2)":"101.94",
            "전용면적(평)":"30평",
            "법정동주소":"전라남도 목포시 용해동 152-80",
            "도로명주소":"전라남도 목포시 삼학로 303-3",
            "세대수":50,
            "입주년차":"--",
            "용적률점수":0,
            "건폐율점수":60,
            "세대당주차수":"--",
            "난방방식":"--",
            "공급면적":90,
            "전용률":80,
            "욕실수":"--",
            "현관타입":"--",
            "주거총점":35.5,
            "지역구공급총점":0.0,
            "역세권":"NA",
            "30분내 이동가능 거점":"NA",
            "1시간내 이동가능 거점":"NA",
            "교통총점":"NA",
            "백화점":0,
            "아울렛몰":0,
            "대형마트":0,
            "은행":0,
            "병원":0,
            "종합병원":100,
            "공원":0,
            "혐오시설":0,
            "인프라총점":20.0,
            "초등학군":89.99,
            "중학군":32.96,
            "학군총점":44.366,
            "인구수":23.52,
            "인구증감":-12.59,
            "인구총점":12.687,
            "일자리":11.38,
            "소득수준":55.86,
            "일자리총점":24.724,
            "가치 총점":31.5165,
            "매매실거래년":20220218.0,
            "매매실거래가":9000.0,
            "전세실거래년":20211119.0,
            "전세실거래가":8500.0,
            "전세가율":94.44,
            "장기전세가율평균":80.59,
            "전세가율거품지수":-13.85,
            "검색코드":4606,
            "세대수":690.0,
            "준공년월":"1992-03-27",
            "준공년차":31.0,
            "가까운역이름":"NA",
            "가까운역거리":"NA",
            "역세권여부":"NA",
            "30분이내주요거점역":"NA",
            "30분거점역이름":"NA",
            "1시간이내주요거점역":"NA",
            "1시간거점역이름":"NA",
            "3km이내백화점수":0,
            "5km이내아울렛몰수":0,
            "1km이내대형먀트수":0,
            "500m이내은행수":0,
            "500m이내병원수":1,
            "5km이내대형병원수":5,
            "500m이내공원수":0,
            "3km이내혐오시설수":0,
            "초등학교학업성취도":89.99,
            "중학교학업성취도":53.4,
            "용적률":443,
            "건폐율":33,
            "Y":34.797967,
            "X":126.407372,
            "rank":120.0,
            "area_info":"30평(101.94), 47평(156.99), 57평(189.28)",
            "last_sales":"2022-02-18,9000.0,30평(101.94)",
            "rank_history":[
                [
                    "202203",
                    120
                ],
                [
                    "202202",
                    107
                ],
                [
                    "202201",
                    104
                ]
            ],
            "rank_gap":-13
        },
        {
            "index":247,
            "아파트명":"연산주공2단지",
            "투자타입":"일반",
            "전용면적(m2)":"53.15",
            "전용면적(평)":"16평",
            "법정동주소":"전라남도 목포시 연산동 1262",
            "도로명주소":"전라남도 목포시 원산중앙로 108",
            "세대수":50,
            "입주년차":0,
            "용적률점수":"--",
            "건폐율점수":"--",
            "세대당주차수":0,
            "난방방식":30,
            "공급면적":"--",
            "전용률":"--",
            "욕실수":50,
            "현관타입":10,
            "주거총점":26.5,
            "지역구공급총점":0.0,
            "역세권":"NA",
            "30분내 이동가능 거점":"NA",
            "1시간내 이동가능 거점":"NA",
            "교통총점":"NA",
            "백화점":0,
            "아울렛몰":0,
            "대형마트":0,
            "은행":0,
            "병원":60,
            "종합병원":100,
            "공원":100,
            "혐오시설":0,
            "인프라총점":29.0,
            "초등학군":89.99,
            "중학군":30.48,
            "학군총점":42.382,
            "인구수":23.52,
            "인구증감":-12.59,
            "인구총점":12.687,
            "일자리":11.38,
            "소득수준":55.86,
            "일자리총점":24.724,
            "가치 총점":31.4705,
            "매매실거래년":20220216.0,
            "매매실거래가":5000.0,
            "전세실거래년":20220216.0,
            "전세실거래가":4800.0,
            "전세가율":96.0,
            "장기전세가율평균":80.59,
            "전세가율거품지수":-15.41,
            "검색코드":4586,
            "세대수":538.0,
            "준공년월":"1995-11-10",
            "준공년차":28.0,
            "가까운역이름":"NA",
            "가까운역거리":"NA",
            "역세권여부":"NA",
            "30분이내주요거점역":"NA",
            "30분거점역이름":"NA",
            "1시간이내주요거점역":"NA",
            "1시간거점역이름":"NA",
            "3km이내백화점수":0,
            "5km이내아울렛몰수":0,
            "1km이내대형먀트수":0,
            "500m이내은행수":0,
            "500m이내병원수":14,
            "5km이내대형병원수":5,
            "500m이내공원수":9,
            "3km이내혐오시설수":0,
            "초등학교학업성취도":89.99,
            "중학교학업성취도":50.8,
            "용적률":0,
            "건폐율":0,
            "Y":34.812544,
            "X":126.383594,
            "rank":121.0,
            "area_info":"16평(53.15), 23평(79.19)",
            "last_sales":"2022-02-16,5000.0,16평(53.15)",
            "rank_history":[
                [
                    "202203",
                    121
                ],
                [
                    "202202",
                    106
                ],
                [
                    "202201",
                    105
                ]
            ],
            "rank_gap":-15
        },
        {
            "index":24,
            "아파트명":"아이엠로즈빌",
            "투자타입":"일반",
            "전용면적(m2)":"92.12",
            "전용면적(평)":"27평",
            "법정동주소":"전라남도 목포시 대양동 527",
            "도로명주소":"전라남도 목포시 영산로 769-6",
            "세대수":0,
            "입주년차":40,
            "용적률점수":"--",
            "건폐율점수":"--",
            "세대당주차수":0,
            "난방방식":30,
            "공급면적":"--",
            "전용률":"--",
            "욕실수":100,
            "현관타입":100,
            "주거총점":31.0,
            "지역구공급총점":0.0,
            "역세권":"NA",
            "30분내 이동가능 거점":"NA",
            "1시간내 이동가능 거점":"NA",
            "교통총점":"NA",
            "백화점":0,
            "아울렛몰":0,
            "대형마트":0,
            "은행":0,
            "병원":0,
            "종합병원":100,
            "공원":0,
            "혐오시설":-100,
            "인프라총점":18.0,
            "초등학군":89.95,
            "중학군":41.04,
            "학군총점":50.822,
            "인구수":23.52,
            "인구증감":-12.59,
            "인구총점":12.687,
            "일자리":11.38,
            "소득수준":55.86,
            "일자리총점":24.724,
            "가치 총점":30.7555,
            "매매실거래년":20220128.0,
            "매매실거래가":9500.0,
            "전세실거래년":20210924.0,
            "전세실거래가":7000.0,
            "전세가율":73.68,
            "장기전세가율평균":80.59,
            "전세가율거품지수":6.91,
            "검색코드":104965,
            "세대수":295.0,
            "준공년월":"2005-03-09",
            "준공년차":18.0,
            "가까운역이름":"NA",
            "가까운역거리":"NA",
            "역세권여부":"NA",
            "30분이내주요거점역":"NA",
            "30분거점역이름":"NA",
            "1시간이내주요거점역":"NA",
            "1시간거점역이름":"NA",
            "3km이내백화점수":0,
            "5km이내아울렛몰수":0,
            "1km이내대형먀트수":0,
            "500m이내은행수":0,
            "500m이내병원수":0,
            "5km이내대형병원수":5,
            "500m이내공원수":0,
            "3km이내혐오시설수":4,
            "초등학교학업성취도":89.95,
            "중학교학업성취도":68.4,
            "용적률":216,
            "건폐율":18,
            "Y":34.833745,
            "X":126.417243,
            "rank":122.0,
            "area_info":"27평(92.12), 35평(117.97)",
            "last_sales":"2022-01-28,9500.0,27평(92.12)",
            "rank_history":[
                [
                    "202203",
                    122
                ],
                [
                    "202202",
                    108
                ],
                [
                    "202201",
                    106
                ]
            ],
            "rank_gap":-14
        },
        {
            "index":30,
            "아파트명":"근화타운맨션",
            "투자타입":"재건축",
            "전용면적(m2)":"109.73",
            "전용면적(평)":"33평",
            "법정동주소":"전라남도 목포시 산정동 322",
            "도로명주소":"전라남도 목포시 산정로 268-1",
            "세대수":0,
            "입주년차":"--",
            "용적률점수":0,
            "건폐율점수":80,
            "세대당주차수":"--",
            "난방방식":"--",
            "공급면적":90,
            "전용률":60,
            "욕실수":"--",
            "현관타입":"--",
            "주거총점":23.5,
            "지역구공급총점":0.0,
            "역세권":"NA",
            "30분내 이동가능 거점":"NA",
            "1시간내 이동가능 거점":"NA",
            "교통총점":"NA",
            "백화점":0,
            "아울렛몰":0,
            "대형마트":0,
            "은행":20,
            "병원":30,
            "종합병원":100,
            "공원":100,
            "혐오시설":0,
            "인프라총점":28.0,
            "초등학군":90.02,
            "중학군":30.48,
            "학군총점":42.388,
            "인구수":23.52,
            "인구증감":-12.59,
            "인구총점":12.687,
            "일자리":11.38,
            "소득수준":55.86,
            "일자리총점":24.724,
            "가치 총점":30.022,
            "매매실거래년":20211026.0,
            "매매실거래가":7800.0,
            "전세실거래년":20210820.0,
            "전세실거래가":7000.0,
            "전세가율":89.74,
            "장기전세가율평균":80.59,
            "전세가율거품지수":-9.15,
            "검색코드":4516,
            "세대수":160.0,
            "준공년월":"1991-11-22",
            "준공년차":32.0,
            "가까운역이름":"NA",
            "가까운역거리":"NA",
            "역세권여부":"NA",
            "30분이내주요거점역":"NA",
            "30분거점역이름":"NA",
            "1시간이내주요거점역":"NA",
            "1시간거점역이름":"NA",
            "3km이내백화점수":0,
            "5km이내아울렛몰수":0,
            "1km이내대형먀트수":0,
            "500m이내은행수":2,
            "500m이내병원수":7,
            "5km이내대형병원수":5,
            "500m이내공원수":16,
            "3km이내혐오시설수":0,
            "초등학교학업성취도":90.02,
            "중학교학업성취도":50.8,
            "용적률":327,
            "건폐율":20,
            "Y":34.811394,
            "X":126.387977,
            "rank":123.0,
            "area_info":"33평(109.73), 53평(178.38)",
            "last_sales":"2021-10-26,7800.0,33평(109.73)",
            "rank_history":[
                [
                    "202203",
                    123
                ],
                [
                    "202202",
                    109
                ],
                [
                    "202201",
                    109
                ]
            ],
            "rank_gap":-14
        },
        {
            "index":109,
            "아파트명":"초원상아맨션",
            "투자타입":"재건축",
            "전용면적(m2)":"74.39",
            "전용면적(평)":"22평",
            "법정동주소":"전라남도 목포시 산정동 1726",
            "도로명주소":"전라남도 목포시 죽산로40번길 12-1",
            "세대수":0,
            "입주년차":"--",
            "용적률점수":0,
            "건폐율점수":0,
            "세대당주차수":"--",
            "난방방식":"--",
            "공급면적":50,
            "전용률":60,
            "욕실수":"--",
            "현관타입":"--",
            "주거총점":5.5,
            "지역구공급총점":0.0,
            "역세권":"NA",
            "30분내 이동가능 거점":"NA",
            "1시간내 이동가능 거점":"NA",
            "교통총점":"NA",
            "백화점":0,
            "아울렛몰":0,
            "대형마트":0,
            "은행":0,
            "병원":60,
            "종합병원":100,
            "공원":100,
            "혐오시설":0,
            "인프라총점":29.0,
            "초등학군":89.99,
            "중학군":59.98,
            "학군총점":65.982,
            "인구수":23.52,
            "인구증감":-12.59,
            "인구총점":12.687,
            "일자리":11.38,
            "소득수준":55.86,
            "일자리총점":24.724,
            "가치 총점":30.0205,
            "매매실거래년":20210512.0,
            "매매실거래가":8700.0,
            "전세실거래년":20140318.0,
            "전세실거래가":4000.0,
            "전세가율":66.67,
            "장기전세가율평균":80.59,
            "전세가율거품지수":13.92,
            "검색코드":121345,
            "세대수":56.0,
            "준공년월":"1992-03-07",
            "준공년차":31.0,
            "가까운역이름":"NA",
            "가까운역거리":"NA",
            "역세권여부":"NA",
            "30분이내주요거점역":"NA",
            "30분거점역이름":"NA",
            "1시간이내주요거점역":"NA",
            "1시간거점역이름":"NA",
            "3km이내백화점수":0,
            "5km이내아울렛몰수":0,
            "1km이내대형먀트수":0,
            "500m이내은행수":0,
            "500m이내병원수":11,
            "5km이내대형병원수":5,
            "500m이내공원수":12,
            "3km이내혐오시설수":0,
            "초등학교학업성취도":89.99,
            "중학교학업성취도":99.5,
            "용적률":0,
            "건폐율":0,
            "Y":34.810576,
            "X":126.377036,
            "rank":124.0,
            "area_info":"22평(74.39), 31평(104.5), 31평(104.86)",
            "last_sales":"2021-05-12,8700.0,31평(104.5)",
            "rank_history":[
                [
                    "202203",
                    124
                ],
                [
                    "202202",
                    9999
                ]
            ],
            "rank_gap":9999
        },
        {
            "index":51,
            "아파트명":"삼성",
            "투자타입":"재건축",
            "전용면적(m2)":"63.9",
            "전용면적(평)":"19평",
            "법정동주소":"전라남도 목포시 산정동 1080-56",
            "도로명주소":"전라남도 목포시 동명로 77",
            "세대수":30,
            "입주년차":"--",
            "용적률점수":0,
            "건폐율점수":0,
            "세대당주차수":"--",
            "난방방식":"--",
            "공급면적":50,
            "전용률":100,
            "욕실수":"--",
            "현관타입":"--",
            "주거총점":16.5,
            "지역구공급총점":0.0,
            "역세권":"NA",
            "30분내 이동가능 거점":"NA",
            "1시간내 이동가능 거점":"NA",
            "교통총점":"NA",
            "백화점":0,
            "아울렛몰":0,
            "대형마트":0,
            "은행":0,
            "병원":30,
            "종합병원":100,
            "공원":100,
            "혐오시설":0,
            "인프라총점":26.0,
            "초등학군":89.96,
            "중학군":46.16,
            "학군총점":54.92,
            "인구수":23.52,
            "인구증감":-12.59,
            "인구총점":12.687,
            "일자리":11.38,
            "소득수준":55.86,
            "일자리총점":24.724,
            "가치 총점":29.905,
            "매매실거래년":20220128.0,
            "매매실거래가":6000.0,
            "전세실거래년":20200708.0,
            "전세실거래가":4500.0,
            "전세가율":75.0,
            "장기전세가율평균":80.59,
            "전세가율거품지수":5.59,
            "검색코드":4524,
            "세대수":300.0,
            "준공년월":"1987-07-01",
            "준공년차":36.0,
            "가까운역이름":"NA",
            "가까운역거리":"NA",
            "역세권여부":"NA",
            "30분이내주요거점역":"NA",
            "30분거점역이름":"NA",
            "1시간이내주요거점역":"NA",
            "1시간거점역이름":"NA",
            "3km이내백화점수":0,
            "5km이내아울렛몰수":0,
            "1km이내대형먀트수":0,
            "500m이내은행수":0,
            "500m이내병원수":5,
            "5km이내대형병원수":5,
            "500m이내공원수":4,
            "3km이내혐오시설수":0,
            "초등학교학업성취도":89.96,
            "중학교학업성취도":76.2,
            "용적률":0,
            "건폐율":0,
            "Y":34.794588,
            "X":126.395079,
            "rank":125.0,
            "area_info":"19평(63.9), 19평(63.99)",
            "last_sales":"2022-01-28,6000.0,19평(63.9)",
            "rank_history":[
                [
                    "202203",
                    125
                ],
                [
                    "202202",
                    111
                ],
                [
                    "202201",
                    110
                ]
            ],
            "rank_gap":-14
        },
        {
            "index":425,
            "아파트명":"용해하이츠맨션",
            "투자타입":"재건축",
            "전용면적(m2)":"94.99",
            "전용면적(평)":"28평",
            "법정동주소":"전라남도 목포시 용해동 771-1",
            "도로명주소":"전라남도 목포시 용당로 267",
            "세대수":0,
            "입주년차":"--",
            "용적률점수":0,
            "건폐율점수":20,
            "세대당주차수":"--",
            "난방방식":"--",
            "공급면적":70,
            "전용률":80,
            "욕실수":"--",
            "현관타입":"--",
            "주거총점":11.5,
            "지역구공급총점":0.0,
            "역세권":"NA",
            "30분내 이동가능 거점":"NA",
            "1시간내 이동가능 거점":"NA",
            "교통총점":"NA",
            "백화점":0,
            "아울렛몰":0,
            "대형마트":80,
            "은행":0,
            "병원":30,
            "종합병원":100,
            "공원":100,
            "혐오시설":0,
            "인프라총점":38.0,
            "초등학군":90.01,
            "중학군":30.48,
            "학군총점":42.386,
            "인구수":23.52,
            "인구증감":-12.59,
            "인구총점":12.687,
            "일자리":11.38,
            "소득수준":55.86,
            "일자리총점":24.724,
            "가치 총점":29.8215,
            "매매실거래년":20220210.0,
            "매매실거래가":7000.0,
            "전세실거래년":null,
            "전세실거래가":null,
            "전세가율":null,
            "장기전세가율평균":80.59,
            "전세가율거품지수":null,
            "검색코드":4619,
            "세대수":146.0,
            "준공년월":"1989-09-11",
            "준공년차":34.0,
            "가까운역이름":"NA",
            "가까운역거리":"NA",
            "역세권여부":"NA",
            "30분이내주요거점역":"NA",
            "30분거점역이름":"NA",
            "1시간이내주요거점역":"NA",
            "1시간거점역이름":"NA",
            "3km이내백화점수":0,
            "5km이내아울렛몰수":0,
            "1km이내대형먀트수":1,
            "500m이내은행수":0,
            "500m이내병원수":5,
            "5km이내대형병원수":5,
            "500m이내공원수":4,
            "3km이내혐오시설수":0,
            "초등학교학업성취도":90.01,
            "중학교학업성취도":50.8,
            "용적률":475,
            "건폐율":46,
            "Y":34.81162,
            "X":126.39872,
            "rank":126.0,
            "area_info":"28평(94.99), 30평(102.16), 33평(110.41), 33평(110.16), 33평(110.36)",
            "last_sales":"2022-02-10,7000.0,33평(110.41)",
            "rank_history":[
                [
                    "202203",
                    126
                ],
                [
                    "202202",
                    110
                ],
                [
                    "202201",
                    107
                ]
            ],
            "rank_gap":-16
        },
        {
            "index":125,
            "아파트명":"황실하이츠",
            "투자타입":"재건축",
            "전용면적(m2)":"100.56",
            "전용면적(평)":"30평",
            "법정동주소":"전라남도 목포시 산정동 1080-54",
            "도로명주소":"전라남도 목포시 연동로4번길 7",
            "세대수":0,
            "입주년차":"--",
            "용적률점수":0,
            "건폐율점수":40,
            "세대당주차수":"--",
            "난방방식":"--",
            "공급면적":90,
            "전용률":80,
            "욕실수":"--",
            "현관타입":"--",
            "주거총점":16.5,
            "지역구공급총점":0.0,
            "역세권":"NA",
            "30분내 이동가능 거점":"NA",
            "1시간내 이동가능 거점":"NA",
            "교통총점":"NA",
            "백화점":0,
            "아울렛몰":0,
            "대형마트":0,
            "은행":0,
            "병원":30,
            "종합병원":100,
            "공원":100,
            "혐오시설":0,
            "인프라총점":26.0,
            "초등학군":89.96,
            "중학군":45.4,
            "학군총점":54.312,
            "인구수":23.52,
            "인구증감":-12.59,
            "인구총점":12.687,
            "일자리":11.38,
            "소득수준":55.86,
            "일자리총점":24.724,
            "가치 총점":29.753,
            "매매실거래년":20211118.0,
            "매매실거래가":4200.0,
            "전세실거래년":20210923.0,
            "전세실거래가":5500.0,
            "전세가율":130.95,
            "장기전세가율평균":80.59,
            "전세가율거품지수":-50.36,
            "검색코드":117260,
            "세대수":72.0,
            "준공년월":"1990-06-14",
            "준공년차":33.0,
            "가까운역이름":"NA",
            "가까운역거리":"NA",
            "역세권여부":"NA",
            "30분이내주요거점역":"NA",
            "30분거점역이름":"NA",
            "1시간이내주요거점역":"NA",
            "1시간거점역이름":"NA",
            "3km이내백화점수":0,
            "5km이내아울렛몰수":0,
            "1km이내대형먀트수":0,
            "500m이내은행수":0,
            "500m이내병원수":6,
            "5km이내대형병원수":5,
            "500m이내공원수":2,
            "3km이내혐오시설수":0,
            "초등학교학업성취도":89.96,
            "중학교학업성취도":75.2,
            "용적률":227,
            "건폐율":38,
            "Y":34.79493,
            "X":126.394215,
            "rank":127.0,
            "area_info":"30평(100.56), 30평(100.56)",
            "last_sales":"2021-11-18,4200.0,30평(100.56)",
            "rank_history":[
                [
                    "202203",
                    127
                ],
                [
                    "202202",
                    9999
                ]
            ],
            "rank_gap":9999
        },
        {
            "index":11,
            "아파트명":"근화희망타운1차",
            "투자타입":"일반",
            "전용면적(m2)":"78.61",
            "전용면적(평)":"23평",
            "법정동주소":"전라남도 목포시 대양동 75-1",
            "도로명주소":"전라남도 목포시 산양로 40",
            "세대수":0,
            "입주년차":0,
            "용적률점수":"--",
            "건폐율점수":"--",
            "세대당주차수":0,
            "난방방식":30,
            "공급면적":"--",
            "전용률":"--",
            "욕실수":100,
            "현관타입":100,
            "주거총점":23.0,
            "지역구공급총점":0.0,
            "역세권":"NA",
            "30분내 이동가능 거점":"NA",
            "1시간내 이동가능 거점":"NA",
            "교통총점":"NA",
            "백화점":0,
            "아울렛몰":0,
            "대형마트":0,
            "은행":0,
            "병원":0,
            "종합병원":100,
            "공원":0,
            "혐오시설":0,
            "인프라총점":20.0,
            "초등학군":89.95,
            "중학군":41.04,
            "학군총점":50.822,
            "인구수":23.52,
            "인구증감":-12.59,
            "인구총점":12.687,
            "일자리":11.38,
            "소득수준":55.86,
            "일자리총점":24.724,
            "가치 총점":28.7555,
            "매매실거래년":20210827.0,
            "매매실거래가":5950.0,
            "전세실거래년":20220225.0,
            "전세실거래가":6500.0,
            "전세가율":118.18,
            "장기전세가율평균":80.59,
            "전세가율거품지수":-37.59,
            "검색코드":14894,
            "세대수":294.0,
            "준공년월":"1996-06-28",
            "준공년차":27.0,
            "가까운역이름":"NA",
            "가까운역거리":"NA",
            "역세권여부":"NA",
            "30분이내주요거점역":"NA",
            "30분거점역이름":"NA",
            "1시간이내주요거점역":"NA",
            "1시간거점역이름":"NA",
            "3km이내백화점수":0,
            "5km이내아울렛몰수":0,
            "1km이내대형먀트수":0,
            "500m이내은행수":0,
            "500m이내병원수":0,
            "5km이내대형병원수":5,
            "500m이내공원수":0,
            "3km이내혐오시설수":0,
            "초등학교학업성취도":89.95,
            "중학교학업성취도":68.4,
            "용적률":230,
            "건폐율":16,
            "Y":34.83685,
            "X":126.42783,
            "rank":128.0,
            "area_info":"23평(78.61), 23평(78.52)",
            "last_sales":"2021-08-27,5950.0,23평(78.52)",
            "rank_history":[
                [
                    "202203",
                    128
                ],
                [
                    "202202",
                    112
                ],
                [
                    "202201",
                    111
                ]
            ],
            "rank_gap":-16
        },
        {
            "index":68,
            "아파트명":"신안(1~3동)",
            "투자타입":"일반",
            "전용면적(m2)":"62.1",
            "전용면적(평)":"18평",
            "법정동주소":"전라남도 목포시 산정동 305-2",
            "도로명주소":"전라남도 목포시 양을로143번길 13-1",
            "세대수":0,
            "입주년차":0,
            "용적률점수":"--",
            "건폐율점수":"--",
            "세대당주차수":0,
            "난방방식":30,
            "공급면적":"--",
            "전용률":"--",
            "욕실수":50,
            "현관타입":100,
            "주거총점":18.0,
            "지역구공급총점":0.0,
            "역세권":"NA",
            "30분내 이동가능 거점":"NA",
            "1시간내 이동가능 거점":"NA",
            "교통총점":"NA",
            "백화점":0,
            "아울렛몰":0,
            "대형마트":0,
            "은행":0,
            "병원":60,
            "종합병원":100,
            "공원":100,
            "혐오시설":0,
            "인프라총점":29.0,
            "초등학군":90.02,
            "중학군":30.48,
            "학군총점":42.388,
            "인구수":23.52,
            "인구증감":-12.59,
            "인구총점":12.687,
            "일자리":11.38,
            "소득수준":55.86,
            "일자리총점":24.724,
            "가치 총점":28.497,
            "매매실거래년":20220113.0,
            "매매실거래가":4500.0,
            "전세실거래년":20160822.0,
            "전세실거래가":2000.0,
            "전세가율":42.55,
            "장기전세가율평균":80.59,
            "전세가율거품지수":38.04,
            "검색코드":127381,
            "세대수":111.0,
            "준공년월":"1994-12-31",
            "준공년차":29.0,
            "가까운역이름":"NA",
            "가까운역거리":"NA",
            "역세권여부":"NA",
            "30분이내주요거점역":"NA",
            "30분거점역이름":"NA",
            "1시간이내주요거점역":"NA",
            "1시간거점역이름":"NA",
            "3km이내백화점수":0,
            "5km이내아울렛몰수":0,
            "1km이내대형먀트수":0,
            "500m이내은행수":0,
            "500m이내병원수":11,
            "5km이내대형병원수":5,
            "500m이내공원수":16,
            "3km이내혐오시설수":0,
            "초등학교학업성취도":90.02,
            "중학교학업성취도":50.8,
            "용적률":152,
            "건폐율":31,
            "Y":34.81073,
            "X":126.385336,
            "rank":129.0,
            "area_info":"18평(62.1), 24평(80.07), 25평(84.42), 29평(97.92)",
            "last_sales":"2022-01-13,4500.0,25평(84.42)",
            "rank_history":[
                [
                    "202203",
                    129
                ],
                [
                    "202202",
                    113
                ],
                [
                    "202201",
                    114
                ]
            ],
            "rank_gap":-16
        },
        {
            "index":13,
            "아파트명":"근화희망타운2차",
            "투자타입":"일반",
            "전용면적(m2)":"50.83",
            "전용면적(평)":"15평",
            "법정동주소":"전라남도 목포시 대양동 75-12",
            "도로명주소":"전라남도 목포시 산양로 40",
            "세대수":0,
            "입주년차":20,
            "용적률점수":"--",
            "건폐율점수":"--",
            "세대당주차수":0,
            "난방방식":30,
            "공급면적":"--",
            "전용률":"--",
            "욕실수":50,
            "현관타입":10,
            "주거총점":13.0,
            "지역구공급총점":0.0,
            "역세권":"NA",
            "30분내 이동가능 거점":"NA",
            "1시간내 이동가능 거점":"NA",
            "교통총점":"NA",
            "백화점":0,
            "아울렛몰":80,
            "대형마트":0,
            "은행":0,
            "병원":0,
            "종합병원":100,
            "공원":0,
            "혐오시설":0,
            "인프라총점":28.0,
            "초등학군":89.95,
            "중학군":41.04,
            "학군총점":50.822,
            "인구수":23.52,
            "인구증감":-12.59,
            "인구총점":12.687,
            "일자리":11.38,
            "소득수준":55.86,
            "일자리총점":24.724,
            "가치 총점":28.4555,
            "매매실거래년":20211110.0,
            "매매실거래가":7000.0,
            "전세실거래년":20210923.0,
            "전세실거래가":3700.0,
            "전세가율":90.24,
            "장기전세가율평균":80.59,
            "전세가율거품지수":-9.65,
            "검색코드":112874,
            "세대수":200.0,
            "준공년월":"2000-05-02",
            "준공년차":23.0,
            "가까운역이름":"NA",
            "가까운역거리":"NA",
            "역세권여부":"NA",
            "30분이내주요거점역":"NA",
            "30분거점역이름":"NA",
            "1시간이내주요거점역":"NA",
            "1시간거점역이름":"NA",
            "3km이내백화점수":0,
            "5km이내아울렛몰수":1,
            "1km이내대형먀트수":0,
            "500m이내은행수":0,
            "500m이내병원수":0,
            "5km이내대형병원수":5,
            "500m이내공원수":0,
            "3km이내혐오시설수":0,
            "초등학교학업성취도":89.95,
            "중학교학업성취도":68.4,
            "용적률":196,
            "건폐율":15,
            "Y":34.836287,
            "X":126.428378,
            "rank":130.0,
            "area_info":"15평(50.83), 22평(74.11)",
            "last_sales":"2021-11-10,7000.0,22평(74.11)",
            "rank_history":[
                [
                    "202203",
                    130
                ],
                [
                    "202202",
                    114
                ],
                [
                    "202201",
                    112
                ]
            ],
            "rank_gap":-16
        },
        {
            "index":368,
            "아파트명":"종원골든하이츠",
            "투자타입":"재건축",
            "전용면적(m2)":"184.97",
            "전용면적(평)":"55평",
            "법정동주소":"전라남도 목포시 용당동 1199-1",
            "도로명주소":"전라남도 목포시 양을로232번길 4",
            "세대수":0,
            "입주년차":"--",
            "용적률점수":0,
            "건폐율점수":0,
            "세대당주차수":"--",
            "난방방식":"--",
            "공급면적":90,
            "전용률":60,
            "욕실수":"--",
            "현관타입":"--",
            "주거총점":7.5,
            "지역구공급총점":0.0,
            "역세권":"NA",
            "30분내 이동가능 거점":"NA",
            "1시간내 이동가능 거점":"NA",
            "교통총점":"NA",
            "백화점":0,
            "아울렛몰":0,
            "대형마트":80,
            "은행":20,
            "병원":10,
            "종합병원":100,
            "공원":100,
            "혐오시설":0,
            "인프라총점":38.0,
            "초등학군":90.02,
            "중학군":30.48,
            "학군총점":42.388,
            "인구수":23.52,
            "인구증감":-12.59,
            "인구총점":12.687,
            "일자리":11.38,
            "소득수준":55.86,
            "일자리총점":24.724,
            "가치 총점":28.422,
            "매매실거래년":20210318.0,
            "매매실거래가":13400.0,
            "전세실거래년":20180319.0,
            "전세실거래가":8000.0,
            "전세가율":59.7,
            "장기전세가율평균":80.59,
            "전세가율거품지수":20.89,
            "검색코드":14911,
            "세대수":96.0,
            "준공년월":"1991-09-25",
            "준공년차":32.0,
            "가까운역이름":"NA",
            "가까운역거리":"NA",
            "역세권여부":"NA",
            "30분이내주요거점역":"NA",
            "30분거점역이름":"NA",
            "1시간이내주요거점역":"NA",
            "1시간거점역이름":"NA",
            "3km이내백화점수":0,
            "5km이내아울렛몰수":0,
            "1km이내대형먀트수":1,
            "500m이내은행수":2,
            "500m이내병원수":3,
            "5km이내대형병원수":5,
            "500m이내공원수":11,
            "3km이내혐오시설수":0,
            "초등학교학업성취도":90.02,
            "중학교학업성취도":50.8,
            "용적률":0,
            "건폐율":0,
            "Y":34.811449,
            "X":126.394828,
            "rank":131.0,
            "area_info":"55평(184.97)",
            "last_sales":"2021-03-18,13400.0,55평(184.97)",
            "rank_history":[
                [
                    "202203",
                    131
                ],
                [
                    "202202",
                    9999
                ]
            ],
            "rank_gap":9999
        },
        {
            "index":353,
            "아파트명":"대건",
            "투자타입":"재건축",
            "전용면적(m2)":"84.7",
            "전용면적(평)":"25평",
            "법정동주소":"전라남도 목포시 용당동 1197-5",
            "도로명주소":"전라남도 목포시 양을로232번길 12",
            "세대수":0,
            "입주년차":"--",
            "용적률점수":0,
            "건폐율점수":0,
            "세대당주차수":"--",
            "난방방식":"--",
            "공급면적":70,
            "전용률":60,
            "욕실수":"--",
            "현관타입":"--",
            "주거총점":6.5,
            "지역구공급총점":0.0,
            "역세권":"NA",
            "30분내 이동가능 거점":"NA",
            "1시간내 이동가능 거점":"NA",
            "교통총점":"NA",
            "백화점":0,
            "아울렛몰":0,
            "대형마트":80,
            "은행":20,
            "병원":10,
            "종합병원":100,
            "공원":100,
            "혐오시설":0,
            "인프라총점":38.0,
            "초등학군":90.02,
            "중학군":30.48,
            "학군총점":42.388,
            "인구수":23.52,
            "인구증감":-12.59,
            "인구총점":12.687,
            "일자리":11.38,
            "소득수준":55.86,
            "일자리총점":24.724,
            "가치 총점":28.072,
            "매매실거래년":20210806.0,
            "매매실거래가":5000.0,
            "전세실거래년":20171027.0,
            "전세실거래가":5000.0,
            "전세가율":100.0,
            "장기전세가율평균":80.59,
            "전세가율거품지수":-19.41,
            "검색코드":13026,
            "세대수":60.0,
            "준공년월":"1987-12-24",
            "준공년차":36.0,
            "가까운역이름":"NA",
            "가까운역거리":"NA",
            "역세권여부":"NA",
            "30분이내주요거점역":"NA",
            "30분거점역이름":"NA",
            "1시간이내주요거점역":"NA",
            "1시간거점역이름":"NA",
            "3km이내백화점수":0,
            "5km이내아울렛몰수":0,
            "1km이내대형먀트수":1,
            "500m이내은행수":2,
            "500m이내병원수":4,
            "5km이내대형병원수":5,
            "500m이내공원수":11,
            "3km이내혐오시설수":0,
            "초등학교학업성취도":90.02,
            "중학교학업성취도":50.8,
            "용적률":0,
            "건폐율":0,
            "Y":34.81061,
            "X":126.3954,
            "rank":132.0,
            "area_info":"25평(84.7)",
            "last_sales":"2021-08-06,5000.0,25평(84.7)",
            "rank_history":[
                [
                    "202203",
                    132
                ],
                [
                    "202202",
                    9999
                ]
            ],
            "rank_gap":9999
        },
        {
            "index":89,
            "아파트명":"용일비치맨션",
            "투자타입":"재건축",
            "전용면적(m2)":"105.49",
            "전용면적(평)":"31평",
            "법정동주소":"전라남도 목포시 산정동 1413-2",
            "도로명주소":"전라남도 목포시 남해로 87",
            "세대수":0,
            "입주년차":"--",
            "용적률점수":0,
            "건폐율점수":60,
            "세대당주차수":"--",
            "난방방식":"--",
            "공급면적":90,
            "전용률":80,
            "욕실수":"--",
            "현관타입":"--",
            "주거총점":20.5,
            "지역구공급총점":0.0,
            "역세권":"NA",
            "30분내 이동가능 거점":"NA",
            "1시간내 이동가능 거점":"NA",
            "교통총점":"NA",
            "백화점":0,
            "아울렛몰":0,
            "대형마트":0,
            "은행":0,
            "병원":10,
            "종합병원":100,
            "공원":100,
            "혐오시설":0,
            "인프라총점":24.0,
            "초등학군":89.98,
            "중학군":32.96,
            "학군총점":44.364,
            "인구수":23.52,
            "인구증감":-12.59,
            "인구총점":12.687,
            "일자리":11.38,
            "소득수준":55.86,
            "일자리총점":24.724,
            "가치 총점":27.866,
            "매매실거래년":20220209.0,
            "매매실거래가":8350.0,
            "전세실거래년":20180518.0,
            "전세실거래가":9000.0,
            "전세가율":128.57,
            "장기전세가율평균":80.59,
            "전세가율거품지수":-47.98,
            "검색코드":117232,
            "세대수":71.0,
            "준공년월":"1991-11-28",
            "준공년차":32.0,
            "가까운역이름":"NA",
            "가까운역거리":"NA",
            "역세권여부":"NA",
            "30분이내주요거점역":"NA",
            "30분거점역이름":"NA",
            "1시간이내주요거점역":"NA",
            "1시간거점역이름":"NA",
            "3km이내백화점수":0,
            "5km이내아울렛몰수":0,
            "1km이내대형먀트수":0,
            "500m이내은행수":1,
            "500m이내병원수":4,
            "5km이내대형병원수":5,
            "500m이내공원수":2,
            "3km이내혐오시설수":0,
            "초등학교학업성취도":89.98,
            "중학교학업성취도":53.4,
            "용적률":324,
            "건폐율":32,
            "Y":34.790323,
            "X":126.405251,
            "rank":133.0,
            "area_info":"31평(105.49), 31평(105.55), 31평(105.58), 34평(114.85), 35평(118.6), 36평(119.35), 36평(121.6)",
            "last_sales":"2022-02-09,8350.0,31평(105.58)",
            "rank_history":[
                [
                    "202203",
                    133
                ],
                [
                    "202202",
                    9999
                ]
            ],
            "rank_gap":9999
        },
        {
            "index":19,
            "아파트명":"대양영신그린빌",
            "투자타입":"일반",
            "전용면적(m2)":"57.34",
            "전용면적(평)":"17평",
            "법정동주소":"전라남도 목포시 대양동 555-1",
            "도로명주소":"전라남도 목포시 영산로 761-2",
            "세대수":0,
            "입주년차":20,
            "용적률점수":"--",
            "건폐율점수":"--",
            "세대당주차수":0,
            "난방방식":30,
            "공급면적":"--",
            "전용률":"--",
            "욕실수":50,
            "현관타입":100,
            "주거총점":22.0,
            "지역구공급총점":0.0,
            "역세권":"NA",
            "30분내 이동가능 거점":"NA",
            "1시간내 이동가능 거점":"NA",
            "교통총점":"NA",
            "백화점":0,
            "아울렛몰":0,
            "대형마트":0,
            "은행":0,
            "병원":0,
            "종합병원":100,
            "공원":0,
            "혐오시설":-100,
            "인프라총점":18.0,
            "초등학군":89.99,
            "중학군":41.04,
            "학군총점":50.83,
            "인구수":23.52,
            "인구증감":-12.59,
            "인구총점":12.687,
            "일자리":11.38,
            "소득수준":55.86,
            "일자리총점":24.724,
            "가치 총점":27.6075,
            "매매실거래년":20220208.0,
            "매매실거래가":8000.0,
            "전세실거래년":20210610.0,
            "전세실거래가":4000.0,
            "전세가율":86.96,
            "장기전세가율평균":80.59,
            "전세가율거품지수":-6.37,
            "검색코드":115047,
            "세대수":128.0,
            "준공년월":"2000-07-29",
            "준공년차":23.0,
            "가까운역이름":"NA",
            "가까운역거리":"NA",
            "역세권여부":"NA",
            "30분이내주요거점역":"NA",
            "30분거점역이름":"NA",
            "1시간이내주요거점역":"NA",
            "1시간거점역이름":"NA",
            "3km이내백화점수":0,
            "5km이내아울렛몰수":0,
            "1km이내대형먀트수":0,
            "500m이내은행수":0,
            "500m이내병원수":0,
            "5km이내대형병원수":5,
            "500m이내공원수":0,
            "3km이내혐오시설수":5,
            "초등학교학업성취도":89.99,
            "중학교학업성취도":68.4,
            "용적률":197,
            "건폐율":18,
            "Y":34.832469,
            "X":126.416936,
            "rank":134.0,
            "area_info":"17평(57.34), 21평(72.48), 24평(81.85), 24평(82.27), 26평(88.3)",
            "last_sales":"2022-02-08,8000.0,26평(88.3)",
            "rank_history":[
                [
                    "202203",
                    134
                ],
                [
                    "202202",
                    115
                ],
                [
                    "202201",
                    113
                ]
            ],
            "rank_gap":-19
        },
        {
            "index":445,
            "아파트명":"송광비치타운",
            "투자타입":"일반",
            "전용면적(m2)":"61.72",
            "전용면적(평)":"18평",
            "법정동주소":"전라남도 목포시 해안동4가 1",
            "도로명주소":"전라남도 목포시 유동로 7",
            "세대수":0,
            "입주년차":0,
            "용적률점수":"--",
            "건폐율점수":"--",
            "세대당주차수":0,
            "난방방식":30,
            "공급면적":"--",
            "전용률":"--",
            "욕실수":50,
            "현관타입":100,
            "주거총점":18.0,
            "지역구공급총점":0.0,
            "역세권":"NA",
            "30분내 이동가능 거점":"NA",
            "1시간내 이동가능 거점":"NA",
            "교통총점":"NA",
            "백화점":0,
            "아울렛몰":0,
            "대형마트":0,
            "은행":0,
            "병원":0,
            "종합병원":100,
            "공원":0,
            "혐오시설":0,
            "인프라총점":20.0,
            "초등학군":90.01,
            "중학군":41.1,
            "학군총점":50.882,
            "인구수":23.52,
            "인구증감":-12.59,
            "인구총점":12.687,
            "일자리":11.38,
            "소득수준":55.86,
            "일자리총점":24.724,
            "가치 총점":27.0205,
            "매매실거래년":20210512.0,
            "매매실거래가":9500.0,
            "전세실거래년":20211027.0,
            "전세실거래가":3000.0,
            "전세가율":74.07,
            "장기전세가율평균":80.59,
            "전세가율거품지수":6.52,
            "검색코드":14912,
            "세대수":290.0,
            "준공년월":"1998-12-30",
            "준공년차":25.0,
            "가까운역이름":"NA",
            "가까운역거리":"NA",
            "역세권여부":"NA",
            "30분이내주요거점역":"NA",
            "30분거점역이름":"NA",
            "1시간이내주요거점역":"NA",
            "1시간거점역이름":"NA",
            "3km이내백화점수":0,
            "5km이내아울렛몰수":0,
            "1km이내대형먀트수":0,
            "500m이내은행수":0,
            "500m이내병원수":1,
            "5km이내대형병원수":4,
            "500m이내공원수":0,
            "3km이내혐오시설수":0,
            "초등학교학업성취도":90.01,
            "중학교학업성취도":67.3,
            "용적률":217,
            "건폐율":37,
            "Y":34.782218,
            "X":126.379903,
            "rank":135.0,
            "area_info":"18평(61.72), 23평(77.73), 31평(104.7)",
            "last_sales":"2021-05-12,9500.0,31평(104.7)",
            "rank_history":[
                [
                    "202203",
                    135
                ],
                [
                    "202202",
                    116
                ],
                [
                    "202201",
                    115
                ]
            ],
            "rank_gap":-19
        },
        {
            "index":53,
            "아파트명":"삼학타운",
            "투자타입":"일반",
            "전용면적(m2)":"72.4",
            "전용면적(평)":"21평",
            "법정동주소":"전라남도 목포시 산정동 1285",
            "도로명주소":"전라남도 목포시 용당로 73",
            "세대수":0,
            "입주년차":0,
            "용적률점수":"--",
            "건폐율점수":"--",
            "세대당주차수":0,
            "난방방식":30,
            "공급면적":"--",
            "전용률":"--",
            "욕실수":50,
            "현관타입":100,
            "주거총점":18.0,
            "지역구공급총점":0.0,
            "역세권":"NA",
            "30분내 이동가능 거점":"NA",
            "1시간내 이동가능 거점":"NA",
            "교통총점":"NA",
            "백화점":0,
            "아울렛몰":0,
            "대형마트":0,
            "은행":0,
            "병원":10,
            "종합병원":100,
            "공원":100,
            "혐오시설":0,
            "인프라총점":24.0,
            "초등학군":89.98,
            "중학군":32.96,
            "학군총점":44.364,
            "인구수":23.52,
            "인구증감":-12.59,
            "인구총점":12.687,
            "일자리":11.38,
            "소득수준":55.86,
            "일자리총점":24.724,
            "가치 총점":26.991,
            "매매실거래년":20211230.0,
            "매매실거래가":12000.0,
            "전세실거래년":20211012.0,
            "전세실거래가":9000.0,
            "전세가율":91.84,
            "장기전세가율평균":80.59,
            "전세가율거품지수":-11.25,
            "검색코드":4533,
            "세대수":270.0,
            "준공년월":"1994-04-01",
            "준공년차":29.0,
            "가까운역이름":"NA",
            "가까운역거리":"NA",
            "역세권여부":"NA",
            "30분이내주요거점역":"NA",
            "30분거점역이름":"NA",
            "1시간이내주요거점역":"NA",
            "1시간거점역이름":"NA",
            "3km이내백화점수":0,
            "5km이내아울렛몰수":0,
            "1km이내대형먀트수":0,
            "500m이내은행수":1,
            "500m이내병원수":4,
            "5km이내대형병원수":5,
            "500m이내공원수":5,
            "3km이내혐오시설수":0,
            "초등학교학업성취도":89.98,
            "중학교학업성취도":53.4,
            "용적률":0,
            "건폐율":0,
            "Y":34.79399,
            "X":126.40116,
            "rank":136.0,
            "area_info":"21평(72.4), 30평(101.2), 45평(150.37)",
            "last_sales":"2021-12-30,12000.0,30평(101.2)",
            "rank_history":[
                [
                    "202203",
                    136
                ],
                [
                    "202202",
                    117
                ],
                [
                    "202201",
                    116
                ]
            ],
            "rank_gap":-19
        },
        {
            "index":56,
            "아파트명":"삼학하이츠",
            "투자타입":"재건축",
            "전용면적(m2)":"51.2",
            "전용면적(평)":"15평",
            "법정동주소":"전라남도 목포시 산정동 1365",
            "도로명주소":"전라남도 목포시 둥근섬로54번길 11",
            "세대수":30,
            "입주년차":"--",
            "용적률점수":0,
            "건폐율점수":0,
            "세대당주차수":"--",
            "난방방식":"--",
            "공급면적":50,
            "전용률":80,
            "욕실수":"--",
            "현관타입":"--",
            "주거총점":15.5,
            "지역구공급총점":0.0,
            "역세권":"NA",
            "30분내 이동가능 거점":"NA",
            "1시간내 이동가능 거점":"NA",
            "교통총점":"NA",
            "백화점":0,
            "아울렛몰":0,
            "대형마트":0,
            "은행":0,
            "병원":10,
            "종합병원":100,
            "공원":100,
            "혐오시설":0,
            "인프라총점":24.0,
            "초등학군":89.98,
            "중학군":32.96,
            "학군총점":44.364,
            "인구수":23.52,
            "인구증감":-12.59,
            "인구총점":12.687,
            "일자리":11.38,
            "소득수준":55.86,
            "일자리총점":24.724,
            "가치 총점":26.116,
            "매매실거래년":20220212.0,
            "매매실거래가":2500.0,
            "전세실거래년":20211006.0,
            "전세실거래가":3500.0,
            "전세가율":140.0,
            "장기전세가율평균":80.59,
            "전세가율거품지수":-59.41,
            "검색코드":4536,
            "세대수":355.0,
            "준공년월":"1981-09-22",
            "준공년차":42.0,
            "가까운역이름":"NA",
            "가까운역거리":"NA",
            "역세권여부":"NA",
            "30분이내주요거점역":"NA",
            "30분거점역이름":"NA",
            "1시간이내주요거점역":"NA",
            "1시간거점역이름":"NA",
            "3km이내백화점수":0,
            "5km이내아울렛몰수":0,
            "1km이내대형먀트수":0,
            "500m이내은행수":1,
            "500m이내병원수":4,
            "5km이내대형병원수":5,
            "500m이내공원수":10,
            "3km이내혐오시설수":0,
            "초등학교학업성취도":89.98,
            "중학교학업성취도":53.4,
            "용적률":0,
            "건폐율":0,
            "Y":34.792611,
            "X":126.400362,
            "rank":137.0,
            "area_info":"15평(51.2), 17평(58.2), 17평(58.22), 19평(65.95), 20평(66.5), 23평(76.38), 25평(83.56), 28평(92.6)",
            "last_sales":"2022-02-12,2500.0,15평(51.2)",
            "rank_history":[
                [
                    "202203",
                    137
                ],
                [
                    "202202",
                    119
                ],
                [
                    "202201",
                    117
                ]
            ],
            "rank_gap":-18
        },
        {
            "index":432,
            "아파트명":"청산푸른",
            "투자타입":"일반",
            "전용면적(m2)":"85.82",
            "전용면적(평)":"25평",
            "법정동주소":"전라남도 목포시 용해동 374",
            "도로명주소":"전라남도 목포시 온남길 25",
            "세대수":0,
            "입주년차":0,
            "용적률점수":"--",
            "건폐율점수":"--",
            "세대당주차수":0,
            "난방방식":30,
            "공급면적":"--",
            "전용률":"--",
            "욕실수":50,
            "현관타입":10,
            "주거총점":9.0,
            "지역구공급총점":0.0,
            "역세권":"NA",
            "30분내 이동가능 거점":"NA",
            "1시간내 이동가능 거점":"NA",
            "교통총점":"NA",
            "백화점":0,
            "아울렛몰":0,
            "대형마트":0,
            "은행":0,
            "병원":30,
            "종합병원":100,
            "공원":80,
            "혐오시설":0,
            "인프라총점":25.4,
            "초등학군":90.01,
            "중학군":41.04,
            "학군총점":50.834,
            "인구수":23.52,
            "인구증감":-12.59,
            "인구총점":12.687,
            "일자리":11.38,
            "소득수준":55.86,
            "일자리총점":24.724,
            "가치 총점":26.0185,
            "매매실거래년":20220108.0,
            "매매실거래가":8400.0,
            "전세실거래년":20211112.0,
            "전세실거래가":3500.0,
            "전세가율":63.64,
            "장기전세가율평균":80.59,
            "전세가율거품지수":16.95,
            "검색코드":4621,
            "세대수":136.0,
            "준공년월":"1996-09-04",
            "준공년차":27.0,
            "가까운역이름":"NA",
            "가까운역거리":"NA",
            "역세권여부":"NA",
            "30분이내주요거점역":"NA",
            "30분거점역이름":"NA",
            "1시간이내주요거점역":"NA",
            "1시간거점역이름":"NA",
            "3km이내백화점수":0,
            "5km이내아울렛몰수":0,
            "1km이내대형먀트수":0,
            "500m이내은행수":0,
            "500m이내병원수":8,
            "5km이내대형병원수":5,
            "500m이내공원수":1,
            "3km이내혐오시설수":0,
            "초등학교학업성취도":90.01,
            "중학교학업성취도":68.4,
            "용적률":171,
            "건폐율":21,
            "Y":34.814596,
            "X":126.403161,
            "rank":138.0,
            "area_info":"25평(85.82), 32평(107.52)",
            "last_sales":"2022-01-08,8400.0,32평(107.52)",
            "rank_history":[
                [
                    "202203",
                    138
                ],
                [
                    "202202",
                    118
                ],
                [
                    "202201",
                    103
                ]
            ],
            "rank_gap":-20
        },
        {
            "index":232,
            "아파트명":"유달파크맨션",
            "투자타입":"재건축",
            "전용면적(m2)":"89.09",
            "전용면적(평)":"26평",
            "법정동주소":"전라남도 목포시 양동 120",
            "도로명주소":"전라남도 목포시 만세로 19",
            "세대수":0,
            "입주년차":"--",
            "용적률점수":0,
            "건폐율점수":0,
            "세대당주차수":"--",
            "난방방식":"--",
            "공급면적":70,
            "전용률":80,
            "욕실수":"--",
            "현관타입":"--",
            "주거총점":7.5,
            "지역구공급총점":0.0,
            "역세권":"NA",
            "30분내 이동가능 거점":"NA",
            "1시간내 이동가능 거점":"NA",
            "교통총점":"NA",
            "백화점":0,
            "아울렛몰":0,
            "대형마트":0,
            "은행":0,
            "병원":10,
            "종합병원":100,
            "공원":100,
            "혐오시설":0,
            "인프라총점":24.0,
            "초등학군":89.96,
            "중학군":45.4,
            "학군총점":54.312,
            "인구수":23.52,
            "인구증감":-12.59,
            "인구총점":12.687,
            "일자리":11.38,
            "소득수준":55.86,
            "일자리총점":24.724,
            "가치 총점":25.803,
            "매매실거래년":20220222.0,
            "매매실거래가":6000.0,
            "전세실거래년":20220206.0,
            "전세실거래가":4000.0,
            "전세가율":66.67,
            "장기전세가율평균":80.59,
            "전세가율거품지수":13.92,
            "검색코드":4584,
            "세대수":159.0,
            "준공년월":"1990-06-15",
            "준공년차":33.0,
            "가까운역이름":"NA",
            "가까운역거리":"NA",
            "역세권여부":"NA",
            "30분이내주요거점역":"NA",
            "30분거점역이름":"NA",
            "1시간이내주요거점역":"NA",
            "1시간거점역이름":"NA",
            "3km이내백화점수":0,
            "5km이내아울렛몰수":0,
            "1km이내대형먀트수":0,
            "500m이내은행수":1,
            "500m이내병원수":4,
            "5km이내대형병원수":5,
            "500m이내공원수":6,
            "3km이내혐오시설수":0,
            "초등학교학업성취도":89.96,
            "중학교학업성취도":75.2,
            "용적률":0,
            "건폐율":0,
            "Y":34.79578,
            "X":126.38118,
            "rank":139.0,
            "area_info":"26평(89.09), 29평(97.73), 54평(180.13)",
            "last_sales":"2022-02-22,6000.0,26평(89.09)",
            "rank_history":[
                [
                    "202203",
                    139
                ],
                [
                    "202202",
                    120
                ],
                [
                    "202201",
                    118
                ]
            ],
            "rank_gap":-19
        },
        {
            "index":434,
            "아파트명":"초원청아",
            "투자타입":"재건축",
            "전용면적(m2)":"97.8",
            "전용면적(평)":"29평",
            "법정동주소":"전라남도 목포시 용해동 367-1",
            "도로명주소":"전라남도 목포시 용당로 316",
            "세대수":0,
            "입주년차":"--",
            "용적률점수":0,
            "건폐율점수":0,
            "세대당주차수":"--",
            "난방방식":"--",
            "공급면적":70,
            "전용률":80,
            "욕실수":"--",
            "현관타입":"--",
            "주거총점":7.5,
            "지역구공급총점":0.0,
            "역세권":"NA",
            "30분내 이동가능 거점":"NA",
            "1시간내 이동가능 거점":"NA",
            "교통총점":"NA",
            "백화점":0,
            "아울렛몰":0,
            "대형마트":0,
            "은행":0,
            "병원":60,
            "종합병원":100,
            "공원":0,
            "혐오시설":0,
            "인프라총점":26.0,
            "초등학군":89.98,
            "중학군":41.04,
            "학군총점":50.828,
            "인구수":23.52,
            "인구증감":-12.59,
            "인구총점":12.687,
            "일자리":11.38,
            "소득수준":55.86,
            "일자리총점":24.724,
            "가치 총점":25.732,
            "매매실거래년":20211026.0,
            "매매실거래가":6200.0,
            "전세실거래년":null,
            "전세실거래가":null,
            "전세가율":null,
            "장기전세가율평균":80.59,
            "전세가율거품지수":null,
            "검색코드":4623,
            "세대수":60.0,
            "준공년월":"1989-06-24",
            "준공년차":34.0,
            "가까운역이름":"NA",
            "가까운역거리":"NA",
            "역세권여부":"NA",
            "30분이내주요거점역":"NA",
            "30분거점역이름":"NA",
            "1시간이내주요거점역":"NA",
            "1시간거점역이름":"NA",
            "3km이내백화점수":0,
            "5km이내아울렛몰수":0,
            "1km이내대형먀트수":0,
            "500m이내은행수":0,
            "500m이내병원수":14,
            "5km이내대형병원수":5,
            "500m이내공원수":0,
            "3km이내혐오시설수":0,
            "초등학교학업성취도":89.98,
            "중학교학업성취도":68.4,
            "용적률":0,
            "건폐율":0,
            "Y":34.814966,
            "X":126.40111,
            "rank":140.0,
            "area_info":"29평(97.8), 30평(99.49)",
            "last_sales":"2021-10-26,6200.0,30평(99.49)",
            "rank_history":[
                [
                    "202203",
                    140
                ],
                [
                    "202202",
                    9999
                ]
            ],
            "rank_gap":9999
        },
        {
            "index":26,
            "아파트명":"근화그린맨션",
            "투자타입":"재건축",
            "전용면적(m2)":"103.49",
            "전용면적(평)":"31평",
            "법정동주소":"전라남도 목포시 산정동 326-10",
            "도로명주소":"전라남도 목포시 산정로 268-3",
            "세대수":0,
            "입주년차":"--",
            "용적률점수":0,
            "건폐율점수":0,
            "세대당주차수":"--",
            "난방방식":"--",
            "공급면적":90,
            "전용률":80,
            "욕실수":"--",
            "현관타입":"--",
            "주거총점":8.5,
            "지역구공급총점":0.0,
            "역세권":"NA",
            "30분내 이동가능 거점":"NA",
            "1시간내 이동가능 거점":"NA",
            "교통총점":"NA",
            "백화점":0,
            "아울렛몰":0,
            "대형마트":0,
            "은행":20,
            "병원":30,
            "종합병원":100,
            "공원":100,
            "혐오시설":0,
            "인프라총점":28.0,
            "초등학군":90.02,
            "중학군":30.48,
            "학군총점":42.388,
            "인구수":23.52,
            "인구증감":-12.59,
            "인구총점":12.687,
            "일자리":11.38,
            "소득수준":55.86,
            "일자리총점":24.724,
            "가치 총점":24.772,
            "매매실거래년":20220216.0,
            "매매실거래가":9000.0,
            "전세실거래년":20211120.0,
            "전세실거래가":4500.0,
            "전세가율":50.0,
            "장기전세가율평균":80.59,
            "전세가율거품지수":30.59,
            "검색코드":4514,
            "세대수":150.0,
            "준공년월":"1990-06-01",
            "준공년차":33.0,
            "가까운역이름":"NA",
            "가까운역거리":"NA",
            "역세권여부":"NA",
            "30분이내주요거점역":"NA",
            "30분거점역이름":"NA",
            "1시간이내주요거점역":"NA",
            "1시간거점역이름":"NA",
            "3km이내백화점수":0,
            "5km이내아울렛몰수":0,
            "1km이내대형먀트수":0,
            "500m이내은행수":2,
            "500m이내병원수":8,
            "5km이내대형병원수":5,
            "500m이내공원수":12,
            "3km이내혐오시설수":0,
            "초등학교학업성취도":90.02,
            "중학교학업성취도":50.8,
            "용적률":0,
            "건폐율":0,
            "Y":34.811641,
            "X":126.386825,
            "rank":141.0,
            "area_info":"31평(103.49), 31평(104.09)",
            "last_sales":"2022-02-16,9000.0,31평(103.49)",
            "rank_history":[
                [
                    "202203",
                    141
                ],
                [
                    "202202",
                    121
                ],
                [
                    "202201",
                    119
                ]
            ],
            "rank_gap":-20
        },
        {
            "index":123,
            "아파트명":"현대청호",
            "투자타입":"재건축",
            "전용면적(m2)":"99.24",
            "전용면적(평)":"30평",
            "법정동주소":"전라남도 목포시 산정동 225-25",
            "도로명주소":"전라남도 목포시 산정로203번길 29",
            "세대수":0,
            "입주년차":"--",
            "용적률점수":0,
            "건폐율점수":0,
            "세대당주차수":"--",
            "난방방식":"--",
            "공급면적":90,
            "전용률":80,
            "욕실수":"--",
            "현관타입":"--",
            "주거총점":8.5,
            "지역구공급총점":0.0,
            "역세권":"NA",
            "30분내 이동가능 거점":"NA",
            "1시간내 이동가능 거점":"NA",
            "교통총점":"NA",
            "백화점":0,
            "아울렛몰":0,
            "대형마트":0,
            "은행":0,
            "병원":10,
            "종합병원":100,
            "공원":100,
            "혐오시설":0,
            "인프라총점":24.0,
            "초등학군":89.98,
            "중학군":36.12,
            "학군총점":46.892,
            "인구수":23.52,
            "인구증감":-12.59,
            "인구총점":12.687,
            "일자리":11.38,
            "소득수준":55.86,
            "일자리총점":24.724,
            "가치 총점":24.298,
            "매매실거래년":20210321.0,
            "매매실거래가":6100.0,
            "전세실거래년":20191021.0,
            "전세실거래가":5000.0,
            "전세가율":81.97,
            "장기전세가율평균":80.59,
            "전세가율거품지수":-1.38,
            "검색코드":117229,
            "세대수":64.0,
            "준공년월":"1991-09-14",
            "준공년차":32.0,
            "가까운역이름":"NA",
            "가까운역거리":"NA",
            "역세권여부":"NA",
            "30분이내주요거점역":"NA",
            "30분거점역이름":"NA",
            "1시간이내주요거점역":"NA",
            "1시간거점역이름":"NA",
            "3km이내백화점수":0,
            "5km이내아울렛몰수":0,
            "1km이내대형먀트수":0,
            "500m이내은행수":0,
            "500m이내병원수":4,
            "5km이내대형병원수":5,
            "500m이내공원수":4,
            "3km이내혐오시설수":0,
            "초등학교학업성취도":89.98,
            "중학교학업성취도":60.2,
            "용적률":0,
            "건폐율":0,
            "Y":34.805078,
            "X":126.387863,
            "rank":142.0,
            "area_info":"30평(99.24), 31평(105.74)",
            "last_sales":"2021-03-21,6100.0,30평(99.24)",
            "rank_history":[
                [
                    "202203",
                    142
                ],
                [
                    "202202",
                    9999
                ]
            ],
            "rank_gap":9999
        },
        {
            "index":32,
            "아파트명":"근화황제맨션",
            "투자타입":"재건축",
            "전용면적(m2)":"90.2",
            "전용면적(평)":"27평",
            "법정동주소":"전라남도 목포시 산정동 1398",
            "도로명주소":"전라남도 목포시 남해로 73",
            "세대수":0,
            "입주년차":"--",
            "용적률점수":0,
            "건폐율점수":0,
            "세대당주차수":"--",
            "난방방식":"--",
            "공급면적":70,
            "전용률":80,
            "욕실수":"--",
            "현관타입":"--",
            "주거총점":7.5,
            "지역구공급총점":0.0,
            "역세권":"NA",
            "30분내 이동가능 거점":"NA",
            "1시간내 이동가능 거점":"NA",
            "교통총점":"NA",
            "백화점":0,
            "아울렛몰":0,
            "대형마트":0,
            "은행":0,
            "병원":10,
            "종합병원":100,
            "공원":100,
            "혐오시설":0,
            "인프라총점":24.0,
            "초등학군":89.98,
            "중학군":32.96,
            "학군총점":44.364,
            "인구수":23.52,
            "인구증감":-12.59,
            "인구총점":12.687,
            "일자리":11.38,
            "소득수준":55.86,
            "일자리총점":24.724,
            "가치 총점":23.316,
            "매매실거래년":20211123.0,
            "매매실거래가":7300.0,
            "전세실거래년":20170717.0,
            "전세실거래가":7200.0,
            "전세가율":98.63,
            "장기전세가율평균":80.59,
            "전세가율거품지수":-18.04,
            "검색코드":4518,
            "세대수":233.0,
            "준공년월":"1992-09-01",
            "준공년차":31.0,
            "가까운역이름":"NA",
            "가까운역거리":"NA",
            "역세권여부":"NA",
            "30분이내주요거점역":"NA",
            "30분거점역이름":"NA",
            "1시간이내주요거점역":"NA",
            "1시간거점역이름":"NA",
            "3km이내백화점수":0,
            "5km이내아울렛몰수":0,
            "1km이내대형먀트수":0,
            "500m이내은행수":1,
            "500m이내병원수":4,
            "5km이내대형병원수":5,
            "500m이내공원수":2,
            "3km이내혐오시설수":0,
            "초등학교학업성취도":89.98,
            "중학교학업성취도":53.4,
            "용적률":0,
            "건폐율":0,
            "Y":34.790449,
            "X":126.403889,
            "rank":143.0,
            "area_info":"27평(90.2), 31평(102.5)",
            "last_sales":"2021-11-23,7300.0,27평(90.2)",
            "rank_history":[
                [
                    "202203",
                    143
                ],
                [
                    "202202",
                    122
                ],
                [
                    "202201",
                    120
                ]
            ],
            "rank_gap":-21
        },
        {
            "index":37,
            "아파트명":"동백",
            "투자타입":"재건축",
            "전용면적(m2)":"93.45",
            "전용면적(평)":"28평",
            "법정동주소":"전라남도 목포시 산정동 1392",
            "도로명주소":"전라남도 목포시 삼학로183번길 14",
            "세대수":0,
            "입주년차":"--",
            "용적률점수":0,
            "건폐율점수":0,
            "세대당주차수":"--",
            "난방방식":"--",
            "공급면적":70,
            "전용률":80,
            "욕실수":"--",
            "현관타입":"--",
            "주거총점":7.5,
            "지역구공급총점":0.0,
            "역세권":"NA",
            "30분내 이동가능 거점":"NA",
            "1시간내 이동가능 거점":"NA",
            "교통총점":"NA",
            "백화점":0,
            "아울렛몰":0,
            "대형마트":0,
            "은행":0,
            "병원":10,
            "종합병원":100,
            "공원":100,
            "혐오시설":0,
            "인프라총점":24.0,
            "초등학군":89.98,
            "중학군":32.96,
            "학군총점":44.364,
            "인구수":23.52,
            "인구증감":-12.59,
            "인구총점":12.687,
            "일자리":11.38,
            "소득수준":55.86,
            "일자리총점":24.724,
            "가치 총점":23.316,
            "매매실거래년":20220222.0,
            "매매실거래가":7600.0,
            "전세실거래년":20180423.0,
            "전세실거래가":6000.0,
            "전세가율":78.95,
            "장기전세가율평균":80.59,
            "전세가율거품지수":1.64,
            "검색코드":4520,
            "세대수":180.0,
            "준공년월":"1990-12-01",
            "준공년차":33.0,
            "가까운역이름":"NA",
            "가까운역거리":"NA",
            "역세권여부":"NA",
            "30분이내주요거점역":"NA",
            "30분거점역이름":"NA",
            "1시간이내주요거점역":"NA",
            "1시간거점역이름":"NA",
            "3km이내백화점수":0,
            "5km이내아울렛몰수":0,
            "1km이내대형먀트수":0,
            "500m이내은행수":1,
            "500m이내병원수":4,
            "5km이내대형병원수":5,
            "500m이내공원수":2,
            "3km이내혐오시설수":0,
            "초등학교학업성취도":89.98,
            "중학교학업성취도":53.4,
            "용적률":0,
            "건폐율":0,
            "Y":34.789659,
            "X":126.404166,
            "rank":143.0,
            "area_info":"28평(93.45), 28평(93.36), 31평(104.95)",
            "last_sales":"2022-02-22,7600.0,28평(93.45)",
            "rank_history":[
                [
                    "202203",
                    143
                ],
                [
                    "202202",
                    122
                ],
                [
                    "202201",
                    120
                ]
            ],
            "rank_gap":-21
        },
        {
            "index":40,
            "아파트명":"동아원앙맨션",
            "투자타입":"재건축",
            "전용면적(m2)":"71.19",
            "전용면적(평)":"21평",
            "법정동주소":"전라남도 목포시 산정동 1284-6",
            "도로명주소":"전라남도 목포시 동명로76번길 37",
            "세대수":0,
            "입주년차":"--",
            "용적률점수":0,
            "건폐율점수":0,
            "세대당주차수":"--",
            "난방방식":"--",
            "공급면적":50,
            "전용률":80,
            "욕실수":"--",
            "현관타입":"--",
            "주거총점":6.5,
            "지역구공급총점":0.0,
            "역세권":"NA",
            "30분내 이동가능 거점":"NA",
            "1시간내 이동가능 거점":"NA",
            "교통총점":"NA",
            "백화점":0,
            "아울렛몰":0,
            "대형마트":0,
            "은행":0,
            "병원":10,
            "종합병원":100,
            "공원":100,
            "혐오시설":0,
            "인프라총점":24.0,
            "초등학군":89.98,
            "중학군":32.96,
            "학군총점":44.364,
            "인구수":23.52,
            "인구증감":-12.59,
            "인구총점":12.687,
            "일자리":11.38,
            "소득수준":55.86,
            "일자리총점":24.724,
            "가치 총점":22.966,
            "매매실거래년":20190420.0,
            "매매실거래가":7700.0,
            "전세실거래년":null,
            "전세실거래가":null,
            "전세가율":null,
            "장기전세가율평균":80.59,
            "전세가율거품지수":null,
            "검색코드":108229,
            "세대수":69.0,
            "준공년월":"1992-06-11",
            "준공년차":31.0,
            "가까운역이름":"NA",
            "가까운역거리":"NA",
            "역세권여부":"NA",
            "30분이내주요거점역":"NA",
            "30분거점역이름":"NA",
            "1시간이내주요거점역":"NA",
            "1시간거점역이름":"NA",
            "3km이내백화점수":0,
            "5km이내아울렛몰수":0,
            "1km이내대형먀트수":0,
            "500m이내은행수":1,
            "500m이내병원수":4,
            "5km이내대형병원수":5,
            "500m이내공원수":9,
            "3km이내혐오시설수":0,
            "초등학교학업성취도":89.98,
            "중학교학업성취도":53.4,
            "용적률":0,
            "건폐율":0,
            "Y":34.794263,
            "X":126.399849,
            "rank":144.0,
            "area_info":"21평(71.19), 21평(71.28), 21평(72.61), 27평(91.48), 29평(98.06), 30평(100.87), 30평(102.41)",
            "last_sales":"2019-04-20,7700.0,29평(98.06)",
            "rank_history":[
                [
                    "202203",
                    144
                ],
                [
                    "202202",
                    9999
                ]
            ],
            "rank_gap":9999
        }
    ]
}