{
    "schema":{
        "fields":[
            {
                "name":"index",
                "type":"integer"
            },
            {
                "name":"아파트명",
                "type":"string"
            },
            {
                "name":"투자타입",
                "type":"string"
            },
            {
                "name":"전용면적(m2)",
                "type":"string"
            },
            {
                "name":"전용면적(평)",
                "type":"string"
            },
            {
                "name":"법정동주소",
                "type":"string"
            },
            {
                "name":"도로명주소",
                "type":"string"
            },
            {
                "name":"세대수",
                "type":"integer"
            },
            {
                "name":"입주년차",
                "type":"string"
            },
            {
                "name":"용적률점수",
                "type":"string"
            },
            {
                "name":"건폐율점수",
                "type":"string"
            },
            {
                "name":"세대당주차수",
                "type":"string"
            },
            {
                "name":"난방방식",
                "type":"string"
            },
            {
                "name":"공급면적",
                "type":"string"
            },
            {
                "name":"전용률",
                "type":"string"
            },
            {
                "name":"욕실수",
                "type":"string"
            },
            {
                "name":"현관타입",
                "type":"string"
            },
            {
                "name":"주거총점",
                "type":"number"
            },
            {
                "name":"지역구공급총점",
                "type":"number"
            },
            {
                "name":"역세권",
                "type":"string"
            },
            {
                "name":"30분내 이동가능 거점",
                "type":"string"
            },
            {
                "name":"1시간내 이동가능 거점",
                "type":"string"
            },
            {
                "name":"교통총점",
                "type":"string"
            },
            {
                "name":"백화점",
                "type":"integer"
            },
            {
                "name":"아울렛몰",
                "type":"integer"
            },
            {
                "name":"대형마트",
                "type":"integer"
            },
            {
                "name":"은행",
                "type":"integer"
            },
            {
                "name":"병원",
                "type":"integer"
            },
            {
                "name":"종합병원",
                "type":"integer"
            },
            {
                "name":"공원",
                "type":"integer"
            },
            {
                "name":"혐오시설",
                "type":"integer"
            },
            {
                "name":"인프라총점",
                "type":"number"
            },
            {
                "name":"초등학군",
                "type":"number"
            },
            {
                "name":"중학군",
                "type":"number"
            },
            {
                "name":"학군총점",
                "type":"number"
            },
            {
                "name":"인구수",
                "type":"number"
            },
            {
                "name":"인구증감",
                "type":"number"
            },
            {
                "name":"인구총점",
                "type":"number"
            },
            {
                "name":"일자리",
                "type":"number"
            },
            {
                "name":"소득수준",
                "type":"number"
            },
            {
                "name":"일자리총점",
                "type":"number"
            },
            {
                "name":"가치 총점",
                "type":"number"
            },
            {
                "name":"매매실거래년",
                "type":"string"
            },
            {
                "name":"매매실거래가",
                "type":"number"
            },
            {
                "name":"전세실거래년",
                "type":"number"
            },
            {
                "name":"전세실거래가",
                "type":"number"
            },
            {
                "name":"전세가율",
                "type":"number"
            },
            {
                "name":"장기전세가율평균",
                "type":"number"
            },
            {
                "name":"전세가율거품지수",
                "type":"number"
            },
            {
                "name":"검색코드",
                "type":"integer"
            },
            {
                "name":"세대수",
                "type":"number"
            },
            {
                "name":"준공년월",
                "type":"string"
            },
            {
                "name":"준공년차",
                "type":"number"
            },
            {
                "name":"가까운역이름",
                "type":"string"
            },
            {
                "name":"가까운역거리",
                "type":"string"
            },
            {
                "name":"역세권여부",
                "type":"string"
            },
            {
                "name":"30분이내주요거점역",
                "type":"string"
            },
            {
                "name":"30분거점역이름",
                "type":"string"
            },
            {
                "name":"1시간이내주요거점역",
                "type":"string"
            },
            {
                "name":"1시간거점역이름",
                "type":"string"
            },
            {
                "name":"3km이내백화점수",
                "type":"integer"
            },
            {
                "name":"5km이내아울렛몰수",
                "type":"integer"
            },
            {
                "name":"1km이내대형먀트수",
                "type":"integer"
            },
            {
                "name":"500m이내은행수",
                "type":"integer"
            },
            {
                "name":"500m이내병원수",
                "type":"integer"
            },
            {
                "name":"5km이내대형병원수",
                "type":"integer"
            },
            {
                "name":"500m이내공원수",
                "type":"integer"
            },
            {
                "name":"3km이내혐오시설수",
                "type":"integer"
            },
            {
                "name":"초등학교학업성취도",
                "type":"number"
            },
            {
                "name":"중학교학업성취도",
                "type":"number"
            },
            {
                "name":"용적률",
                "type":"integer"
            },
            {
                "name":"건폐율",
                "type":"integer"
            },
            {
                "name":"Y",
                "type":"number"
            },
            {
                "name":"X",
                "type":"number"
            },
            {
                "name":"rank",
                "type":"number"
            },
            {
                "name":"area_info",
                "type":"string"
            },
            {
                "name":"last_sales",
                "type":"string"
            },
            {
                "name":"rank_history",
                "type":"string"
            },
            {
                "name":"rank_gap",
                "type":"integer"
            }
        ],
        "primaryKey":[
            "index"
        ],
        "pandas_version":"1.4.0"
    },
    "data":[
        {
            "index":205,
            "아파트명":"순천왕지롯데캐슬",
            "투자타입":"일반",
            "전용면적(m2)":"114.45",
            "전용면적(평)":"34평",
            "법정동주소":"전라남도 순천시 왕지동 843",
            "도로명주소":"전라남도 순천시 왕지3길 60",
            "세대수":90,
            "입주년차":60,
            "용적률점수":"--",
            "건폐율점수":"--",
            "세대당주차수":80,
            "난방방식":30,
            "공급면적":"--",
            "전용률":"--",
            "욕실수":100,
            "현관타입":100,
            "주거총점":78.5,
            "지역구공급총점":0.0,
            "역세권":"NA",
            "30분내 이동가능 거점":"NA",
            "1시간내 이동가능 거점":"NA",
            "교통총점":"NA",
            "백화점":0,
            "아울렛몰":0,
            "대형마트":80,
            "은행":0,
            "병원":30,
            "종합병원":100,
            "공원":100,
            "혐오시설":0,
            "인프라총점":38.0,
            "초등학군":90.0,
            "중학군":47.18,
            "학군총점":55.744,
            "인구수":30.57,
            "인구증감":-0.33,
            "인구총점":21.3,
            "일자리":14.99,
            "소득수준":53.05,
            "일자리총점":26.408,
            "가치 총점":56.611,
            "매매실거래년":20220108.0,
            "매매실거래가":81000.0,
            "전세실거래년":20211206.0,
            "전세실거래가":15000.0,
            "전세가율":44.12,
            "장기전세가율평균":79.35,
            "전세가율거품지수":35.23,
            "검색코드":101249,
            "세대수":1161.0,
            "준공년월":"2009-09-28",
            "준공년차":14.0,
            "가까운역이름":"NA",
            "가까운역거리":"NA",
            "역세권여부":"NA",
            "30분이내주요거점역":"NA",
            "30분거점역이름":"NA",
            "1시간이내주요거점역":"NA",
            "1시간거점역이름":"NA",
            "3km이내백화점수":0,
            "5km이내아울렛몰수":0,
            "1km이내대형먀트수":1,
            "500m이내은행수":1,
            "500m이내병원수":5,
            "5km이내대형병원수":6,
            "500m이내공원수":10,
            "3km이내혐오시설수":0,
            "초등학교학업성취도":90.0,
            "중학교학업성취도":76.9,
            "용적률":239,
            "건폐율":22,
            "Y":34.974414,
            "X":127.527513,
            "rank":1.0,
            "area_info":"34평(114.45), 34평(114.76), 34평(114.55), 34평(114.45), 34평(114.76), 34평(114.55), 47평(155.91), 47평(155.91), 47평(156.16), 47평(156.16), 56평(187.25), 56평(187.25), 56평(188.3), 56평(188.3), 66평(219.33), 66평(219.33)",
            "last_sales":"2022-01-08,81000.0,66평(219.33)",
            "rank_history":[
                [
                    "202203",
                    1
                ],
                [
                    "202202",
                    1
                ],
                [
                    "202201",
                    1
                ]
            ],
            "rank_gap":0
        },
        {
            "index":358,
            "아파트명":"조례현대5차",
            "투자타입":"일반",
            "전용면적(m2)":"94.42",
            "전용면적(평)":"28평",
            "법정동주소":"전라남도 순천시 조례동 1362",
            "도로명주소":"전라남도 순천시 봉화1길 33",
            "세대수":80,
            "입주년차":20,
            "용적률점수":"--",
            "건폐율점수":"--",
            "세대당주차수":30,
            "난방방식":30,
            "공급면적":"--",
            "전용률":"--",
            "욕실수":100,
            "현관타입":100,
            "주거총점":59.5,
            "지역구공급총점":0.0,
            "역세권":"NA",
            "30분내 이동가능 거점":"NA",
            "1시간내 이동가능 거점":"NA",
            "교통총점":"NA",
            "백화점":0,
            "아울렛몰":0,
            "대형마트":100,
            "은행":70,
            "병원":80,
            "종합병원":100,
            "공원":100,
            "혐오시설":0,
            "인프라총점":53.0,
            "초등학군":90.0,
            "중학군":42.32,
            "학군총점":51.856,
            "인구수":30.57,
            "인구증감":-0.33,
            "인구총점":21.3,
            "일자리":14.99,
            "소득수준":53.05,
            "일자리총점":26.408,
            "가치 총점":54.989,
            "매매실거래년":20211220.0,
            "매매실거래가":24000.0,
            "전세실거래년":20211109.0,
            "전세실거래가":14000.0,
            "전세가율":70.0,
            "장기전세가율평균":79.35,
            "전세가율거품지수":9.35,
            "검색코드":14932,
            "세대수":706.0,
            "준공년월":"2000-06-16",
            "준공년차":23.0,
            "가까운역이름":"NA",
            "가까운역거리":"NA",
            "역세권여부":"NA",
            "30분이내주요거점역":"NA",
            "30분거점역이름":"NA",
            "1시간이내주요거점역":"NA",
            "1시간거점역이름":"NA",
            "3km이내백화점수":0,
            "5km이내아울렛몰수":0,
            "1km이내대형먀트수":2,
            "500m이내은행수":3,
            "500m이내병원수":32,
            "5km이내대형병원수":6,
            "500m이내공원수":6,
            "3km이내혐오시설수":0,
            "초등학교학업성취도":90.0,
            "중학교학업성취도":69.0,
            "용적률":267,
            "건폐율":19,
            "Y":34.954986,
            "X":127.51327,
            "rank":2.0,
            "area_info":"28평(94.42), 31평(103.95), 37평(123.11), 50평(166.2), 59평(197.79)",
            "last_sales":"2021-12-20,24000.0,37평(123.11)",
            "rank_history":[
                [
                    "202203",
                    2
                ],
                [
                    "202202",
                    2
                ],
                [
                    "202201",
                    3
                ]
            ],
            "rank_gap":0
        },
        {
            "index":319,
            "아파트명":"조례대광로제비앙",
            "투자타입":"일반",
            "전용면적(m2)":"97.61",
            "전용면적(평)":"29평",
            "법정동주소":"전라남도 순천시 조례동 1882",
            "도로명주소":"전라남도 순천시 봉화1길 17",
            "세대수":50,
            "입주년차":100,
            "용적률점수":"--",
            "건폐율점수":"--",
            "세대당주차수":30,
            "난방방식":30,
            "공급면적":"--",
            "전용률":"--",
            "욕실수":100,
            "현관타입":100,
            "주거총점":65.0,
            "지역구공급총점":0.0,
            "역세권":"NA",
            "30분내 이동가능 거점":"NA",
            "1시간내 이동가능 거점":"NA",
            "교통총점":"NA",
            "백화점":0,
            "아울렛몰":0,
            "대형마트":80,
            "은행":70,
            "병원":60,
            "종합병원":100,
            "공원":100,
            "혐오시설":0,
            "인프라총점":48.0,
            "초등학군":89.97,
            "중학군":42.32,
            "학군총점":51.85,
            "인구수":30.57,
            "인구증감":-0.33,
            "인구총점":21.3,
            "일자리":14.99,
            "소득수준":53.05,
            "일자리총점":26.408,
            "가치 총점":54.9125,
            "매매실거래년":20220113.0,
            "매매실거래가":30000.0,
            "전세실거래년":20211211.0,
            "전세실거래가":28000.0,
            "전세가율":93.33,
            "장기전세가율평균":79.35,
            "전세가율거품지수":-13.98,
            "검색코드":113329,
            "세대수":490.0,
            "준공년월":"2019-02-28",
            "준공년차":4.0,
            "가까운역이름":"NA",
            "가까운역거리":"NA",
            "역세권여부":"NA",
            "30분이내주요거점역":"NA",
            "30분거점역이름":"NA",
            "1시간이내주요거점역":"NA",
            "1시간거점역이름":"NA",
            "3km이내백화점수":0,
            "5km이내아울렛몰수":0,
            "1km이내대형먀트수":1,
            "500m이내은행수":3,
            "500m이내병원수":17,
            "5km이내대형병원수":6,
            "500m이내공원수":9,
            "3km이내혐오시설수":0,
            "초등학교학업성취도":89.97,
            "중학교학업성취도":69.0,
            "용적률":161,
            "건폐율":17,
            "Y":34.95283,
            "X":127.512531,
            "rank":3.0,
            "area_info":"29평(97.61), 29평(98.34), 33평(110.62), 33평(111.12), 38평(127.77), 38평(127.83)",
            "last_sales":"2022-01-13,30000.0,29평(97.61)",
            "rank_history":[
                [
                    "202203",
                    3
                ],
                [
                    "202202",
                    3
                ],
                [
                    "202201",
                    2
                ]
            ],
            "rank_gap":0
        },
        {
            "index":179,
            "아파트명":"순천두산위브1단지",
            "투자타입":"일반",
            "전용면적(m2)":"109.3",
            "전용면적(평)":"33평",
            "법정동주소":"전라남도 순천시 왕지동 891",
            "도로명주소":"전라남도 순천시 왕지3길 55",
            "세대수":80,
            "입주년차":60,
            "용적률점수":"--",
            "건폐율점수":"--",
            "세대당주차수":60,
            "난방방식":30,
            "공급면적":"--",
            "전용률":"--",
            "욕실수":100,
            "현관타입":100,
            "주거총점":72.0,
            "지역구공급총점":0.0,
            "역세권":"NA",
            "30분내 이동가능 거점":"NA",
            "1시간내 이동가능 거점":"NA",
            "교통총점":"NA",
            "백화점":0,
            "아울렛몰":0,
            "대형마트":80,
            "은행":0,
            "병원":30,
            "종합병원":100,
            "공원":100,
            "혐오시설":0,
            "인프라총점":38.0,
            "초등학군":90.0,
            "중학군":47.18,
            "학군총점":55.744,
            "인구수":30.57,
            "인구증감":-0.33,
            "인구총점":21.3,
            "일자리":14.99,
            "소득수준":53.05,
            "일자리총점":26.408,
            "가치 총점":54.336,
            "매매실거래년":20220106.0,
            "매매실거래가":81000.0,
            "전세실거래년":20210531.0,
            "전세실거래가":35000.0,
            "전세가율":82.35,
            "장기전세가율평균":79.35,
            "전세가율거품지수":-3.0,
            "검색코드":102304,
            "세대수":823.0,
            "준공년월":"2011-01-27",
            "준공년차":12.0,
            "가까운역이름":"NA",
            "가까운역거리":"NA",
            "역세권여부":"NA",
            "30분이내주요거점역":"NA",
            "30분거점역이름":"NA",
            "1시간이내주요거점역":"NA",
            "1시간거점역이름":"NA",
            "3km이내백화점수":0,
            "5km이내아울렛몰수":0,
            "1km이내대형먀트수":1,
            "500m이내은행수":0,
            "500m이내병원수":5,
            "5km이내대형병원수":6,
            "500m이내공원수":8,
            "3km이내혐오시설수":0,
            "초등학교학업성취도":90.0,
            "중학교학업성취도":76.9,
            "용적률":249,
            "건폐율":16,
            "Y":34.97553,
            "X":127.524571,
            "rank":4.0,
            "area_info":"33평(109.3), 33평(110.4), 33평(110.78), 33평(110.78), 33평(111.45), 33평(111.07), 39평(130.53), 39평(130.13), 39평(130.36), 45평(149.25), 45평(149.26), 45평(150.34), 51평(170.53), 52평(172.4), 61평(202.7)",
            "last_sales":"2022-01-06,81000.0,52평(172.4)",
            "rank_history":[
                [
                    "202203",
                    4
                ],
                [
                    "202202",
                    4
                ],
                [
                    "202201",
                    5
                ]
            ],
            "rank_gap":0
        },
        {
            "index":439,
            "아파트명":"중흥에코시티8단지",
            "투자타입":"일반",
            "전용면적(m2)":"109.91",
            "전용면적(평)":"33평",
            "법정동주소":"전라남도 순천시 해룡면 신대리 1969",
            "도로명주소":"전라남도 순천시 신대로 147",
            "세대수":90,
            "입주년차":80,
            "용적률점수":"--",
            "건폐율점수":"--",
            "세대당주차수":60,
            "난방방식":30,
            "공급면적":"--",
            "전용률":"--",
            "욕실수":100,
            "현관타입":100,
            "주거총점":79.5,
            "지역구공급총점":0.0,
            "역세권":"NA",
            "30분내 이동가능 거점":"NA",
            "1시간내 이동가능 거점":"NA",
            "교통총점":"NA",
            "백화점":0,
            "아울렛몰":0,
            "대형마트":0,
            "은행":0,
            "병원":60,
            "종합병원":100,
            "공원":100,
            "혐오시설":0,
            "인프라총점":29.0,
            "초등학군":90.0,
            "중학군":48.84,
            "학군총점":57.072,
            "인구수":30.57,
            "인구증감":-0.33,
            "인구총점":21.3,
            "일자리":14.99,
            "소득수준":53.05,
            "일자리총점":26.408,
            "가치 총점":53.693,
            "매매실거래년":20220221.0,
            "매매실거래가":54500.0,
            "전세실거래년":20211204.0,
            "전세실거래가":34000.0,
            "전세가율":62.39,
            "장기전세가율평균":79.35,
            "전세가율거품지수":16.96,
            "검색코드":113147,
            "세대수":931.0,
            "준공년월":"2018-07-13",
            "준공년차":5.0,
            "가까운역이름":"NA",
            "가까운역거리":"NA",
            "역세권여부":"NA",
            "30분이내주요거점역":"NA",
            "30분거점역이름":"NA",
            "1시간이내주요거점역":"NA",
            "1시간거점역이름":"NA",
            "3km이내백화점수":0,
            "5km이내아울렛몰수":0,
            "1km이내대형먀트수":0,
            "500m이내은행수":1,
            "500m이내병원수":17,
            "5km이내대형병원수":4,
            "500m이내공원수":3,
            "3km이내혐오시설수":0,
            "초등학교학업성취도":90.0,
            "중학교학업성취도":81.0,
            "용적률":246,
            "건폐율":15,
            "Y":34.938283,
            "X":127.548829,
            "rank":5.0,
            "area_info":"33평(109.91), 33평(110.11), 40평(134.77), 43평(142.56)",
            "last_sales":"2022-02-21,54500.0,33평(109.91)",
            "rank_history":[
                [
                    "202203",
                    5
                ],
                [
                    "202202",
                    5
                ],
                [
                    "202201",
                    4
                ]
            ],
            "rank_gap":0
        },
        {
            "index":76,
            "아파트명":"신매곡서한이다음1단지",
            "투자타입":"일반",
            "전용면적(m2)":"82.02",
            "전용면적(평)":"24평",
            "법정동주소":"전라남도 순천시 매곡동 575",
            "도로명주소":"전라남도 순천시 삼산초등길 20",
            "세대수":80,
            "입주년차":100,
            "용적률점수":"--",
            "건폐율점수":"--",
            "세대당주차수":30,
            "난방방식":30,
            "공급면적":"--",
            "전용률":"--",
            "욕실수":100,
            "현관타입":100,
            "주거총점":75.5,
            "지역구공급총점":0.0,
            "역세권":"NA",
            "30분내 이동가능 거점":"NA",
            "1시간내 이동가능 거점":"NA",
            "교통총점":"NA",
            "백화점":0,
            "아울렛몰":0,
            "대형마트":80,
            "은행":0,
            "병원":0,
            "종합병원":100,
            "공원":100,
            "혐오시설":0,
            "인프라총점":35.0,
            "초등학군":90.02,
            "중학군":42.56,
            "학군총점":52.052,
            "인구수":30.57,
            "인구증감":-0.33,
            "인구총점":21.3,
            "일자리":14.99,
            "소득수준":53.05,
            "일자리총점":26.408,
            "가치 총점":53.438,
            "매매실거래년":20200731.0,
            "매매실거래가":28900.0,
            "전세실거래년":null,
            "전세실거래가":null,
            "전세가율":null,
            "장기전세가율평균":79.35,
            "전세가율거품지수":null,
            "검색코드":120319,
            "세대수":725.0,
            "준공년월":"2020-07-01",
            "준공년차":3.0,
            "가까운역이름":"NA",
            "가까운역거리":"NA",
            "역세권여부":"NA",
            "30분이내주요거점역":"NA",
            "30분거점역이름":"NA",
            "1시간이내주요거점역":"NA",
            "1시간거점역이름":"NA",
            "3km이내백화점수":0,
            "5km이내아울렛몰수":0,
            "1km이내대형먀트수":1,
            "500m이내은행수":1,
            "500m이내병원수":1,
            "5km이내대형병원수":5,
            "500m이내공원수":9,
            "3km이내혐오시설수":0,
            "초등학교학업성취도":90.02,
            "중학교학업성취도":70.4,
            "용적률":0,
            "건폐율":0,
            "Y":34.964786,
            "X":127.486834,
            "rank":6.0,
            "area_info":"24평(82.02), 27평(91.86), 32평(108.68), 33평(109.99), 33평(109.29), 33평(111.77), 33평(111.32), 36평(119.97), 43평(142.63), 43평(145.22)",
            "last_sales":"2020-07-31,28900.0,33평(111.32)",
            "rank_history":[
                [
                    "202203",
                    6
                ],
                [
                    "202202",
                    6
                ],
                [
                    "202201",
                    19
                ]
            ],
            "rank_gap":0
        },
        {
            "index":423,
            "아파트명":"중흥S-클래스메가타운6단지",
            "투자타입":"일반",
            "전용면적(m2)":"79.99",
            "전용면적(평)":"24평",
            "법정동주소":"전라남도 순천시 해룡면 신대리 1968",
            "도로명주소":"전라남도 순천시 좌야로 135",
            "세대수":100,
            "입주년차":80,
            "용적률점수":"--",
            "건폐율점수":"--",
            "세대당주차수":30,
            "난방방식":30,
            "공급면적":"--",
            "전용률":"--",
            "욕실수":100,
            "현관타입":100,
            "주거총점":78.5,
            "지역구공급총점":0.0,
            "역세권":"NA",
            "30분내 이동가능 거점":"NA",
            "1시간내 이동가능 거점":"NA",
            "교통총점":"NA",
            "백화점":0,
            "아울렛몰":0,
            "대형마트":0,
            "은행":0,
            "병원":60,
            "종합병원":100,
            "공원":100,
            "혐오시설":0,
            "인프라총점":29.0,
            "초등학군":90.0,
            "중학군":48.84,
            "학군총점":57.072,
            "인구수":30.57,
            "인구증감":-0.33,
            "인구총점":21.3,
            "일자리":14.99,
            "소득수준":53.05,
            "일자리총점":26.408,
            "가치 총점":53.343,
            "매매실거래년":20220212.0,
            "매매실거래가":27000.0,
            "전세실거래년":20220115.0,
            "전세실거래가":24000.0,
            "전세가율":88.89,
            "장기전세가율평균":79.35,
            "전세가율거품지수":-9.54,
            "검색코드":105572,
            "세대수":1842.0,
            "준공년월":"2015-06-26",
            "준공년차":8.0,
            "가까운역이름":"NA",
            "가까운역거리":"NA",
            "역세권여부":"NA",
            "30분이내주요거점역":"NA",
            "30분거점역이름":"NA",
            "1시간이내주요거점역":"NA",
            "1시간거점역이름":"NA",
            "3km이내백화점수":0,
            "5km이내아울렛몰수":0,
            "1km이내대형먀트수":0,
            "500m이내은행수":1,
            "500m이내병원수":10,
            "5km이내대형병원수":4,
            "500m이내공원수":5,
            "3km이내혐오시설수":0,
            "초등학교학업성취도":90.0,
            "중학교학업성취도":81.0,
            "용적률":229,
            "건폐율":15,
            "Y":34.936236,
            "X":127.54367,
            "rank":7.0,
            "area_info":"24평(79.99), 30평(99.53), 30평(99.53), 34평(112.69), 33평(112.38), 42평(140.3)",
            "last_sales":"2022-02-12,27000.0,24평(79.99)",
            "rank_history":[
                [
                    "202203",
                    7
                ],
                [
                    "202202",
                    7
                ],
                [
                    "202201",
                    8
                ]
            ],
            "rank_gap":0
        },
        {
            "index":419,
            "아파트명":"중흥S-클래스5단지",
            "투자타입":"일반",
            "전용면적(m2)":"80.05",
            "전용면적(평)":"24평",
            "법정동주소":"전라남도 순천시 해룡면 신대리 2003",
            "도로명주소":"전라남도 순천시 신대로 97",
            "세대수":100,
            "입주년차":80,
            "용적률점수":"--",
            "건폐율점수":"--",
            "세대당주차수":30,
            "난방방식":30,
            "공급면적":"--",
            "전용률":"--",
            "욕실수":100,
            "현관타입":100,
            "주거총점":78.5,
            "지역구공급총점":0.0,
            "역세권":"NA",
            "30분내 이동가능 거점":"NA",
            "1시간내 이동가능 거점":"NA",
            "교통총점":"NA",
            "백화점":0,
            "아울렛몰":0,
            "대형마트":0,
            "은행":0,
            "병원":60,
            "종합병원":100,
            "공원":100,
            "혐오시설":0,
            "인프라총점":29.0,
            "초등학군":90.0,
            "중학군":48.84,
            "학군총점":57.072,
            "인구수":30.57,
            "인구증감":-0.33,
            "인구총점":21.3,
            "일자리":14.99,
            "소득수준":53.05,
            "일자리총점":26.408,
            "가치 총점":53.343,
            "매매실거래년":20220121.0,
            "매매실거래가":26500.0,
            "전세실거래년":20220214.0,
            "전세실거래가":22050.0,
            "전세가율":83.21,
            "장기전세가율평균":79.35,
            "전세가율거품지수":-3.86,
            "검색코드":130503,
            "세대수":1606.0,
            "준공년월":"2014-05-20",
            "준공년차":9.0,
            "가까운역이름":"NA",
            "가까운역거리":"NA",
            "역세권여부":"NA",
            "30분이내주요거점역":"NA",
            "30분거점역이름":"NA",
            "1시간이내주요거점역":"NA",
            "1시간거점역이름":"NA",
            "3km이내백화점수":0,
            "5km이내아울렛몰수":0,
            "1km이내대형먀트수":0,
            "500m이내은행수":1,
            "500m이내병원수":21,
            "5km이내대형병원수":4,
            "500m이내공원수":5,
            "3km이내혐오시설수":0,
            "초등학교학업성취도":90.0,
            "중학교학업성취도":81.0,
            "용적률":233,
            "건폐율":16,
            "Y":34.932837,
            "X":127.546885,
            "rank":7.0,
            "area_info":"24평(80.05), 24평(80.23), 28평(94.37), 33평(112.1)",
            "last_sales":"2022-01-21,26500.0,24평(80.05)",
            "rank_history":[
                [
                    "202203",
                    7
                ],
                [
                    "202202",
                    7
                ],
                [
                    "202201",
                    7
                ]
            ],
            "rank_gap":0
        },
        {
            "index":256,
            "아파트명":"골드클래스시그니처",
            "투자타입":"일반",
            "전용면적(m2)":"106.88",
            "전용면적(평)":"32평",
            "법정동주소":"전라남도 순천시 조례동 1885",
            "도로명주소":"전라남도 순천시 태봉길 31",
            "세대수":50,
            "입주년차":100,
            "용적률점수":"--",
            "건폐율점수":"--",
            "세대당주차수":30,
            "난방방식":30,
            "공급면적":"--",
            "전용률":"--",
            "욕실수":100,
            "현관타입":100,
            "주거총점":65.0,
            "지역구공급총점":0.0,
            "역세권":"NA",
            "30분내 이동가능 거점":"NA",
            "1시간내 이동가능 거점":"NA",
            "교통총점":"NA",
            "백화점":0,
            "아울렛몰":0,
            "대형마트":100,
            "은행":0,
            "병원":60,
            "종합병원":100,
            "공원":100,
            "혐오시설":0,
            "인프라총점":44.0,
            "초등학군":90.06,
            "중학군":42.32,
            "학군총점":51.868,
            "인구수":30.57,
            "인구증감":-0.33,
            "인구총점":21.3,
            "일자리":14.99,
            "소득수준":53.05,
            "일자리총점":26.408,
            "가치 총점":53.317,
            "매매실거래년":"18000101",
            "매매실거래가":null,
            "전세실거래년":null,
            "전세실거래가":null,
            "전세가율":null,
            "장기전세가율평균":79.35,
            "전세가율거품지수":null,
            "검색코드":126723,
            "세대수":413.0,
            "준공년월":"2021-07-19",
            "준공년차":2.0,
            "가까운역이름":"NA",
            "가까운역거리":"NA",
            "역세권여부":"NA",
            "30분이내주요거점역":"NA",
            "30분거점역이름":"NA",
            "1시간이내주요거점역":"NA",
            "1시간거점역이름":"NA",
            "3km이내백화점수":0,
            "5km이내아울렛몰수":0,
            "1km이내대형먀트수":2,
            "500m이내은행수":0,
            "500m이내병원수":25,
            "5km이내대형병원수":6,
            "500m이내공원수":6,
            "3km이내혐오시설수":0,
            "초등학교학업성취도":90.06,
            "중학교학업성취도":69.0,
            "용적률":225,
            "건폐율":31,
            "Y":34.959441,
            "X":127.523569,
            "rank":8.0,
            "area_info":"32평(106.88), 32평(106.88), 32평(107.02), 43평(143.82)",
            "last_sales":"1800-01-01,nan,32평(106.88)",
            "rank_history":[
                [
                    "202203",
                    8
                ],
                [
                    "202202",
                    8
                ],
                [
                    "202201",
                    6
                ]
            ],
            "rank_gap":0
        },
        {
            "index":239,
            "아파트명":"용당피오레",
            "투자타입":"일반",
            "전용면적(m2)":"121.95",
            "전용면적(평)":"36평",
            "법정동주소":"전라남도 순천시 용당동 748",
            "도로명주소":"전라남도 순천시 삼산로 92-50",
            "세대수":90,
            "입주년차":60,
            "용적률점수":"--",
            "건폐율점수":"--",
            "세대당주차수":60,
            "난방방식":30,
            "공급면적":"--",
            "전용률":"--",
            "욕실수":100,
            "현관타입":50,
            "주거총점":70.5,
            "지역구공급총점":0.0,
            "역세권":"NA",
            "30분내 이동가능 거점":"NA",
            "1시간내 이동가능 거점":"NA",
            "교통총점":"NA",
            "백화점":0,
            "아울렛몰":0,
            "대형마트":80,
            "은행":0,
            "병원":10,
            "종합병원":100,
            "공원":100,
            "혐오시설":0,
            "인프라총점":36.0,
            "초등학군":89.97,
            "중학군":44.1,
            "학군총점":53.274,
            "인구수":30.57,
            "인구증감":-0.33,
            "인구총점":21.3,
            "일자리":14.99,
            "소득수준":53.05,
            "일자리총점":26.408,
            "가치 총점":52.3935,
            "매매실거래년":20220119.0,
            "매매실거래가":43000.0,
            "전세실거래년":20220225.0,
            "전세실거래가":15000.0,
            "전세가율":47.02,
            "장기전세가율평균":79.35,
            "전세가율거품지수":32.33,
            "검색코드":108788,
            "세대수":1055.0,
            "준공년월":"2012-11-27",
            "준공년차":11.0,
            "가까운역이름":"NA",
            "가까운역거리":"NA",
            "역세권여부":"NA",
            "30분이내주요거점역":"NA",
            "30분거점역이름":"NA",
            "1시간이내주요거점역":"NA",
            "1시간거점역이름":"NA",
            "3km이내백화점수":0,
            "5km이내아울렛몰수":0,
            "1km이내대형먀트수":1,
            "500m이내은행수":0,
            "500m이내병원수":2,
            "5km이내대형병원수":6,
            "500m이내공원수":4,
            "3km이내혐오시설수":0,
            "초등학교학업성취도":89.97,
            "중학교학업성취도":73.5,
            "용적률":225,
            "건폐율":15,
            "Y":34.96911,
            "X":127.49527,
            "rank":9.0,
            "area_info":"36평(121.95), 36평(121.87), 39평(129.78), 43평(143.26)",
            "last_sales":"2022-01-19,43000.0,43평(143.26)",
            "rank_history":[
                [
                    "202203",
                    9
                ],
                [
                    "202202",
                    9
                ],
                [
                    "202201",
                    21
                ]
            ],
            "rank_gap":0
        },
        {
            "index":139,
            "아파트명":"송보파인빌",
            "투자타입":"일반",
            "전용면적(m2)":"113.57",
            "전용면적(평)":"34평",
            "법정동주소":"전라남도 순천시 연향동 1746",
            "도로명주소":"전라남도 순천시 구암3길 22",
            "세대수":80,
            "입주년차":80,
            "용적률점수":"--",
            "건폐율점수":"--",
            "세대당주차수":30,
            "난방방식":30,
            "공급면적":"--",
            "전용률":"--",
            "욕실수":100,
            "현관타입":100,
            "주거총점":71.5,
            "지역구공급총점":0.0,
            "역세권":"NA",
            "30분내 이동가능 거점":"NA",
            "1시간내 이동가능 거점":"NA",
            "교통총점":"NA",
            "백화점":0,
            "아울렛몰":0,
            "대형마트":100,
            "은행":0,
            "병원":0,
            "종합병원":100,
            "공원":100,
            "혐오시설":0,
            "인프라총점":38.0,
            "초등학군":89.97,
            "중학군":36.36,
            "학군총점":47.082,
            "인구수":30.57,
            "인구증감":-0.33,
            "인구총점":21.3,
            "일자리":14.99,
            "소득수준":53.05,
            "일자리총점":26.408,
            "가치 총점":51.9955,
            "매매실거래년":20220122.0,
            "매매실거래가":34900.0,
            "전세실거래년":20151027.0,
            "전세실거래가":16000.0,
            "전세가율":48.93,
            "장기전세가율평균":79.35,
            "전세가율거품지수":30.42,
            "검색코드":140683,
            "세대수":757.0,
            "준공년월":"2015-05-28",
            "준공년차":8.0,
            "가까운역이름":"NA",
            "가까운역거리":"NA",
            "역세권여부":"NA",
            "30분이내주요거점역":"NA",
            "30분거점역이름":"NA",
            "1시간이내주요거점역":"NA",
            "1시간거점역이름":"NA",
            "3km이내백화점수":0,
            "5km이내아울렛몰수":0,
            "1km이내대형먀트수":2,
            "500m이내은행수":0,
            "500m이내병원수":1,
            "5km이내대형병원수":6,
            "500m이내공원수":12,
            "3km이내혐오시설수":0,
            "초등학교학업성취도":89.97,
            "중학교학업성취도":58.6,
            "용적률":208,
            "건폐율":18,
            "Y":34.946656,
            "X":127.510736,
            "rank":10.0,
            "area_info":"34평(113.57), 34평(113.91), 34평(113.38), 34평(114.62)",
            "last_sales":"2022-01-22,34900.0,34평(114.62)",
            "rank_history":[
                [
                    "202203",
                    10
                ],
                [
                    "202202",
                    10
                ],
                [
                    "202201",
                    10
                ]
            ],
            "rank_gap":0
        },
        {
            "index":303,
            "아파트명":"순천조례동영무예다음",
            "투자타입":"일반",
            "전용면적(m2)":"110.72",
            "전용면적(평)":"33평",
            "법정동주소":"전라남도 순천시 조례동 1884",
            "도로명주소":"전라남도 순천시 장승길 27",
            "세대수":30,
            "입주년차":100,
            "용적률점수":"--",
            "건폐율점수":"--",
            "세대당주차수":30,
            "난방방식":30,
            "공급면적":"--",
            "전용률":"--",
            "욕실수":100,
            "현관타입":100,
            "주거총점":58.0,
            "지역구공급총점":0.0,
            "역세권":"NA",
            "30분내 이동가능 거점":"NA",
            "1시간내 이동가능 거점":"NA",
            "교통총점":"NA",
            "백화점":0,
            "아울렛몰":0,
            "대형마트":100,
            "은행":0,
            "병원":80,
            "종합병원":100,
            "공원":100,
            "혐오시설":0,
            "인프라총점":46.0,
            "초등학군":90.06,
            "중학군":42.32,
            "학군총점":51.868,
            "인구수":30.57,
            "인구증감":-0.33,
            "인구총점":21.3,
            "일자리":14.99,
            "소득수준":53.05,
            "일자리총점":26.408,
            "가치 총점":51.667,
            "매매실거래년":20220129.0,
            "매매실거래가":39000.0,
            "전세실거래년":20211021.0,
            "전세실거래가":28300.0,
            "전세가율":72.56,
            "장기전세가율평균":79.35,
            "전세가율거품지수":6.79,
            "검색코드":115999,
            "세대수":310.0,
            "준공년월":"2019-04-26",
            "준공년차":4.0,
            "가까운역이름":"NA",
            "가까운역거리":"NA",
            "역세권여부":"NA",
            "30분이내주요거점역":"NA",
            "30분거점역이름":"NA",
            "1시간이내주요거점역":"NA",
            "1시간거점역이름":"NA",
            "3km이내백화점수":0,
            "5km이내아울렛몰수":0,
            "1km이내대형먀트수":2,
            "500m이내은행수":0,
            "500m이내병원수":48,
            "5km이내대형병원수":6,
            "500m이내공원수":6,
            "3km이내혐오시설수":0,
            "초등학교학업성취도":90.06,
            "중학교학업성취도":69.0,
            "용적률":237,
            "건폐율":27,
            "Y":34.957016,
            "X":127.522644,
            "rank":11.0,
            "area_info":"33평(110.72), 33평(111.87)",
            "last_sales":"2022-01-29,39000.0,33평(110.72)",
            "rank_history":[
                [
                    "202203",
                    11
                ],
                [
                    "202202",
                    11
                ],
                [
                    "202201",
                    12
                ]
            ],
            "rank_gap":0
        },
        {
            "index":299,
            "아파트명":"순천조례대주파크빌3차",
            "투자타입":"일반",
            "전용면적(m2)":"85.13",
            "전용면적(평)":"25평",
            "법정동주소":"전라남도 순천시 조례동 372-1",
            "도로명주소":"전라남도 순천시 조례연동길 5",
            "세대수":90,
            "입주년차":40,
            "용적률점수":"--",
            "건폐율점수":"--",
            "세대당주차수":30,
            "난방방식":30,
            "공급면적":"--",
            "전용률":"--",
            "욕실수":100,
            "현관타입":100,
            "주거총점":67.0,
            "지역구공급총점":0.0,
            "역세권":"NA",
            "30분내 이동가능 거점":"NA",
            "1시간내 이동가능 거점":"NA",
            "교통총점":"NA",
            "백화점":0,
            "아울렛몰":0,
            "대형마트":80,
            "은행":0,
            "병원":10,
            "종합병원":100,
            "공원":100,
            "혐오시설":0,
            "인프라총점":36.0,
            "초등학군":90.06,
            "중학군":45.78,
            "학군총점":54.636,
            "인구수":30.57,
            "인구증감":-0.33,
            "인구총점":21.3,
            "일자리":14.99,
            "소득수준":53.05,
            "일자리총점":26.408,
            "가치 총점":51.509,
            "매매실거래년":20220126.0,
            "매매실거래가":24000.0,
            "전세실거래년":20211008.0,
            "전세실거래가":13000.0,
            "전세가율":66.67,
            "장기전세가율평균":79.35,
            "전세가율거품지수":12.68,
            "검색코드":19529,
            "세대수":1097.0,
            "준공년월":"2005-12-01",
            "준공년차":18.0,
            "가까운역이름":"NA",
            "가까운역거리":"NA",
            "역세권여부":"NA",
            "30분이내주요거점역":"NA",
            "30분거점역이름":"NA",
            "1시간이내주요거점역":"NA",
            "1시간거점역이름":"NA",
            "3km이내백화점수":0,
            "5km이내아울렛몰수":0,
            "1km이내대형먀트수":1,
            "500m이내은행수":0,
            "500m이내병원수":3,
            "5km이내대형병원수":6,
            "500m이내공원수":2,
            "3km이내혐오시설수":0,
            "초등학교학업성취도":90.06,
            "중학교학업성취도":76.3,
            "용적률":216,
            "건폐율":19,
            "Y":34.959349,
            "X":127.526931,
            "rank":12.0,
            "area_info":"25평(85.13), 25평(85.04), 31평(104.63), 35평(115.78)",
            "last_sales":"2022-01-26,24000.0,35평(115.78)",
            "rank_history":[
                [
                    "202203",
                    12
                ],
                [
                    "202202",
                    12
                ],
                [
                    "202201",
                    13
                ]
            ],
            "rank_gap":0
        },
        {
            "index":221,
            "아파트명":"e편한세상순천1단지",
            "투자타입":"일반",
            "전용면적(m2)":"109.2",
            "전용면적(평)":"33평",
            "법정동주소":"전라남도 순천시 용당동 764",
            "도로명주소":"전라남도 순천시 용당삼산로 29",
            "세대수":50,
            "입주년차":100,
            "용적률점수":"--",
            "건폐율점수":"--",
            "세대당주차수":30,
            "난방방식":30,
            "공급면적":"--",
            "전용률":"--",
            "욕실수":100,
            "현관타입":100,
            "주거총점":65.0,
            "지역구공급총점":0.0,
            "역세권":"NA",
            "30분내 이동가능 거점":"NA",
            "1시간내 이동가능 거점":"NA",
            "교통총점":"NA",
            "백화점":0,
            "아울렛몰":0,
            "대형마트":80,
            "은행":0,
            "병원":30,
            "종합병원":100,
            "공원":100,
            "혐오시설":0,
            "인프라총점":38.0,
            "초등학군":89.97,
            "중학군":44.1,
            "학군총점":53.274,
            "인구수":30.57,
            "인구증감":-0.33,
            "인구총점":21.3,
            "일자리":14.99,
            "소득수준":53.05,
            "일자리총점":26.408,
            "가치 총점":51.2685,
            "매매실거래년":20200909.0,
            "매매실거래가":32183.0,
            "전세실거래년":null,
            "전세실거래가":null,
            "전세가율":null,
            "장기전세가율평균":79.35,
            "전세가율거품지수":null,
            "검색코드":122020,
            "세대수":571.0,
            "준공년월":"2020-06-01",
            "준공년차":3.0,
            "가까운역이름":"NA",
            "가까운역거리":"NA",
            "역세권여부":"NA",
            "30분이내주요거점역":"NA",
            "30분거점역이름":"NA",
            "1시간이내주요거점역":"NA",
            "1시간거점역이름":"NA",
            "3km이내백화점수":0,
            "5km이내아울렛몰수":0,
            "1km이내대형먀트수":1,
            "500m이내은행수":0,
            "500m이내병원수":5,
            "5km이내대형병원수":5,
            "500m이내공원수":8,
            "3km이내혐오시설수":0,
            "초등학교학업성취도":89.97,
            "중학교학업성취도":73.5,
            "용적률":228,
            "건폐율":20,
            "Y":34.974736,
            "X":127.487547,
            "rank":13.0,
            "area_info":"33평(109.2), 33평(110.16), 42평(139.67), 42평(140.63)",
            "last_sales":"2020-09-09,32183.0,33평(109.2)",
            "rank_history":[
                [
                    "202203",
                    13
                ],
                [
                    "202202",
                    13
                ],
                [
                    "202201",
                    24
                ]
            ],
            "rank_gap":0
        },
        {
            "index":433,
            "아파트명":"중흥에듀힐스9단지",
            "투자타입":"일반",
            "전용면적(m2)":"81.72",
            "전용면적(평)":"24평",
            "법정동주소":"전라남도 순천시 해룡면 신대리 1965",
            "도로명주소":"전라남도 순천시 좌야로 159-14",
            "세대수":90,
            "입주년차":100,
            "용적률점수":"--",
            "건폐율점수":"--",
            "세대당주차수":30,
            "난방방식":30,
            "공급면적":"--",
            "전용률":"--",
            "욕실수":100,
            "현관타입":100,
            "주거총점":79.0,
            "지역구공급총점":0.0,
            "역세권":"NA",
            "30분내 이동가능 거점":"NA",
            "1시간내 이동가능 거점":"NA",
            "교통총점":"NA",
            "백화점":0,
            "아울렛몰":0,
            "대형마트":0,
            "은행":0,
            "병원":0,
            "종합병원":100,
            "공원":100,
            "혐오시설":0,
            "인프라총점":23.0,
            "초등학군":90.0,
            "중학군":48.84,
            "학군총점":57.072,
            "인구수":30.57,
            "인구증감":-0.33,
            "인구총점":21.3,
            "일자리":14.99,
            "소득수준":53.05,
            "일자리총점":26.408,
            "가치 총점":51.118,
            "매매실거래년":20220215.0,
            "매매실거래가":30000.0,
            "전세실거래년":20220223.0,
            "전세실거래가":23000.0,
            "전세가율":76.67,
            "장기전세가율평균":79.35,
            "전세가율거품지수":2.68,
            "검색코드":115683,
            "세대수":1464.0,
            "준공년월":"2019-07-17",
            "준공년차":4.0,
            "가까운역이름":"NA",
            "가까운역거리":"NA",
            "역세권여부":"NA",
            "30분이내주요거점역":"NA",
            "30분거점역이름":"NA",
            "1시간이내주요거점역":"NA",
            "1시간거점역이름":"NA",
            "3km이내백화점수":0,
            "5km이내아울렛몰수":0,
            "1km이내대형먀트수":0,
            "500m이내은행수":0,
            "500m이내병원수":1,
            "5km이내대형병원수":4,
            "500m이내공원수":2,
            "3km이내혐오시설수":0,
            "초등학교학업성취도":90.0,
            "중학교학업성취도":81.0,
            "용적률":205,
            "건폐율":13,
            "Y":34.939383,
            "X":127.54397,
            "rank":14.0,
            "area_info":"24평(81.72), 24평(81.72), 30평(101.51), 34평(115.6)",
            "last_sales":"2022-02-15,30000.0,24평(81.72)",
            "rank_history":[
                [
                    "202203",
                    14
                ],
                [
                    "202202",
                    14
                ],
                [
                    "202201",
                    11
                ]
            ],
            "rank_gap":0
        },
        {
            "index":115,
            "아파트명":"석현주공",
            "투자타입":"재건축",
            "전용면적(m2)":"47.57",
            "전용면적(평)":"14평",
            "법정동주소":"전라남도 순천시 석현동 7",
            "도로명주소":"전라남도 순천시 환선로 132",
            "세대수":0,
            "입주년차":"--",
            "용적률점수":100,
            "건폐율점수":100,
            "세대당주차수":"--",
            "난방방식":"--",
            "공급면적":50,
            "전용률":100,
            "욕실수":"--",
            "현관타입":"--",
            "주거총점":67.5,
            "지역구공급총점":0.0,
            "역세권":"NA",
            "30분내 이동가능 거점":"NA",
            "1시간내 이동가능 거점":"NA",
            "교통총점":"NA",
            "백화점":0,
            "아울렛몰":0,
            "대형마트":80,
            "은행":0,
            "병원":0,
            "종합병원":100,
            "공원":100,
            "혐오시설":0,
            "인프라총점":35.0,
            "초등학군":90.02,
            "중학군":44.1,
            "학군총점":53.284,
            "인구수":30.57,
            "인구증감":-0.33,
            "인구총점":21.3,
            "일자리":14.99,
            "소득수준":53.05,
            "일자리총점":26.408,
            "가치 총점":50.946,
            "매매실거래년":20210313.0,
            "매매실거래가":12500.0,
            "전세실거래년":20160326.0,
            "전세실거래가":3500.0,
            "전세가율":63.64,
            "장기전세가율평균":79.35,
            "전세가율거품지수":15.71,
            "검색코드":4661,
            "세대수":240.0,
            "준공년월":"1984-11-19",
            "준공년차":39.0,
            "가까운역이름":"NA",
            "가까운역거리":"NA",
            "역세권여부":"NA",
            "30분이내주요거점역":"NA",
            "30분거점역이름":"NA",
            "1시간이내주요거점역":"NA",
            "1시간거점역이름":"NA",
            "3km이내백화점수":0,
            "5km이내아울렛몰수":0,
            "1km이내대형먀트수":1,
            "500m이내은행수":1,
            "500m이내병원수":0,
            "5km이내대형병원수":5,
            "500m이내공원수":7,
            "3km이내혐오시설수":0,
            "초등학교학업성취도":90.02,
            "중학교학업성취도":73.5,
            "용적률":68,
            "건폐율":13,
            "Y":34.967888,
            "X":127.487656,
            "rank":15.0,
            "area_info":"14평(47.57), 16평(54.12), 19평(65.2)",
            "last_sales":"2021-03-13,12500.0,19평(65.2)",
            "rank_history":[
                [
                    "202203",
                    15
                ],
                [
                    "202202",
                    15
                ],
                [
                    "202201",
                    28
                ]
            ],
            "rank_gap":0
        },
        {
            "index":409,
            "아파트명":"중흥S-클래스1단지",
            "투자타입":"일반",
            "전용면적(m2)":"79.45",
            "전용면적(평)":"24평",
            "법정동주소":"전라남도 순천시 해룡면 신대리 2103",
            "도로명주소":"전라남도 순천시 좌야로 101",
            "세대수":90,
            "입주년차":60,
            "용적률점수":"--",
            "건폐율점수":"--",
            "세대당주차수":30,
            "난방방식":30,
            "공급면적":"--",
            "전용률":"--",
            "욕실수":100,
            "현관타입":100,
            "주거총점":71.0,
            "지역구공급총점":0.0,
            "역세권":"NA",
            "30분내 이동가능 거점":"NA",
            "1시간내 이동가능 거점":"NA",
            "교통총점":"NA",
            "백화점":0,
            "아울렛몰":0,
            "대형마트":0,
            "은행":0,
            "병원":60,
            "종합병원":100,
            "공원":100,
            "혐오시설":0,
            "인프라총점":29.0,
            "초등학군":90.0,
            "중학군":48.84,
            "학군총점":57.072,
            "인구수":30.57,
            "인구증감":-0.33,
            "인구총점":21.3,
            "일자리":14.99,
            "소득수준":53.05,
            "일자리총점":26.408,
            "가치 총점":50.718,
            "매매실거래년":20220129.0,
            "매매실거래가":38350.0,
            "전세실거래년":null,
            "전세실거래가":null,
            "전세가율":null,
            "장기전세가율평균":79.35,
            "전세가율거품지수":null,
            "검색코드":105656,
            "세대수":1466.0,
            "준공년월":"2012-10-22",
            "준공년차":11.0,
            "가까운역이름":"NA",
            "가까운역거리":"NA",
            "역세권여부":"NA",
            "30분이내주요거점역":"NA",
            "30분거점역이름":"NA",
            "1시간이내주요거점역":"NA",
            "1시간거점역이름":"NA",
            "3km이내백화점수":0,
            "5km이내아울렛몰수":0,
            "1km이내대형먀트수":0,
            "500m이내은행수":1,
            "500m이내병원수":14,
            "5km이내대형병원수":4,
            "500m이내공원수":3,
            "3km이내혐오시설수":0,
            "초등학교학업성취도":90.0,
            "중학교학업성취도":81.0,
            "용적률":217,
            "건폐율":14,
            "Y":34.932992,
            "X":127.543962,
            "rank":16.0,
            "area_info":"24평(79.45), 24평(80.05), 28평(95.03), 33평(112.06)",
            "last_sales":"2022-01-29,38350.0,33평(112.06)",
            "rank_history":[
                [
                    "202203",
                    16
                ],
                [
                    "202202",
                    16
                ],
                [
                    "202201",
                    15
                ]
            ],
            "rank_gap":0
        },
        {
            "index":295,
            "아파트명":"순천남양휴튼",
            "투자타입":"일반",
            "전용면적(m2)":"135.26",
            "전용면적(평)":"40평",
            "법정동주소":"전라남도 순천시 조례동 550",
            "도로명주소":"전라남도 순천시 조례1길 60",
            "세대수":50,
            "입주년차":40,
            "용적률점수":"--",
            "건폐율점수":"--",
            "세대당주차수":80,
            "난방방식":30,
            "공급면적":"--",
            "전용률":"--",
            "욕실수":100,
            "현관타입":100,
            "주거총점":60.5,
            "지역구공급총점":0.0,
            "역세권":"NA",
            "30분내 이동가능 거점":"NA",
            "1시간내 이동가능 거점":"NA",
            "교통총점":"NA",
            "백화점":0,
            "아울렛몰":0,
            "대형마트":80,
            "은행":0,
            "병원":10,
            "종합병원":100,
            "공원":100,
            "혐오시설":0,
            "인프라총점":36.0,
            "초등학군":90.01,
            "중학군":47.18,
            "학군총점":55.746,
            "인구수":30.57,
            "인구증감":-0.33,
            "인구총점":21.3,
            "일자리":14.99,
            "소득수준":53.05,
            "일자리총점":26.408,
            "가치 총점":49.5115,
            "매매실거래년":20211225.0,
            "매매실거래가":62500.0,
            "전세실거래년":20201218.0,
            "전세실거래가":30000.0,
            "전세가율":68.97,
            "장기전세가율평균":79.35,
            "전세가율거품지수":10.38,
            "검색코드":19468,
            "세대수":591.0,
            "준공년월":"2006-08-31",
            "준공년차":17.0,
            "가까운역이름":"NA",
            "가까운역거리":"NA",
            "역세권여부":"NA",
            "30분이내주요거점역":"NA",
            "30분거점역이름":"NA",
            "1시간이내주요거점역":"NA",
            "1시간거점역이름":"NA",
            "3km이내백화점수":0,
            "5km이내아울렛몰수":0,
            "1km이내대형먀트수":1,
            "500m이내은행수":0,
            "500m이내병원수":2,
            "5km이내대형병원수":6,
            "500m이내공원수":3,
            "3km이내혐오시설수":0,
            "초등학교학업성취도":90.01,
            "중학교학업성취도":76.9,
            "용적률":200,
            "건폐율":17,
            "Y":34.962701,
            "X":127.526551,
            "rank":17.0,
            "area_info":"40평(135.26), 46평(153.05), 56평(185.43), 65평(215.24)",
            "last_sales":"2021-12-25,62500.0,56평(185.43)",
            "rank_history":[
                [
                    "202203",
                    17
                ],
                [
                    "202202",
                    19
                ],
                [
                    "202201",
                    18
                ]
            ],
            "rank_gap":2
        },
        {
            "index":109,
            "아파트명":"순천모아엘가리버파크",
            "투자타입":"일반",
            "전용면적(m2)":"106.57",
            "전용면적(평)":"32평",
            "법정동주소":"전라남도 순천시 서면 선평리 455번지 일원",
            "도로명주소":"전라남도 순천시",
            "세대수":30,
            "입주년차":100,
            "용적률점수":"--",
            "건폐율점수":"--",
            "세대당주차수":60,
            "난방방식":30,
            "공급면적":"--",
            "전용률":"--",
            "욕실수":100,
            "현관타입":100,
            "주거총점":62.5,
            "지역구공급총점":0.0,
            "역세권":"NA",
            "30분내 이동가능 거점":"NA",
            "1시간내 이동가능 거점":"NA",
            "교통총점":"NA",
            "백화점":0,
            "아울렛몰":0,
            "대형마트":80,
            "은행":0,
            "병원":10,
            "종합병원":100,
            "공원":80,
            "혐오시설":0,
            "인프라총점":35.4,
            "초등학군":90.02,
            "중학군":44.1,
            "학군총점":53.284,
            "인구수":30.57,
            "인구증감":-0.33,
            "인구총점":21.3,
            "일자리":14.99,
            "소득수준":53.05,
            "일자리총점":26.408,
            "가치 총점":49.356,
            "매매실거래년":"18000101",
            "매매실거래가":null,
            "전세실거래년":null,
            "전세실거래가":null,
            "전세가율":null,
            "장기전세가율평균":79.35,
            "전세가율거품지수":null,
            "검색코드":127186,
            "세대수":322.0,
            "준공년월":"2022-01-01",
            "준공년차":1.0,
            "가까운역이름":"NA",
            "가까운역거리":"NA",
            "역세권여부":"NA",
            "30분이내주요거점역":"NA",
            "30분거점역이름":"NA",
            "1시간이내주요거점역":"NA",
            "1시간거점역이름":"NA",
            "3km이내백화점수":0,
            "5km이내아울렛몰수":0,
            "1km이내대형먀트수":1,
            "500m이내은행수":0,
            "500m이내병원수":2,
            "5km이내대형병원수":5,
            "500m이내공원수":1,
            "3km이내혐오시설수":0,
            "초등학교학업성취도":90.02,
            "중학교학업성취도":73.5,
            "용적률":219,
            "건폐율":22,
            "Y":34.990053,
            "X":127.496203,
            "rank":18.0,
            "area_info":"32평(106.57), 32평(106.84), 32평(107.07)",
            "last_sales":"1800-01-01,nan,32평(106.57)",
            "rank_history":[
                [
                    "202203",
                    18
                ],
                [
                    "202202",
                    0
                ],
                [
                    "202201",
                    9999
                ]
            ],
            "rank_gap":-18
        },
        {
            "index":416,
            "아파트명":"중흥S-클래스3단지",
            "투자타입":"일반",
            "전용면적(m2)":"94.19",
            "전용면적(평)":"28평",
            "법정동주소":"전라남도 순천시 해룡면 신대리 2004",
            "도로명주소":"전라남도 순천시 신대로 96",
            "세대수":90,
            "입주년차":80,
            "용적률점수":"--",
            "건폐율점수":"--",
            "세대당주차수":30,
            "난방방식":30,
            "공급면적":"--",
            "전용률":"--",
            "욕실수":100,
            "현관타입":100,
            "주거총점":75.0,
            "지역구공급총점":0.0,
            "역세권":"NA",
            "30분내 이동가능 거점":"NA",
            "1시간내 이동가능 거점":"NA",
            "교통총점":"NA",
            "백화점":0,
            "아울렛몰":0,
            "대형마트":0,
            "은행":0,
            "병원":60,
            "종합병원":100,
            "공원":100,
            "혐오시설":0,
            "인프라총점":29.0,
            "초등학군":90.01,
            "중학군":34.8,
            "학군총점":45.842,
            "인구수":30.57,
            "인구증감":-0.33,
            "인구총점":21.3,
            "일자리":14.99,
            "소득수준":53.05,
            "일자리총점":26.408,
            "가치 총점":49.3105,
            "매매실거래년":20220210.0,
            "매매실거래가":41300.0,
            "전세실거래년":20220211.0,
            "전세실거래가":26000.0,
            "전세가율":83.07,
            "장기전세가율평균":79.35,
            "전세가율거품지수":-3.72,
            "검색코드":103762,
            "세대수":1296.0,
            "준공년월":"2014-01-28",
            "준공년차":9.0,
            "가까운역이름":"NA",
            "가까운역거리":"NA",
            "역세권여부":"NA",
            "30분이내주요거점역":"NA",
            "30분거점역이름":"NA",
            "1시간이내주요거점역":"NA",
            "1시간거점역이름":"NA",
            "3km이내백화점수":0,
            "5km이내아울렛몰수":0,
            "1km이내대형먀트수":0,
            "500m이내은행수":1,
            "500m이내병원수":20,
            "5km이내대형병원수":4,
            "500m이내공원수":11,
            "3km이내혐오시설수":0,
            "초등학교학업성취도":90.01,
            "중학교학업성취도":58.0,
            "용적률":193,
            "건폐율":18,
            "Y":34.932005,
            "X":127.550086,
            "rank":19.0,
            "area_info":"28평(94.19), 33평(109.92), 33평(110.33)",
            "last_sales":"2022-02-10,41300.0,33평(110.33)",
            "rank_history":[
                [
                    "202203",
                    19
                ],
                [
                    "202202",
                    17
                ],
                [
                    "202201",
                    9
                ]
            ],
            "rank_gap":-2
        },
        {
            "index":194,
            "아파트명":"순천두산위브2단지",
            "투자타입":"일반",
            "전용면적(m2)":"105.54",
            "전용면적(평)":"31평",
            "법정동주소":"전라남도 순천시 왕지동 891",
            "도로명주소":"전라남도 순천시 왕지3길 55",
            "세대수":50,
            "입주년차":60,
            "용적률점수":"--",
            "건폐율점수":"--",
            "세대당주차수":30,
            "난방방식":30,
            "공급면적":"--",
            "전용률":"--",
            "욕실수":100,
            "현관타입":100,
            "주거총점":57.0,
            "지역구공급총점":0.0,
            "역세권":"NA",
            "30분내 이동가능 거점":"NA",
            "1시간내 이동가능 거점":"NA",
            "교통총점":"NA",
            "백화점":0,
            "아울렛몰":0,
            "대형마트":80,
            "은행":0,
            "병원":30,
            "종합병원":100,
            "공원":100,
            "혐오시설":0,
            "인프라총점":38.0,
            "초등학군":90.0,
            "중학군":47.18,
            "학군총점":55.744,
            "인구수":30.57,
            "인구증감":-0.33,
            "인구총점":21.3,
            "일자리":14.99,
            "소득수준":53.05,
            "일자리총점":26.408,
            "가치 총점":49.086,
            "매매실거래년":20110407.0,
            "매매실거래가":39352.0,
            "전세실거래년":null,
            "전세실거래가":null,
            "전세가율":null,
            "장기전세가율평균":79.35,
            "전세가율거품지수":null,
            "검색코드":102305,
            "세대수":494.0,
            "준공년월":"2011-01-27",
            "준공년차":12.0,
            "가까운역이름":"NA",
            "가까운역거리":"NA",
            "역세권여부":"NA",
            "30분이내주요거점역":"NA",
            "30분거점역이름":"NA",
            "1시간이내주요거점역":"NA",
            "1시간거점역이름":"NA",
            "3km이내백화점수":0,
            "5km이내아울렛몰수":0,
            "1km이내대형먀트수":1,
            "500m이내은행수":0,
            "500m이내병원수":9,
            "5km이내대형병원수":6,
            "500m이내공원수":10,
            "3km이내혐오시설수":0,
            "초등학교학업성취도":90.0,
            "중학교학업성취도":76.9,
            "용적률":249,
            "건폐율":16,
            "Y":34.97402,
            "X":127.523616,
            "rank":20.0,
            "area_info":"31평(105.54), 31평(105.65), 33평(110.34), 33평(110.74), 33평(111.38), 33평(111.38), 44평(148.17), 45평(149.91), 45평(149.39), 45평(149.39), 52평(174.38)",
            "last_sales":"2011-04-07,39352.0,52평(174.38)",
            "rank_history":[
                [
                    "202203",
                    20
                ],
                [
                    "202202",
                    20
                ],
                [
                    "202201",
                    17
                ]
            ],
            "rank_gap":0
        },
        {
            "index":437,
            "아파트명":"중흥에코시티7단지",
            "투자타입":"일반",
            "전용면적(m2)":"83.47",
            "전용면적(평)":"25평",
            "법정동주소":"전라남도 순천시 해룡면 신대리 1970",
            "도로명주소":"전라남도 순천시 좌야로 150",
            "세대수":50,
            "입주년차":80,
            "용적률점수":"--",
            "건폐율점수":"--",
            "세대당주차수":60,
            "난방방식":30,
            "공급면적":"--",
            "전용률":"--",
            "욕실수":100,
            "현관타입":100,
            "주거총점":65.5,
            "지역구공급총점":0.0,
            "역세권":"NA",
            "30분내 이동가능 거점":"NA",
            "1시간내 이동가능 거점":"NA",
            "교통총점":"NA",
            "백화점":0,
            "아울렛몰":0,
            "대형마트":0,
            "은행":0,
            "병원":60,
            "종합병원":100,
            "공원":100,
            "혐오시설":0,
            "인프라총점":29.0,
            "초등학군":90.0,
            "중학군":48.84,
            "학군총점":57.072,
            "인구수":30.57,
            "인구증감":-0.33,
            "인구총점":21.3,
            "일자리":14.99,
            "소득수준":53.05,
            "일자리총점":26.408,
            "가치 총점":48.793,
            "매매실거래년":20220212.0,
            "매매실거래가":41500.0,
            "전세실거래년":20220215.0,
            "전세실거래가":26000.0,
            "전세가율":86.67,
            "장기전세가율평균":79.35,
            "전세가율거품지수":-7.32,
            "검색코드":113146,
            "세대수":436.0,
            "준공년월":"2018-07-18",
            "준공년차":5.0,
            "가까운역이름":"NA",
            "가까운역거리":"NA",
            "역세권여부":"NA",
            "30분이내주요거점역":"NA",
            "30분거점역이름":"NA",
            "1시간이내주요거점역":"NA",
            "1시간거점역이름":"NA",
            "3km이내백화점수":0,
            "5km이내아울렛몰수":0,
            "1km이내대형먀트수":0,
            "500m이내은행수":1,
            "500m이내병원수":20,
            "5km이내대형병원수":4,
            "500m이내공원수":5,
            "3km이내혐오시설수":0,
            "초등학교학업성취도":90.0,
            "중학교학업성취도":81.0,
            "용적률":204,
            "건폐율":20,
            "Y":34.937141,
            "X":127.547122,
            "rank":21.0,
            "area_info":"25평(83.47), 30평(100.36)",
            "last_sales":"2022-02-12,41500.0,30평(100.36)",
            "rank_history":[
                [
                    "202203",
                    21
                ],
                [
                    "202202",
                    21
                ],
                [
                    "202201",
                    16
                ]
            ],
            "rank_gap":0
        },
        {
            "index":413,
            "아파트명":"중흥S-클래스2단지",
            "투자타입":"일반",
            "전용면적(m2)":"93.29",
            "전용면적(평)":"28평",
            "법정동주소":"전라남도 순천시 해룡면 신대리 2039",
            "도로명주소":"전라남도 순천시 신대로 66",
            "세대수":90,
            "입주년차":60,
            "용적률점수":"--",
            "건폐율점수":"--",
            "세대당주차수":60,
            "난방방식":30,
            "공급면적":"--",
            "전용률":"--",
            "욕실수":100,
            "현관타입":100,
            "주거총점":75.5,
            "지역구공급총점":0.0,
            "역세권":"NA",
            "30분내 이동가능 거점":"NA",
            "1시간내 이동가능 거점":"NA",
            "교통총점":"NA",
            "백화점":0,
            "아울렛몰":0,
            "대형마트":0,
            "은행":0,
            "병원":30,
            "종합병원":100,
            "공원":100,
            "혐오시설":0,
            "인프라총점":26.0,
            "초등학군":90.01,
            "중학군":34.8,
            "학군총점":45.842,
            "인구수":30.57,
            "인구증감":-0.33,
            "인구총점":21.3,
            "일자리":14.99,
            "소득수준":53.05,
            "일자리총점":26.408,
            "가치 총점":48.2855,
            "매매실거래년":20220218.0,
            "매매실거래가":37450.0,
            "전세실거래년":20220116.0,
            "전세실거래가":26000.0,
            "전세가율":75.36,
            "장기전세가율평균":79.35,
            "전세가율거품지수":3.99,
            "검색코드":103166,
            "세대수":1166.0,
            "준공년월":"2013-06-17",
            "준공년차":10.0,
            "가까운역이름":"NA",
            "가까운역거리":"NA",
            "역세권여부":"NA",
            "30분이내주요거점역":"NA",
            "30분거점역이름":"NA",
            "1시간이내주요거점역":"NA",
            "1시간거점역이름":"NA",
            "3km이내백화점수":0,
            "5km이내아울렛몰수":0,
            "1km이내대형먀트수":0,
            "500m이내은행수":0,
            "500m이내병원수":5,
            "5km이내대형병원수":4,
            "500m이내공원수":13,
            "3km이내혐오시설수":0,
            "초등학교학업성취도":90.01,
            "중학교학업성취도":58.0,
            "용적률":177,
            "건폐율":16,
            "Y":34.929424,
            "X":127.549422,
            "rank":22.0,
            "area_info":"28평(93.29), 33평(109.24), 39평(131.88)",
            "last_sales":"2022-02-18,37450.0,33평(109.24)",
            "rank_history":[
                [
                    "202203",
                    22
                ],
                [
                    "202202",
                    22
                ],
                [
                    "202201",
                    14
                ]
            ],
            "rank_gap":0
        },
        {
            "index":174,
            "아파트명":"호반베르디움",
            "투자타입":"일반",
            "전용면적(m2)":"111.24",
            "전용면적(평)":"33평",
            "법정동주소":"전라남도 순천시 오천동 950",
            "도로명주소":"전라남도 순천시 오천8길 15",
            "세대수":50,
            "입주년차":80,
            "용적률점수":"--",
            "건폐율점수":"--",
            "세대당주차수":30,
            "난방방식":30,
            "공급면적":"--",
            "전용률":"--",
            "욕실수":100,
            "현관타입":100,
            "주거총점":61.0,
            "지역구공급총점":0.0,
            "역세권":"NA",
            "30분내 이동가능 거점":"NA",
            "1시간내 이동가능 거점":"NA",
            "교통총점":"NA",
            "백화점":0,
            "아울렛몰":0,
            "대형마트":80,
            "은행":0,
            "병원":30,
            "종합병원":100,
            "공원":100,
            "혐오시설":0,
            "인프라총점":38.0,
            "초등학군":89.99,
            "중학군":34.96,
            "학군총점":45.966,
            "인구수":30.57,
            "인구증감":-0.33,
            "인구총점":21.3,
            "일자리":14.99,
            "소득수준":53.05,
            "일자리총점":26.408,
            "가치 총점":48.0415,
            "매매실거래년":20220127.0,
            "매매실거래가":43400.0,
            "전세실거래년":20220204.0,
            "전세실거래가":32500.0,
            "전세가율":74.88,
            "장기전세가율평균":79.35,
            "전세가율거품지수":4.47,
            "검색코드":107109,
            "세대수":595.0,
            "준공년월":"2015-06-02",
            "준공년차":8.0,
            "가까운역이름":"NA",
            "가까운역거리":"NA",
            "역세권여부":"NA",
            "30분이내주요거점역":"NA",
            "30분거점역이름":"NA",
            "1시간이내주요거점역":"NA",
            "1시간거점역이름":"NA",
            "3km이내백화점수":0,
            "5km이내아울렛몰수":0,
            "1km이내대형먀트수":1,
            "500m이내은행수":0,
            "500m이내병원수":5,
            "5km이내대형병원수":5,
            "500m이내공원수":12,
            "3km이내혐오시설수":0,
            "초등학교학업성취도":89.99,
            "중학교학업성취도":57.2,
            "용적률":187,
            "건폐율":17,
            "Y":34.937766,
            "X":127.492956,
            "rank":23.0,
            "area_info":"33평(111.24), 34평(113.53)",
            "last_sales":"2022-01-27,43400.0,33평(111.24)",
            "rank_history":[
                [
                    "202203",
                    23
                ],
                [
                    "202202",
                    23
                ],
                [
                    "202201",
                    22
                ]
            ],
            "rank_gap":0
        },
        {
            "index":429,
            "아파트명":"중흥S클래스에듀하이10단지",
            "투자타입":"일반",
            "전용면적(m2)":"108.93",
            "전용면적(평)":"32평",
            "법정동주소":"전라남도 순천시 해룡면 신대리 1964",
            "도로명주소":"전라남도 순천시 좌야로 179",
            "세대수":50,
            "입주년차":100,
            "용적률점수":"--",
            "건폐율점수":"--",
            "세대당주차수":60,
            "난방방식":30,
            "공급면적":"--",
            "전용률":"--",
            "욕실수":100,
            "현관타입":100,
            "주거총점":69.5,
            "지역구공급총점":0.0,
            "역세권":"NA",
            "30분내 이동가능 거점":"NA",
            "1시간내 이동가능 거점":"NA",
            "교통총점":"NA",
            "백화점":0,
            "아울렛몰":0,
            "대형마트":0,
            "은행":0,
            "병원":0,
            "종합병원":100,
            "공원":100,
            "혐오시설":0,
            "인프라총점":23.0,
            "초등학군":90.0,
            "중학군":48.84,
            "학군총점":57.072,
            "인구수":30.57,
            "인구증감":-0.33,
            "인구총점":21.3,
            "일자리":14.99,
            "소득수준":53.05,
            "일자리총점":26.408,
            "가치 총점":47.793,
            "매매실거래년":"18000101",
            "매매실거래가":null,
            "전세실거래년":null,
            "전세실거래가":null,
            "전세가율":null,
            "장기전세가율평균":79.35,
            "전세가율거품지수":null,
            "검색코드":133613,
            "세대수":493.0,
            "준공년월":"2020-10-26",
            "준공년차":3.0,
            "가까운역이름":"NA",
            "가까운역거리":"NA",
            "역세권여부":"NA",
            "30분이내주요거점역":"NA",
            "30분거점역이름":"NA",
            "1시간이내주요거점역":"NA",
            "1시간거점역이름":"NA",
            "3km이내백화점수":0,
            "5km이내아울렛몰수":0,
            "1km이내대형먀트수":0,
            "500m이내은행수":0,
            "500m이내병원수":0,
            "5km이내대형병원수":4,
            "500m이내공원수":2,
            "3km이내혐오시설수":0,
            "초등학교학업성취도":90.0,
            "중학교학업성취도":81.0,
            "용적률":234,
            "건폐율":16,
            "Y":34.940346,
            "X":127.547054,
            "rank":24.0,
            "area_info":"32평(108.93), 33평(111.47), 38평(128.79), 42평(139.75)",
            "last_sales":"1800-01-01,nan,32평(108.93)",
            "rank_history":[
                [
                    "202203",
                    24
                ],
                [
                    "202202",
                    24
                ],
                [
                    "202201",
                    20
                ]
            ],
            "rank_gap":0
        },
        {
            "index":151,
            "아파트명":"연향동성",
            "투자타입":"일반",
            "전용면적(m2)":"89.79",
            "전용면적(평)":"27평",
            "법정동주소":"전라남도 순천시 연향동 1347",
            "도로명주소":"전라남도 순천시 연향번영길 94",
            "세대수":50,
            "입주년차":0,
            "용적률점수":"--",
            "건폐율점수":"--",
            "세대당주차수":0,
            "난방방식":30,
            "공급면적":"--",
            "전용률":"--",
            "욕실수":50,
            "현관타입":100,
            "주거총점":35.5,
            "지역구공급총점":0.0,
            "역세권":"NA",
            "30분내 이동가능 거점":"NA",
            "1시간내 이동가능 거점":"NA",
            "교통총점":"NA",
            "백화점":0,
            "아울렛몰":0,
            "대형마트":80,
            "은행":100,
            "병원":100,
            "종합병원":100,
            "공원":100,
            "혐오시설":0,
            "인프라총점":55.0,
            "초등학군":90.0,
            "중학군":44.18,
            "학군총점":53.344,
            "인구수":30.57,
            "인구증감":-0.33,
            "인구총점":21.3,
            "일자리":14.99,
            "소득수준":53.05,
            "일자리총점":26.408,
            "가치 총점":47.761,
            "매매실거래년":20220121.0,
            "매매실거래가":17100.0,
            "전세실거래년":20210723.0,
            "전세실거래가":14250.0,
            "전세가율":92.53,
            "장기전세가율평균":79.35,
            "전세가율거품지수":-13.18,
            "검색코드":4678,
            "세대수":660.0,
            "준공년월":"1995-02-17",
            "준공년차":28.0,
            "가까운역이름":"NA",
            "가까운역거리":"NA",
            "역세권여부":"NA",
            "30분이내주요거점역":"NA",
            "30분거점역이름":"NA",
            "1시간이내주요거점역":"NA",
            "1시간거점역이름":"NA",
            "3km이내백화점수":0,
            "5km이내아울렛몰수":0,
            "1km이내대형먀트수":1,
            "500m이내은행수":7,
            "500m이내병원수":64,
            "5km이내대형병원수":6,
            "500m이내공원수":10,
            "3km이내혐오시설수":0,
            "초등학교학업성취도":90.0,
            "중학교학업성취도":73.1,
            "용적률":250,
            "건폐율":25,
            "Y":34.950447,
            "X":127.518891,
            "rank":25.0,
            "area_info":"27평(89.79), 30평(101.81)",
            "last_sales":"2022-01-21,17100.0,30평(101.81)",
            "rank_history":[
                [
                    "202203",
                    25
                ],
                [
                    "202202",
                    25
                ],
                [
                    "202201",
                    25
                ]
            ],
            "rank_gap":0
        },
        {
            "index":153,
            "아파트명":"연향현대2단지",
            "투자타입":"일반",
            "전용면적(m2)":"85.45",
            "전용면적(평)":"25평",
            "법정동주소":"전라남도 순천시 연향동 1344",
            "도로명주소":"전라남도 순천시 연향중앙상가길 41",
            "세대수":50,
            "입주년차":0,
            "용적률점수":"--",
            "건폐율점수":"--",
            "세대당주차수":0,
            "난방방식":30,
            "공급면적":"--",
            "전용률":"--",
            "욕실수":50,
            "현관타입":100,
            "주거총점":35.5,
            "지역구공급총점":0.0,
            "역세권":"NA",
            "30분내 이동가능 거점":"NA",
            "1시간내 이동가능 거점":"NA",
            "교통총점":"NA",
            "백화점":0,
            "아울렛몰":0,
            "대형마트":80,
            "은행":100,
            "병원":100,
            "종합병원":100,
            "공원":100,
            "혐오시설":0,
            "인프라총점":55.0,
            "초등학군":90.0,
            "중학군":44.18,
            "학군총점":53.344,
            "인구수":30.57,
            "인구증감":-0.33,
            "인구총점":21.3,
            "일자리":14.99,
            "소득수준":53.05,
            "일자리총점":26.408,
            "가치 총점":47.761,
            "매매실거래년":20220114.0,
            "매매실거래가":19000.0,
            "전세실거래년":20191012.0,
            "전세실거래가":13000.0,
            "전세가율":86.67,
            "장기전세가율평균":79.35,
            "전세가율거품지수":-7.32,
            "검색코드":4683,
            "세대수":494.0,
            "준공년월":"1994-12-19",
            "준공년차":29.0,
            "가까운역이름":"NA",
            "가까운역거리":"NA",
            "역세권여부":"NA",
            "30분이내주요거점역":"NA",
            "30분거점역이름":"NA",
            "1시간이내주요거점역":"NA",
            "1시간거점역이름":"NA",
            "3km이내백화점수":0,
            "5km이내아울렛몰수":0,
            "1km이내대형먀트수":1,
            "500m이내은행수":7,
            "500m이내병원수":63,
            "5km이내대형병원수":6,
            "500m이내공원수":10,
            "3km이내혐오시설수":0,
            "초등학교학업성취도":90.0,
            "중학교학업성취도":73.1,
            "용적률":0,
            "건폐율":0,
            "Y":34.950239,
            "X":127.521028,
            "rank":25.0,
            "area_info":"25평(85.45), 31평(102.57), 47평(158.26), 59평(197.5)",
            "last_sales":"2022-01-14,19000.0,31평(102.57)",
            "rank_history":[
                [
                    "202203",
                    25
                ],
                [
                    "202202",
                    25
                ],
                [
                    "202201",
                    25
                ]
            ],
            "rank_gap":0
        },
        {
            "index":104,
            "아파트명":"순천라송센트럴카운티",
            "투자타입":"일반",
            "전용면적(m2)":"99.38",
            "전용면적(평)":"30평",
            "법정동주소":"전라남도 순천시 서면 선평리 1089",
            "도로명주소":"전라남도 순천시 강청길 82",
            "세대수":50,
            "입주년차":60,
            "용적률점수":"--",
            "건폐율점수":"--",
            "세대당주차수":30,
            "난방방식":30,
            "공급면적":"--",
            "전용률":"--",
            "욕실수":100,
            "현관타입":100,
            "주거총점":57.0,
            "지역구공급총점":0.0,
            "역세권":"NA",
            "30분내 이동가능 거점":"NA",
            "1시간내 이동가능 거점":"NA",
            "교통총점":"NA",
            "백화점":0,
            "아울렛몰":0,
            "대형마트":80,
            "은행":0,
            "병원":0,
            "종합병원":100,
            "공원":80,
            "혐오시설":0,
            "인프라총점":34.4,
            "초등학군":90.02,
            "중학군":44.1,
            "학군총점":53.284,
            "인구수":30.57,
            "인구증감":-0.33,
            "인구총점":21.3,
            "일자리":14.99,
            "소득수준":53.05,
            "일자리총점":26.408,
            "가치 총점":47.031,
            "매매실거래년":20220208.0,
            "매매실거래가":26400.0,
            "전세실거래년":20220221.0,
            "전세실거래가":18000.0,
            "전세가율":85.71,
            "장기전세가율평균":79.35,
            "전세가율거품지수":-6.36,
            "검색코드":103101,
            "세대수":664.0,
            "준공년월":"2012-02-24",
            "준공년차":11.0,
            "가까운역이름":"NA",
            "가까운역거리":"NA",
            "역세권여부":"NA",
            "30분이내주요거점역":"NA",
            "30분거점역이름":"NA",
            "1시간이내주요거점역":"NA",
            "1시간거점역이름":"NA",
            "3km이내백화점수":0,
            "5km이내아울렛몰수":0,
            "1km이내대형먀트수":1,
            "500m이내은행수":0,
            "500m이내병원수":0,
            "5km이내대형병원수":6,
            "500m이내공원수":1,
            "3km이내혐오시설수":0,
            "초등학교학업성취도":90.02,
            "중학교학업성취도":73.5,
            "용적률":204,
            "건폐율":22,
            "Y":34.98596,
            "X":127.500019,
            "rank":26.0,
            "area_info":"30평(99.38), 30평(99.83), 34평(112.45), 34평(114.23), 47평(155.71)",
            "last_sales":"2022-02-08,26400.0,34평(114.23)",
            "rank_history":[
                [
                    "202203",
                    26
                ],
                [
                    "202202",
                    26
                ],
                [
                    "202201",
                    50
                ]
            ],
            "rank_gap":0
        },
        {
            "index":100,
            "아파트명":"순천금호어울림더파크",
            "투자타입":"일반",
            "전용면적(m2)":"80.69",
            "전용면적(평)":"24평",
            "법정동주소":"전라남도 순천시 서면 선평리 1094",
            "도로명주소":"전라남도 순천시 강청새길 5",
            "세대수":50,
            "입주년차":100,
            "용적률점수":"--",
            "건폐율점수":"--",
            "세대당주차수":60,
            "난방방식":30,
            "공급면적":"--",
            "전용률":"--",
            "욕실수":100,
            "현관타입":100,
            "주거총점":69.5,
            "지역구공급총점":0.0,
            "역세권":"NA",
            "30분내 이동가능 거점":"NA",
            "1시간내 이동가능 거점":"NA",
            "교통총점":"NA",
            "백화점":0,
            "아울렛몰":0,
            "대형마트":0,
            "은행":0,
            "병원":0,
            "종합병원":100,
            "공원":100,
            "혐오시설":0,
            "인프라총점":23.0,
            "초등학군":89.97,
            "중학군":44.1,
            "학군총점":53.274,
            "인구수":30.57,
            "인구증감":-0.33,
            "인구총점":21.3,
            "일자리":14.99,
            "소득수준":53.05,
            "일자리총점":26.408,
            "가치 총점":46.8435,
            "매매실거래년":20211123.0,
            "매매실거래가":29412.0,
            "전세실거래년":20210723.0,
            "전세실거래가":23000.0,
            "전세가율":null,
            "장기전세가율평균":79.35,
            "전세가율거품지수":null,
            "검색코드":127191,
            "세대수":459.0,
            "준공년월":"2021-05-01",
            "준공년차":2.0,
            "가까운역이름":"NA",
            "가까운역거리":"NA",
            "역세권여부":"NA",
            "30분이내주요거점역":"NA",
            "30분거점역이름":"NA",
            "1시간이내주요거점역":"NA",
            "1시간거점역이름":"NA",
            "3km이내백화점수":0,
            "5km이내아울렛몰수":0,
            "1km이내대형먀트수":0,
            "500m이내은행수":0,
            "500m이내병원수":0,
            "5km이내대형병원수":6,
            "500m이내공원수":2,
            "3km이내혐오시설수":0,
            "초등학교학업성취도":89.97,
            "중학교학업성취도":73.5,
            "용적률":219,
            "건폐율":25,
            "Y":34.983387,
            "X":127.499899,
            "rank":27.0,
            "area_info":"24평(80.69), 24평(80.25), 31평(104.96), 33평(109.54)",
            "last_sales":"2021-11-23,29412.0,33평(109.54)",
            "rank_history":[
                [
                    "202203",
                    27
                ],
                [
                    "202202",
                    27
                ],
                [
                    "202201",
                    23
                ]
            ],
            "rank_gap":0
        },
        {
            "index":278,
            "아파트명":"봉화그린빌",
            "투자타입":"일반",
            "전용면적(m2)":"106.81",
            "전용면적(평)":"32평",
            "법정동주소":"전라남도 순천시 조례동 1661",
            "도로명주소":"전라남도 순천시 봉화1길 146",
            "세대수":50,
            "입주년차":20,
            "용적률점수":"--",
            "건폐율점수":"--",
            "세대당주차수":30,
            "난방방식":30,
            "공급면적":"--",
            "전용률":"--",
            "욕실수":100,
            "현관타입":100,
            "주거총점":49.0,
            "지역구공급총점":0.0,
            "역세권":"NA",
            "30분내 이동가능 거점":"NA",
            "1시간내 이동가능 거점":"NA",
            "교통총점":"NA",
            "백화점":0,
            "아울렛몰":0,
            "대형마트":80,
            "은행":0,
            "병원":60,
            "종합병원":100,
            "공원":100,
            "혐오시설":0,
            "인프라총점":41.0,
            "초등학군":89.99,
            "중학군":42.32,
            "학군총점":51.854,
            "인구수":30.57,
            "인구증감":-0.33,
            "인구총점":21.3,
            "일자리":14.99,
            "소득수준":53.05,
            "일자리총점":26.408,
            "가치 총점":46.5135,
            "매매실거래년":20220213.0,
            "매매실거래가":22000.0,
            "전세실거래년":20191018.0,
            "전세실거래가":10000.0,
            "전세가율":45.45,
            "장기전세가율평균":79.35,
            "전세가율거품지수":33.9,
            "검색코드":11853,
            "세대수":408.0,
            "준공년월":"1999-04-09",
            "준공년차":24.0,
            "가까운역이름":"NA",
            "가까운역거리":"NA",
            "역세권여부":"NA",
            "30분이내주요거점역":"NA",
            "30분거점역이름":"NA",
            "1시간이내주요거점역":"NA",
            "1시간거점역이름":"NA",
            "3km이내백화점수":0,
            "5km이내아울렛몰수":0,
            "1km이내대형먀트수":1,
            "500m이내은행수":0,
            "500m이내병원수":13,
            "5km이내대형병원수":6,
            "500m이내공원수":5,
            "3km이내혐오시설수":0,
            "초등학교학업성취도":89.99,
            "중학교학업성취도":69.0,
            "용적률":194,
            "건폐율":17,
            "Y":34.962743,
            "X":127.514582,
            "rank":28.0,
            "area_info":"32평(106.81), 32평(106.92), 32평(106.76)",
            "last_sales":"2022-02-13,22000.0,32평(106.81)",
            "rank_history":[
                [
                    "202203",
                    28
                ],
                [
                    "202202",
                    28
                ],
                [
                    "202201",
                    32
                ]
            ],
            "rank_gap":0
        },
        {
            "index":132,
            "아파트명":"대주파크빌",
            "투자타입":"일반",
            "전용면적(m2)":"96.47",
            "전용면적(평)":"29평",
            "법정동주소":"전라남도 순천시 연향동 1514",
            "도로명주소":"전라남도 순천시 기적의도서관2길 35",
            "세대수":50,
            "입주년차":0,
            "용적률점수":"--",
            "건폐율점수":"--",
            "세대당주차수":30,
            "난방방식":30,
            "공급면적":"--",
            "전용률":"--",
            "욕실수":100,
            "현관타입":100,
            "주거총점":45.0,
            "지역구공급총점":0.0,
            "역세권":"NA",
            "30분내 이동가능 거점":"NA",
            "1시간내 이동가능 거점":"NA",
            "교통총점":"NA",
            "백화점":0,
            "아울렛몰":0,
            "대형마트":80,
            "은행":0,
            "병원":60,
            "종합병원":100,
            "공원":100,
            "혐오시설":0,
            "인프라총점":41.0,
            "초등학군":89.99,
            "중학군":48.7,
            "학군총점":56.958,
            "인구수":30.57,
            "인구증감":-0.33,
            "인구총점":21.3,
            "일자리":14.99,
            "소득수준":53.05,
            "일자리총점":26.408,
            "가치 총점":46.3895,
            "매매실거래년":20220204.0,
            "매매실거래가":25200.0,
            "전세실거래년":20200720.0,
            "전세실거래가":18000.0,
            "전세가율":90.0,
            "장기전세가율평균":79.35,
            "전세가율거품지수":-10.65,
            "검색코드":4676,
            "세대수":443.0,
            "준공년월":"1998-12-31",
            "준공년차":25.0,
            "가까운역이름":"NA",
            "가까운역거리":"NA",
            "역세권여부":"NA",
            "30분이내주요거점역":"NA",
            "30분거점역이름":"NA",
            "1시간이내주요거점역":"NA",
            "1시간거점역이름":"NA",
            "3km이내백화점수":0,
            "5km이내아울렛몰수":0,
            "1km이내대형먀트수":1,
            "500m이내은행수":1,
            "500m이내병원수":12,
            "5km이내대형병원수":6,
            "500m이내공원수":19,
            "3km이내혐오시설수":0,
            "초등학교학업성취도":89.99,
            "중학교학업성취도":80.7,
            "용적률":220,
            "건폐율":21,
            "Y":34.94507,
            "X":127.52803,
            "rank":29.0,
            "area_info":"29평(96.47), 34평(113.2), 39평(129.44)",
            "last_sales":"2022-02-04,25200.0,39평(129.44)",
            "rank_history":[
                [
                    "202203",
                    29
                ],
                [
                    "202202",
                    30
                ],
                [
                    "202201",
                    26
                ]
            ],
            "rank_gap":1
        },
        {
            "index":143,
            "아파트명":"순천연향대주피오레",
            "투자타입":"일반",
            "전용면적(m2)":"134.6",
            "전용면적(평)":"40평",
            "법정동주소":"전라남도 순천시 연향동 1659",
            "도로명주소":"전라남도 순천시 팔마1길 25",
            "세대수":30,
            "입주년차":40,
            "용적률점수":"--",
            "건폐율점수":"--",
            "세대당주차수":60,
            "난방방식":30,
            "공급면적":"--",
            "전용률":"--",
            "욕실수":100,
            "현관타입":100,
            "주거총점":50.5,
            "지역구공급총점":0.0,
            "역세권":"NA",
            "30분내 이동가능 거점":"NA",
            "1시간내 이동가능 거점":"NA",
            "교통총점":"NA",
            "백화점":0,
            "아울렛몰":0,
            "대형마트":100,
            "은행":0,
            "병원":0,
            "종합병원":100,
            "공원":100,
            "혐오시설":0,
            "인프라총점":38.0,
            "초등학군":89.99,
            "중학군":44.94,
            "학군총점":53.95,
            "인구수":30.57,
            "인구증감":-0.33,
            "인구총점":21.3,
            "일자리":14.99,
            "소득수준":53.05,
            "일자리총점":26.408,
            "가치 총점":46.3625,
            "매매실거래년":20210614.0,
            "매매실거래가":61800.0,
            "전세실거래년":20130627.0,
            "전세실거래가":10000.0,
            "전세가율":28.57,
            "장기전세가율평균":79.35,
            "전세가율거품지수":50.78,
            "검색코드":22071,
            "세대수":336.0,
            "준공년월":"2006-07-25",
            "준공년차":17.0,
            "가까운역이름":"NA",
            "가까운역거리":"NA",
            "역세권여부":"NA",
            "30분이내주요거점역":"NA",
            "30분거점역이름":"NA",
            "1시간이내주요거점역":"NA",
            "1시간거점역이름":"NA",
            "3km이내백화점수":0,
            "5km이내아울렛몰수":0,
            "1km이내대형먀트수":2,
            "500m이내은행수":0,
            "500m이내병원수":1,
            "5km이내대형병원수":6,
            "500m이내공원수":8,
            "3km이내혐오시설수":0,
            "초등학교학업성취도":89.99,
            "중학교학업성취도":74.9,
            "용적률":228,
            "건폐율":22,
            "Y":34.935077,
            "X":127.51226,
            "rank":30.0,
            "area_info":"40평(134.6), 48평(160.23), 55평(184.44)",
            "last_sales":"2021-06-14,61800.0,55평(184.44)",
            "rank_history":[
                [
                    "202203",
                    30
                ],
                [
                    "202202",
                    29
                ],
                [
                    "202201",
                    27
                ]
            ],
            "rank_gap":-1
        },
        {
            "index":316,
            "아파트명":"조례금호타운",
            "투자타입":"일반",
            "전용면적(m2)":"76.87",
            "전용면적(평)":"23평",
            "법정동주소":"전라남도 순천시 조례동 560",
            "도로명주소":"전라남도 순천시 조례1길 9",
            "세대수":80,
            "입주년차":0,
            "용적률점수":"--",
            "건폐율점수":"--",
            "세대당주차수":0,
            "난방방식":30,
            "공급면적":"--",
            "전용률":"--",
            "욕실수":50,
            "현관타입":100,
            "주거총점":46.0,
            "지역구공급총점":0.0,
            "역세권":"NA",
            "30분내 이동가능 거점":"NA",
            "1시간내 이동가능 거점":"NA",
            "교통총점":"NA",
            "백화점":0,
            "아울렛몰":0,
            "대형마트":80,
            "은행":0,
            "병원":80,
            "종합병원":100,
            "공원":100,
            "혐오시설":0,
            "인프라총점":43.0,
            "초등학군":90.01,
            "중학군":42.32,
            "학군총점":51.858,
            "인구수":30.57,
            "인구증감":-0.33,
            "인구총점":21.3,
            "일자리":14.99,
            "소득수준":53.05,
            "일자리총점":26.408,
            "가치 총점":46.2645,
            "매매실거래년":20220128.0,
            "매매실거래가":22100.0,
            "전세실거래년":20220223.0,
            "전세실거래가":15000.0,
            "전세가율":103.45,
            "장기전세가율평균":79.35,
            "전세가율거품지수":-24.1,
            "검색코드":4720,
            "세대수":720.0,
            "준공년월":"1997-08-28",
            "준공년차":26.0,
            "가까운역이름":"NA",
            "가까운역거리":"NA",
            "역세권여부":"NA",
            "30분이내주요거점역":"NA",
            "30분거점역이름":"NA",
            "1시간이내주요거점역":"NA",
            "1시간거점역이름":"NA",
            "3km이내백화점수":0,
            "5km이내아울렛몰수":0,
            "1km이내대형먀트수":1,
            "500m이내은행수":0,
            "500m이내병원수":34,
            "5km이내대형병원수":6,
            "500m이내공원수":4,
            "3km이내혐오시설수":0,
            "초등학교학업성취도":90.01,
            "중학교학업성취도":69.0,
            "용적률":212,
            "건폐율":20,
            "Y":34.961559,
            "X":127.522659,
            "rank":31.0,
            "area_info":"23평(76.87), 28평(93.66), 32평(109.06)",
            "last_sales":"2022-01-28,22100.0,32평(109.06)",
            "rank_history":[
                [
                    "202203",
                    31
                ],
                [
                    "202202",
                    31
                ],
                [
                    "202201",
                    30
                ]
            ],
            "rank_gap":0
        },
        {
            "index":164,
            "아파트명":"현대1차",
            "투자타입":"일반",
            "전용면적(m2)":"80.32",
            "전용면적(평)":"24평",
            "법정동주소":"전라남도 순천시 연향동 1378",
            "도로명주소":"전라남도 순천시 연향중앙상가길 80",
            "세대수":80,
            "입주년차":0,
            "용적률점수":"--",
            "건폐율점수":"--",
            "세대당주차수":0,
            "난방방식":30,
            "공급면적":"--",
            "전용률":"--",
            "욕실수":50,
            "현관타입":100,
            "주거총점":46.0,
            "지역구공급총점":0.0,
            "역세권":"NA",
            "30분내 이동가능 거점":"NA",
            "1시간내 이동가능 거점":"NA",
            "교통총점":"NA",
            "백화점":0,
            "아울렛몰":0,
            "대형마트":100,
            "은행":0,
            "병원":30,
            "종합병원":100,
            "공원":100,
            "혐오시설":0,
            "인프라총점":41.0,
            "초등학군":90.0,
            "중학군":44.18,
            "학군총점":53.344,
            "인구수":30.57,
            "인구증감":-0.33,
            "인구총점":21.3,
            "일자리":14.99,
            "소득수준":53.05,
            "일자리총점":26.408,
            "가치 총점":45.836,
            "매매실거래년":20211224.0,
            "매매실거래가":28050.0,
            "전세실거래년":20211201.0,
            "전세실거래가":11000.0,
            "전세가율":81.48,
            "장기전세가율평균":79.35,
            "전세가율거품지수":-2.13,
            "검색코드":4682,
            "세대수":807.0,
            "준공년월":"1993-09-22",
            "준공년차":30.0,
            "가까운역이름":"NA",
            "가까운역거리":"NA",
            "역세권여부":"NA",
            "30분이내주요거점역":"NA",
            "30분거점역이름":"NA",
            "1시간이내주요거점역":"NA",
            "1시간거점역이름":"NA",
            "3km이내백화점수":0,
            "5km이내아울렛몰수":0,
            "1km이내대형먀트수":2,
            "500m이내은행수":0,
            "500m이내병원수":7,
            "5km이내대형병원수":6,
            "500m이내공원수":12,
            "3km이내혐오시설수":0,
            "초등학교학업성취도":90.0,
            "중학교학업성취도":73.1,
            "용적률":0,
            "건폐율":0,
            "Y":34.946154,
            "X":127.518358,
            "rank":32.0,
            "area_info":"24평(80.32), 30평(102.39), 31평(102.71), 42평(139.52)",
            "last_sales":"2021-12-24,28050.0,42평(139.52)",
            "rank_history":[
                [
                    "202203",
                    32
                ],
                [
                    "202202",
                    32
                ],
                [
                    "202201",
                    29
                ]
            ],
            "rank_gap":0
        },
        {
            "index":263,
            "아파트명":"금당대주",
            "투자타입":"일반",
            "전용면적(m2)":"74.57",
            "전용면적(평)":"22평",
            "법정동주소":"전라남도 순천시 조례동 1608",
            "도로명주소":"전라남도 순천시 지봉로 485",
            "세대수":50,
            "입주년차":0,
            "용적률점수":"--",
            "건폐율점수":"--",
            "세대당주차수":0,
            "난방방식":80,
            "공급면적":"--",
            "전용률":"--",
            "욕실수":50,
            "현관타입":100,
            "주거총점":40.5,
            "지역구공급총점":0.0,
            "역세권":"NA",
            "30분내 이동가능 거점":"NA",
            "1시간내 이동가능 거점":"NA",
            "교통총점":"NA",
            "백화점":0,
            "아울렛몰":0,
            "대형마트":100,
            "은행":0,
            "병원":60,
            "종합병원":100,
            "공원":100,
            "혐오시설":0,
            "인프라총점":44.0,
            "초등학군":89.99,
            "중학군":45.78,
            "학군총점":54.622,
            "인구수":30.57,
            "인구증감":-0.33,
            "인구총점":21.3,
            "일자리":14.99,
            "소득수준":53.05,
            "일자리총점":26.408,
            "가치 총점":45.4305,
            "매매실거래년":20220218.0,
            "매매실거래가":12000.0,
            "전세실거래년":20220216.0,
            "전세실거래가":11500.0,
            "전세가율":95.83,
            "장기전세가율평균":79.35,
            "전세가율거품지수":-16.48,
            "검색코드":4713,
            "세대수":559.0,
            "준공년월":"1995-03-18",
            "준공년차":28.0,
            "가까운역이름":"NA",
            "가까운역거리":"NA",
            "역세권여부":"NA",
            "30분이내주요거점역":"NA",
            "30분거점역이름":"NA",
            "1시간이내주요거점역":"NA",
            "1시간거점역이름":"NA",
            "3km이내백화점수":0,
            "5km이내아울렛몰수":0,
            "1km이내대형먀트수":2,
            "500m이내은행수":0,
            "500m이내병원수":15,
            "5km이내대형병원수":6,
            "500m이내공원수":5,
            "3km이내혐오시설수":0,
            "초등학교학업성취도":89.99,
            "중학교학업성취도":76.3,
            "용적률":0,
            "건폐율":0,
            "Y":34.956164,
            "X":127.528734,
            "rank":33.0,
            "area_info":"22평(74.57), 30평(101.5)",
            "last_sales":"2022-02-18,12000.0,22평(74.57)",
            "rank_history":[
                [
                    "202203",
                    33
                ],
                [
                    "202202",
                    33
                ],
                [
                    "202201",
                    31
                ]
            ],
            "rank_gap":0
        },
        {
            "index":349,
            "아파트명":"조례주공8단지",
            "투자타입":"일반",
            "전용면적(m2)":"65.35",
            "전용면적(평)":"19평",
            "법정동주소":"전라남도 순천시 조례동 1658",
            "도로명주소":"전라남도 순천시 봉화2길 116",
            "세대수":30,
            "입주년차":0,
            "용적률점수":"--",
            "건폐율점수":"--",
            "세대당주차수":60,
            "난방방식":80,
            "공급면적":"--",
            "전용률":"--",
            "욕실수":50,
            "현관타입":100,
            "주거총점":42.5,
            "지역구공급총점":0.0,
            "역세권":"NA",
            "30분내 이동가능 거점":"NA",
            "1시간내 이동가능 거점":"NA",
            "교통총점":"NA",
            "백화점":0,
            "아울렛몰":0,
            "대형마트":80,
            "은행":0,
            "병원":80,
            "종합병원":100,
            "공원":100,
            "혐오시설":0,
            "인프라총점":43.0,
            "초등학군":90.01,
            "중학군":42.32,
            "학군총점":51.858,
            "인구수":30.57,
            "인구증감":-0.33,
            "인구총점":21.3,
            "일자리":14.99,
            "소득수준":53.05,
            "일자리총점":26.408,
            "가치 총점":45.0395,
            "매매실거래년":20220210.0,
            "매매실거래가":12100.0,
            "전세실거래년":20151124.0,
            "전세실거래가":7500.0,
            "전세가율":77.32,
            "장기전세가율평균":79.35,
            "전세가율거품지수":2.03,
            "검색코드":11852,
            "세대수":310.0,
            "준공년월":"1996-12-04",
            "준공년차":27.0,
            "가까운역이름":"NA",
            "가까운역거리":"NA",
            "역세권여부":"NA",
            "30분이내주요거점역":"NA",
            "30분거점역이름":"NA",
            "1시간이내주요거점역":"NA",
            "1시간거점역이름":"NA",
            "3km이내백화점수":0,
            "5km이내아울렛몰수":0,
            "1km이내대형먀트수":1,
            "500m이내은행수":0,
            "500m이내병원수":35,
            "5km이내대형병원수":6,
            "500m이내공원수":5,
            "3km이내혐오시설수":0,
            "초등학교학업성취도":90.01,
            "중학교학업성취도":69.0,
            "용적률":0,
            "건폐율":0,
            "Y":34.962629,
            "X":127.519904,
            "rank":34.0,
            "area_info":"19평(65.35), 21평(71.89), 23평(77.17), 23평(77.8)",
            "last_sales":"2022-02-10,12100.0,23평(77.17)",
            "rank_history":[
                [
                    "202203",
                    34
                ],
                [
                    "202202",
                    34
                ],
                [
                    "202201",
                    36
                ]
            ],
            "rank_gap":0
        },
        {
            "index":148,
            "아파트명":"연향금호",
            "투자타입":"일반",
            "전용면적(m2)":"76.15",
            "전용면적(평)":"23평",
            "법정동주소":"전라남도 순천시 연향동 1387",
            "도로명주소":"전라남도 순천시 연향1로 40",
            "세대수":80,
            "입주년차":0,
            "용적률점수":"--",
            "건폐율점수":"--",
            "세대당주차수":0,
            "난방방식":30,
            "공급면적":"--",
            "전용률":"--",
            "욕실수":50,
            "현관타입":100,
            "주거총점":46.0,
            "지역구공급총점":0.0,
            "역세권":"NA",
            "30분내 이동가능 거점":"NA",
            "1시간내 이동가능 거점":"NA",
            "교통총점":"NA",
            "백화점":0,
            "아울렛몰":0,
            "대형마트":100,
            "은행":0,
            "병원":10,
            "종합병원":100,
            "공원":100,
            "혐오시설":0,
            "인프라총점":39.0,
            "초등학군":90.01,
            "중학군":44.18,
            "학군총점":53.346,
            "인구수":30.57,
            "인구증감":-0.33,
            "인구총점":21.3,
            "일자리":14.99,
            "소득수준":53.05,
            "일자리총점":26.408,
            "가치 총점":45.0365,
            "매매실거래년":20211230.0,
            "매매실거래가":31900.0,
            "전세실거래년":20211018.0,
            "전세실거래가":11500.0,
            "전세가율":68.05,
            "장기전세가율평균":79.35,
            "전세가율거품지수":11.3,
            "검색코드":4672,
            "세대수":730.0,
            "준공년월":"1994-04-23",
            "준공년차":29.0,
            "가까운역이름":"NA",
            "가까운역거리":"NA",
            "역세권여부":"NA",
            "30분이내주요거점역":"NA",
            "30분거점역이름":"NA",
            "1시간이내주요거점역":"NA",
            "1시간거점역이름":"NA",
            "3km이내백화점수":0,
            "5km이내아울렛몰수":0,
            "1km이내대형먀트수":2,
            "500m이내은행수":0,
            "500m이내병원수":4,
            "5km이내대형병원수":6,
            "500m이내공원수":12,
            "3km이내혐오시설수":0,
            "초등학교학업성취도":90.01,
            "중학교학업성취도":73.1,
            "용적률":200,
            "건폐율":18,
            "Y":34.944056,
            "X":127.518962,
            "rank":35.0,
            "area_info":"23평(76.15), 31평(102.97), 47평(157.01)",
            "last_sales":"2021-12-30,31900.0,47평(157.01)",
            "rank_history":[
                [
                    "202203",
                    35
                ],
                [
                    "202202",
                    35
                ],
                [
                    "202201",
                    33
                ]
            ],
            "rank_gap":0
        },
        {
            "index":146,
            "아파트명":"순천연향블루시안",
            "투자타입":"일반",
            "전용면적(m2)":"99.23",
            "전용면적(평)":"30평",
            "법정동주소":"전라남도 순천시 연향동 1658",
            "도로명주소":"전라남도 순천시 팔마1길 27",
            "세대수":30,
            "입주년차":40,
            "용적률점수":"--",
            "건폐율점수":"--",
            "세대당주차수":30,
            "난방방식":30,
            "공급면적":"--",
            "전용률":"--",
            "욕실수":100,
            "현관타입":100,
            "주거총점":46.0,
            "지역구공급총점":0.0,
            "역세권":"NA",
            "30분내 이동가능 거점":"NA",
            "1시간내 이동가능 거점":"NA",
            "교통총점":"NA",
            "백화점":0,
            "아울렛몰":0,
            "대형마트":100,
            "은행":0,
            "병원":0,
            "종합병원":100,
            "공원":100,
            "혐오시설":0,
            "인프라총점":38.0,
            "초등학군":89.99,
            "중학군":44.94,
            "학군총점":53.95,
            "인구수":30.57,
            "인구증감":-0.33,
            "인구총점":21.3,
            "일자리":14.99,
            "소득수준":53.05,
            "일자리총점":26.408,
            "가치 총점":44.7875,
            "매매실거래년":20220113.0,
            "매매실거래가":31750.0,
            "전세실거래년":20210918.0,
            "전세실거래가":24000.0,
            "전세가율":84.21,
            "장기전세가율평균":79.35,
            "전세가율거품지수":-4.86,
            "검색코드":24244,
            "세대수":346.0,
            "준공년월":"2006-05-01",
            "준공년차":17.0,
            "가까운역이름":"NA",
            "가까운역거리":"NA",
            "역세권여부":"NA",
            "30분이내주요거점역":"NA",
            "30분거점역이름":"NA",
            "1시간이내주요거점역":"NA",
            "1시간거점역이름":"NA",
            "3km이내백화점수":0,
            "5km이내아울렛몰수":0,
            "1km이내대형먀트수":2,
            "500m이내은행수":0,
            "500m이내병원수":1,
            "5km이내대형병원수":6,
            "500m이내공원수":8,
            "3km이내혐오시설수":0,
            "초등학교학업성취도":89.99,
            "중학교학업성취도":74.9,
            "용적률":219,
            "건폐율":19,
            "Y":34.936166,
            "X":127.511827,
            "rank":36.0,
            "area_info":"30평(99.23), 34평(112.49)",
            "last_sales":"2022-01-13,31750.0,34평(112.49)",
            "rank_history":[
                [
                    "202203",
                    36
                ],
                [
                    "202202",
                    36
                ],
                [
                    "202201",
                    34
                ]
            ],
            "rank_gap":0
        },
        {
            "index":398,
            "아파트명":"대광로제비앙",
            "투자타입":"일반",
            "전용면적(m2)":"113.81",
            "전용면적(평)":"34평",
            "법정동주소":"전라남도 순천시 해룡면 상삼리 927",
            "도로명주소":"전라남도 순천시 백연길 105-7",
            "세대수":30,
            "입주년차":80,
            "용적률점수":"--",
            "건폐율점수":"--",
            "세대당주차수":30,
            "난방방식":30,
            "공급면적":"--",
            "전용률":"--",
            "욕실수":100,
            "현관타입":100,
            "주거총점":54.0,
            "지역구공급총점":0.0,
            "역세권":"NA",
            "30분내 이동가능 거점":"NA",
            "1시간내 이동가능 거점":"NA",
            "교통총점":"NA",
            "백화점":0,
            "아울렛몰":0,
            "대형마트":0,
            "은행":0,
            "병원":60,
            "종합병원":100,
            "공원":100,
            "혐오시설":0,
            "인프라총점":29.0,
            "초등학군":90.02,
            "중학군":48.84,
            "학군총점":57.076,
            "인구수":30.57,
            "인구증감":-0.33,
            "인구총점":21.3,
            "일자리":14.99,
            "소득수준":53.05,
            "일자리총점":26.408,
            "가치 총점":44.769,
            "매매실거래년":20220119.0,
            "매매실거래가":41000.0,
            "전세실거래년":20220219.0,
            "전세실거래가":28000.0,
            "전세가율":68.29,
            "장기전세가율평균":79.35,
            "전세가율거품지수":11.06,
            "검색코드":105328,
            "세대수":364.0,
            "준공년월":"2015-01-30",
            "준공년차":8.0,
            "가까운역이름":"NA",
            "가까운역거리":"NA",
            "역세권여부":"NA",
            "30분이내주요거점역":"NA",
            "30분거점역이름":"NA",
            "1시간이내주요거점역":"NA",
            "1시간거점역이름":"NA",
            "3km이내백화점수":0,
            "5km이내아울렛몰수":0,
            "1km이내대형먀트수":0,
            "500m이내은행수":0,
            "500m이내병원수":10,
            "5km이내대형병원수":6,
            "500m이내공원수":8,
            "3km이내혐오시설수":0,
            "초등학교학업성취도":90.02,
            "중학교학업성취도":81.4,
            "용적률":159,
            "건폐율":21,
            "Y":34.951813,
            "X":127.534753,
            "rank":37.0,
            "area_info":"34평(113.81), 34평(113.44), 39평(132.13), 43평(144.37)",
            "last_sales":"2022-01-19,41000.0,34평(113.81)",
            "rank_history":[
                [
                    "202203",
                    37
                ],
                [
                    "202202",
                    37
                ],
                [
                    "202201",
                    39
                ]
            ],
            "rank_gap":0
        },
        {
            "index":244,
            "아파트명":"더플레이스순천",
            "투자타입":"일반",
            "전용면적(m2)":"90.04",
            "전용면적(평)":"27평",
            "법정동주소":"전라남도 순천시 저전동 224-3",
            "도로명주소":"전라남도 순천시 중앙로 37",
            "세대수":0,
            "입주년차":80,
            "용적률점수":"--",
            "건폐율점수":"--",
            "세대당주차수":60,
            "난방방식":30,
            "공급면적":"--",
            "전용률":"--",
            "욕실수":100,
            "현관타입":100,
            "주거총점":48.0,
            "지역구공급총점":0.0,
            "역세권":"NA",
            "30분내 이동가능 거점":"NA",
            "1시간내 이동가능 거점":"NA",
            "교통총점":"NA",
            "백화점":0,
            "아울렛몰":0,
            "대형마트":0,
            "은행":100,
            "병원":60,
            "종합병원":100,
            "공원":100,
            "혐오시설":0,
            "인프라총점":39.0,
            "초등학군":90.01,
            "중학군":38.24,
            "학군총점":48.594,
            "인구수":30.57,
            "인구증감":-0.33,
            "인구총점":21.3,
            "일자리":14.99,
            "소득수준":53.05,
            "일자리총점":26.408,
            "가치 총점":44.5485,
            "매매실거래년":20170221.0,
            "매매실거래가":25076.0,
            "전세실거래년":null,
            "전세실거래가":null,
            "전세가율":null,
            "장기전세가율평균":79.35,
            "전세가율거품지수":null,
            "검색코드":112665,
            "세대수":52.0,
            "준공년월":"2017-11-15",
            "준공년차":6.0,
            "가까운역이름":"NA",
            "가까운역거리":"NA",
            "역세권여부":"NA",
            "30분이내주요거점역":"NA",
            "30분거점역이름":"NA",
            "1시간이내주요거점역":"NA",
            "1시간거점역이름":"NA",
            "3km이내백화점수":0,
            "5km이내아울렛몰수":0,
            "1km이내대형먀트수":0,
            "500m이내은행수":7,
            "500m이내병원수":27,
            "5km이내대형병원수":5,
            "500m이내공원수":15,
            "3km이내혐오시설수":0,
            "초등학교학업성취도":90.01,
            "중학교학업성취도":63.0,
            "용적률":705,
            "건폐율":71,
            "Y":34.949281,
            "X":127.485199,
            "rank":38.0,
            "area_info":"27평(90.04), 34평(112.77), 35평(118.47), 35평(118.52)",
            "last_sales":"2017-02-21,25076.0,35평(118.52)",
            "rank_history":[
                [
                    "202203",
                    38
                ],
                [
                    "202202",
                    9999
                ]
            ],
            "rank_gap":9999
        },
        {
            "index":168,
            "아파트명":"호반리젠시빌2차",
            "투자타입":"일반",
            "전용면적(m2)":"84.79",
            "전용면적(평)":"25평",
            "법정동주소":"전라남도 순천시 연향동 1628",
            "도로명주소":"전라남도 순천시 도장길 50",
            "세대수":90,
            "입주년차":20,
            "용적률점수":"--",
            "건폐율점수":"--",
            "세대당주차수":0,
            "난방방식":30,
            "공급면적":"--",
            "전용률":"--",
            "욕실수":100,
            "현관타입":100,
            "주거총점":58.5,
            "지역구공급총점":0.0,
            "역세권":"NA",
            "30분내 이동가능 거점":"NA",
            "1시간내 이동가능 거점":"NA",
            "교통총점":"NA",
            "백화점":0,
            "아울렛몰":0,
            "대형마트":0,
            "은행":0,
            "병원":10,
            "종합병원":100,
            "공원":100,
            "혐오시설":0,
            "인프라총점":24.0,
            "초등학군":90.01,
            "중학군":48.7,
            "학군총점":56.962,
            "인구수":30.57,
            "인구증감":-0.33,
            "인구총점":21.3,
            "일자리":14.99,
            "소득수준":53.05,
            "일자리총점":26.408,
            "가치 총점":44.3155,
            "매매실거래년":20220207.0,
            "매매실거래가":12500.0,
            "전세실거래년":20220121.0,
            "전세실거래가":17000.0,
            "전세가율":136.0,
            "장기전세가율평균":79.35,
            "전세가율거품지수":-56.65,
            "검색코드":100893,
            "세대수":912.0,
            "준공년월":"2002-10-28",
            "준공년차":21.0,
            "가까운역이름":"NA",
            "가까운역거리":"NA",
            "역세권여부":"NA",
            "30분이내주요거점역":"NA",
            "30분거점역이름":"NA",
            "1시간이내주요거점역":"NA",
            "1시간거점역이름":"NA",
            "3km이내백화점수":0,
            "5km이내아울렛몰수":0,
            "1km이내대형먀트수":0,
            "500m이내은행수":0,
            "500m이내병원수":3,
            "5km이내대형병원수":6,
            "500m이내공원수":7,
            "3km이내혐오시설수":0,
            "초등학교학업성취도":90.01,
            "중학교학업성취도":80.7,
            "용적률":0,
            "건폐율":0,
            "Y":34.939398,
            "X":127.531228,
            "rank":39.0,
            "area_info":"25평(84.79), 34평(113.65)",
            "last_sales":"2022-02-07,12500.0,25평(84.79)",
            "rank_history":[
                [
                    "202203",
                    39
                ],
                [
                    "202202",
                    38
                ],
                [
                    "202201",
                    35
                ]
            ],
            "rank_gap":-1
        },
        {
            "index":274,
            "아파트명":"동아",
            "투자타입":"일반",
            "전용면적(m2)":"93.7",
            "전용면적(평)":"28평",
            "법정동주소":"전라남도 순천시 조례동 807",
            "도로명주소":"전라남도 순천시 비봉길 70",
            "세대수":50,
            "입주년차":0,
            "용적률점수":"--",
            "건폐율점수":"--",
            "세대당주차수":0,
            "난방방식":30,
            "공급면적":"--",
            "전용률":"--",
            "욕실수":50,
            "현관타입":100,
            "주거총점":35.5,
            "지역구공급총점":0.0,
            "역세권":"NA",
            "30분내 이동가능 거점":"NA",
            "1시간내 이동가능 거점":"NA",
            "교통총점":"NA",
            "백화점":0,
            "아울렛몰":0,
            "대형마트":100,
            "은행":0,
            "병원":60,
            "종합병원":100,
            "공원":100,
            "혐오시설":0,
            "인프라총점":44.0,
            "초등학군":90.01,
            "중학군":47.18,
            "학군총점":55.746,
            "인구수":30.57,
            "인구증감":-0.33,
            "인구총점":21.3,
            "일자리":14.99,
            "소득수준":53.05,
            "일자리총점":26.408,
            "가치 총점":43.9615,
            "매매실거래년":20220218.0,
            "매매실거래가":14200.0,
            "전세실거래년":20210605.0,
            "전세실거래가":13500.0,
            "전세가율":95.07,
            "장기전세가율평균":79.35,
            "전세가율거품지수":-15.72,
            "검색코드":4733,
            "세대수":474.0,
            "준공년월":"1993-08-31",
            "준공년차":30.0,
            "가까운역이름":"NA",
            "가까운역거리":"NA",
            "역세권여부":"NA",
            "30분이내주요거점역":"NA",
            "30분거점역이름":"NA",
            "1시간이내주요거점역":"NA",
            "1시간거점역이름":"NA",
            "3km이내백화점수":0,
            "5km이내아울렛몰수":0,
            "1km이내대형먀트수":2,
            "500m이내은행수":0,
            "500m이내병원수":10,
            "5km이내대형병원수":6,
            "500m이내공원수":6,
            "3km이내혐오시설수":0,
            "초등학교학업성취도":90.01,
            "중학교학업성취도":76.9,
            "용적률":0,
            "건폐율":0,
            "Y":34.967297,
            "X":127.519505,
            "rank":40.0,
            "area_info":"28평(93.7), 32평(106.07)",
            "last_sales":"2022-02-18,14200.0,28평(93.7)",
            "rank_history":[
                [
                    "202203",
                    40
                ],
                [
                    "202202",
                    40
                ],
                [
                    "202201",
                    46
                ]
            ],
            "rank_gap":0
        },
        {
            "index":234,
            "아파트명":"용당동아",
            "투자타입":"일반",
            "전용면적(m2)":"89.11",
            "전용면적(평)":"26평",
            "법정동주소":"전라남도 순천시 용당동 570",
            "도로명주소":"전라남도 순천시 삼산로 81",
            "세대수":50,
            "입주년차":0,
            "용적률점수":"--",
            "건폐율점수":"--",
            "세대당주차수":0,
            "난방방식":30,
            "공급면적":"--",
            "전용률":"--",
            "욕실수":100,
            "현관타입":100,
            "주거총점":40.5,
            "지역구공급총점":0.0,
            "역세권":"NA",
            "30분내 이동가능 거점":"NA",
            "1시간내 이동가능 거점":"NA",
            "교통총점":"NA",
            "백화점":0,
            "아울렛몰":0,
            "대형마트":80,
            "은행":0,
            "병원":60,
            "종합병원":100,
            "공원":100,
            "혐오시설":0,
            "인프라총점":41.0,
            "초등학군":89.97,
            "중학군":44.1,
            "학군총점":53.274,
            "인구수":30.57,
            "인구증감":-0.33,
            "인구총점":21.3,
            "일자리":14.99,
            "소득수준":53.05,
            "일자리총점":26.408,
            "가치 총점":43.8935,
            "매매실거래년":20220222.0,
            "매매실거래가":15100.0,
            "전세실거래년":20220204.0,
            "전세실거래가":8000.0,
            "전세가율":66.67,
            "장기전세가율평균":79.35,
            "전세가율거품지수":12.68,
            "검색코드":4690,
            "세대수":598.0,
            "준공년월":"1996-01-20",
            "준공년차":27.0,
            "가까운역이름":"NA",
            "가까운역거리":"NA",
            "역세권여부":"NA",
            "30분이내주요거점역":"NA",
            "30분거점역이름":"NA",
            "1시간이내주요거점역":"NA",
            "1시간거점역이름":"NA",
            "3km이내백화점수":0,
            "5km이내아울렛몰수":0,
            "1km이내대형먀트수":1,
            "500m이내은행수":0,
            "500m이내병원수":10,
            "5km이내대형병원수":6,
            "500m이내공원수":7,
            "3km이내혐오시설수":0,
            "초등학교학업성취도":89.97,
            "중학교학업성취도":73.5,
            "용적률":0,
            "건폐율":0,
            "Y":34.973361,
            "X":127.492079,
            "rank":41.0,
            "area_info":"26평(89.11), 27평(91.31), 30평(100.39), 31평(103.61), 31평(103.61)",
            "last_sales":"2022-02-22,15100.0,31평(103.61)",
            "rank_history":[
                [
                    "202203",
                    41
                ],
                [
                    "202202",
                    39
                ],
                [
                    "202201",
                    70
                ]
            ],
            "rank_gap":-2
        },
        {
            "index":268,
            "아파트명":"대림2차",
            "투자타입":"일반",
            "전용면적(m2)":"75.19",
            "전용면적(평)":"22평",
            "법정동주소":"전라남도 순천시 조례동 840",
            "도로명주소":"전라남도 순천시 봉화2길 128",
            "세대수":50,
            "입주년차":0,
            "용적률점수":"--",
            "건폐율점수":"--",
            "세대당주차수":0,
            "난방방식":30,
            "공급면적":"--",
            "전용률":"--",
            "욕실수":50,
            "현관타입":100,
            "주거총점":35.5,
            "지역구공급총점":0.0,
            "역세권":"NA",
            "30분내 이동가능 거점":"NA",
            "1시간내 이동가능 거점":"NA",
            "교통총점":"NA",
            "백화점":0,
            "아울렛몰":0,
            "대형마트":100,
            "은행":0,
            "병원":80,
            "종합병원":100,
            "공원":100,
            "혐오시설":0,
            "인프라총점":46.0,
            "초등학군":90.01,
            "중학군":42.32,
            "학군총점":51.858,
            "인구수":30.57,
            "인구증감":-0.33,
            "인구총점":21.3,
            "일자리":14.99,
            "소득수준":53.05,
            "일자리총점":26.408,
            "가치 총점":43.7895,
            "매매실거래년":20220205.0,
            "매매실거래가":13400.0,
            "전세실거래년":20220105.0,
            "전세실거래가":12000.0,
            "전세가율":89.55,
            "장기전세가율평균":79.35,
            "전세가율거품지수":-10.2,
            "검색코드":4727,
            "세대수":476.0,
            "준공년월":"1994-05-03",
            "준공년차":29.0,
            "가까운역이름":"NA",
            "가까운역거리":"NA",
            "역세권여부":"NA",
            "30분이내주요거점역":"NA",
            "30분거점역이름":"NA",
            "1시간이내주요거점역":"NA",
            "1시간거점역이름":"NA",
            "3km이내백화점수":0,
            "5km이내아울렛몰수":0,
            "1km이내대형먀트수":2,
            "500m이내은행수":0,
            "500m이내병원수":32,
            "5km이내대형병원수":6,
            "500m이내공원수":4,
            "3km이내혐오시설수":0,
            "초등학교학업성취도":90.01,
            "중학교학업성취도":69.0,
            "용적률":239,
            "건폐율":16,
            "Y":34.964095,
            "X":127.51902,
            "rank":42.0,
            "area_info":"22평(75.19), 31평(104.48)",
            "last_sales":"2022-02-05,13400.0,22평(75.19)",
            "rank_history":[
                [
                    "202203",
                    42
                ],
                [
                    "202202",
                    41
                ],
                [
                    "202201",
                    52
                ]
            ],
            "rank_gap":-1
        },
        {
            "index":86,
            "아파트명":"신매곡서한이다음2단지",
            "투자타입":"일반",
            "전용면적(m2)":"109.28",
            "전용면적(평)":"33평",
            "법정동주소":"전라남도 순천시 매곡동 572",
            "도로명주소":"전라남도 순천시 삼산초등길 19",
            "세대수":0,
            "입주년차":100,
            "용적률점수":"--",
            "건폐율점수":"--",
            "세대당주차수":30,
            "난방방식":30,
            "공급면적":"--",
            "전용률":"--",
            "욕실수":100,
            "현관타입":100,
            "주거총점":47.5,
            "지역구공급총점":0.0,
            "역세권":"NA",
            "30분내 이동가능 거점":"NA",
            "1시간내 이동가능 거점":"NA",
            "교통총점":"NA",
            "백화점":0,
            "아울렛몰":0,
            "대형마트":80,
            "은행":0,
            "병원":0,
            "종합병원":100,
            "공원":100,
            "혐오시설":0,
            "인프라총점":35.0,
            "초등학군":90.02,
            "중학군":42.56,
            "학군총점":52.052,
            "인구수":30.57,
            "인구증감":-0.33,
            "인구총점":21.3,
            "일자리":14.99,
            "소득수준":53.05,
            "일자리총점":26.408,
            "가치 총점":43.638,
            "매매실거래년":20200804.0,
            "매매실거래가":33020.0,
            "전세실거래년":null,
            "전세실거래가":null,
            "전세가율":null,
            "장기전세가율평균":79.35,
            "전세가율거품지수":null,
            "검색코드":120318,
            "세대수":203.0,
            "준공년월":"2020-07-01",
            "준공년차":3.0,
            "가까운역이름":"NA",
            "가까운역거리":"NA",
            "역세권여부":"NA",
            "30분이내주요거점역":"NA",
            "30분거점역이름":"NA",
            "1시간이내주요거점역":"NA",
            "1시간거점역이름":"NA",
            "3km이내백화점수":0,
            "5km이내아울렛몰수":0,
            "1km이내대형먀트수":1,
            "500m이내은행수":1,
            "500m이내병원수":1,
            "5km이내대형병원수":5,
            "500m이내공원수":10,
            "3km이내혐오시설수":0,
            "초등학교학업성취도":90.02,
            "중학교학업성취도":70.4,
            "용적률":0,
            "건폐율":0,
            "Y":34.965877,
            "X":127.486932,
            "rank":43.0,
            "area_info":"33평(109.28), 33평(111.97), 33평(111.52)",
            "last_sales":"2020-08-04,33020.0,33평(111.97)",
            "rank_history":[
                [
                    "202203",
                    43
                ],
                [
                    "202202",
                    42
                ],
                [
                    "202201",
                    66
                ]
            ],
            "rank_gap":-1
        },
        {
            "index":137,
            "아파트명":"세영더-조은",
            "투자타입":"일반",
            "전용면적(m2)":"113.58",
            "전용면적(평)":"34평",
            "법정동주소":"전라남도 순천시 연향동 1660-2",
            "도로명주소":"전라남도 순천시 팔마4길 40",
            "세대수":30,
            "입주년차":40,
            "용적률점수":"--",
            "건폐율점수":"--",
            "세대당주차수":30,
            "난방방식":30,
            "공급면적":"--",
            "전용률":"--",
            "욕실수":100,
            "현관타입":100,
            "주거총점":46.0,
            "지역구공급총점":0.0,
            "역세권":"NA",
            "30분내 이동가능 거점":"NA",
            "1시간내 이동가능 거점":"NA",
            "교통총점":"NA",
            "백화점":0,
            "아울렛몰":0,
            "대형마트":80,
            "은행":0,
            "병원":0,
            "종합병원":100,
            "공원":100,
            "혐오시설":0,
            "인프라총점":35.0,
            "초등학군":89.99,
            "중학군":44.94,
            "학군총점":53.95,
            "인구수":30.57,
            "인구증감":-0.33,
            "인구총점":21.3,
            "일자리":14.99,
            "소득수준":53.05,
            "일자리총점":26.408,
            "가치 총점":43.5875,
            "매매실거래년":20211129.0,
            "매매실거래가":27000.0,
            "전세실거래년":20210928.0,
            "전세실거래가":20000.0,
            "전세가율":74.07,
            "장기전세가율평균":79.35,
            "전세가율거품지수":5.28,
            "검색코드":101154,
            "세대수":333.0,
            "준공년월":"2006-03-21",
            "준공년차":17.0,
            "가까운역이름":"NA",
            "가까운역거리":"NA",
            "역세권여부":"NA",
            "30분이내주요거점역":"NA",
            "30분거점역이름":"NA",
            "1시간이내주요거점역":"NA",
            "1시간거점역이름":"NA",
            "3km이내백화점수":0,
            "5km이내아울렛몰수":0,
            "1km이내대형먀트수":1,
            "500m이내은행수":0,
            "500m이내병원수":1,
            "5km이내대형병원수":6,
            "500m이내공원수":8,
            "3km이내혐오시설수":0,
            "초등학교학업성취도":89.99,
            "중학교학업성취도":74.9,
            "용적률":210,
            "건폐율":20,
            "Y":34.934961,
            "X":127.514658,
            "rank":44.0,
            "area_info":"34평(113.58), 37평(122.61)",
            "last_sales":"2021-11-29,27000.0,34평(113.58)",
            "rank_history":[
                [
                    "202203",
                    44
                ],
                [
                    "202202",
                    43
                ],
                [
                    "202201",
                    38
                ]
            ],
            "rank_gap":-1
        },
        {
            "index":135,
            "아파트명":"동부",
            "투자타입":"재건축",
            "전용면적(m2)":"93.4",
            "전용면적(평)":"28평",
            "법정동주소":"전라남도 순천시 연향동 1346",
            "도로명주소":"전라남도 순천시 연향중앙상가길 56",
            "세대수":80,
            "입주년차":"--",
            "용적률점수":0,
            "건폐율점수":0,
            "세대당주차수":"--",
            "난방방식":"--",
            "공급면적":70,
            "전용률":80,
            "욕실수":"--",
            "현관타입":"--",
            "주거총점":31.5,
            "지역구공급총점":0.0,
            "역세권":"NA",
            "30분내 이동가능 거점":"NA",
            "1시간내 이동가능 거점":"NA",
            "교통총점":"NA",
            "백화점":0,
            "아울렛몰":0,
            "대형마트":80,
            "은행":70,
            "병원":60,
            "종합병원":100,
            "공원":100,
            "혐오시설":0,
            "인프라총점":48.0,
            "초등학군":90.0,
            "중학군":44.18,
            "학군총점":53.344,
            "인구수":30.57,
            "인구증감":-0.33,
            "인구총점":21.3,
            "일자리":14.99,
            "소득수준":53.05,
            "일자리총점":26.408,
            "가치 총점":43.561,
            "매매실거래년":20220126.0,
            "매매실거래가":17400.0,
            "전세실거래년":20220219.0,
            "전세실거래가":14000.0,
            "전세가율":109.38,
            "장기전세가율평균":79.35,
            "전세가율거품지수":-30.03,
            "검색코드":4677,
            "세대수":711.0,
            "준공년월":"1992-11-27",
            "준공년차":31.0,
            "가까운역이름":"NA",
            "가까운역거리":"NA",
            "역세권여부":"NA",
            "30분이내주요거점역":"NA",
            "30분거점역이름":"NA",
            "1시간이내주요거점역":"NA",
            "1시간거점역이름":"NA",
            "3km이내백화점수":0,
            "5km이내아울렛몰수":0,
            "1km이내대형먀트수":1,
            "500m이내은행수":4,
            "500m이내병원수":28,
            "5km이내대형병원수":6,
            "500m이내공원수":12,
            "3km이내혐오시설수":0,
            "초등학교학업성취도":90.0,
            "중학교학업성취도":73.1,
            "용적률":0,
            "건폐율":0,
            "Y":34.948571,
            "X":127.518804,
            "rank":45.0,
            "area_info":"28평(93.4), 31평(103.23)",
            "last_sales":"2022-01-26,17400.0,31평(103.23)",
            "rank_history":[
                [
                    "202203",
                    45
                ],
                [
                    "202202",
                    44
                ],
                [
                    "202201",
                    37
                ]
            ],
            "rank_gap":-1
        },
        {
            "index":406,
            "아파트명":"신원아르시스",
            "투자타입":"일반",
            "전용면적(m2)":"122.18",
            "전용면적(평)":"36평",
            "법정동주소":"전라남도 순천시 해룡면 상삼리 428",
            "도로명주소":"전라남도 순천시 지봉로 372-5",
            "세대수":50,
            "입주년차":40,
            "용적률점수":"--",
            "건폐율점수":"--",
            "세대당주차수":30,
            "난방방식":30,
            "공급면적":"--",
            "전용률":"--",
            "욕실수":100,
            "현관타입":100,
            "주거총점":53.0,
            "지역구공급총점":0.0,
            "역세권":"NA",
            "30분내 이동가능 거점":"NA",
            "1시간내 이동가능 거점":"NA",
            "교통총점":"NA",
            "백화점":0,
            "아울렛몰":0,
            "대형마트":0,
            "은행":0,
            "병원":30,
            "종합병원":100,
            "공원":100,
            "혐오시설":0,
            "인프라총점":26.0,
            "초등학군":90.02,
            "중학군":49.46,
            "학군총점":57.572,
            "인구수":30.57,
            "인구증감":-0.33,
            "인구총점":21.3,
            "일자리":14.99,
            "소득수준":53.05,
            "일자리총점":26.408,
            "가치 총점":43.343,
            "매매실거래년":20220121.0,
            "매매실거래가":31000.0,
            "전세실거래년":20210804.0,
            "전세실거래가":18900.0,
            "전세가율":60.97,
            "장기전세가율평균":79.35,
            "전세가율거품지수":18.38,
            "검색코드":103149,
            "세대수":484.0,
            "준공년월":"2007-08-28",
            "준공년차":16.0,
            "가까운역이름":"NA",
            "가까운역거리":"NA",
            "역세권여부":"NA",
            "30분이내주요거점역":"NA",
            "30분거점역이름":"NA",
            "1시간이내주요거점역":"NA",
            "1시간거점역이름":"NA",
            "3km이내백화점수":0,
            "5km이내아울렛몰수":0,
            "1km이내대형먀트수":0,
            "500m이내은행수":0,
            "500m이내병원수":7,
            "5km이내대형병원수":6,
            "500m이내공원수":18,
            "3km이내혐오시설수":0,
            "초등학교학업성취도":90.02,
            "중학교학업성취도":81.9,
            "용적률":241,
            "건폐율":20,
            "Y":34.946795,
            "X":127.534919,
            "rank":46.0,
            "area_info":"36평(122.18)",
            "last_sales":"2022-01-21,31000.0,36평(122.18)",
            "rank_history":[
                [
                    "202203",
                    46
                ],
                [
                    "202202",
                    45
                ],
                [
                    "202201",
                    40
                ]
            ],
            "rank_gap":-1
        },
        {
            "index":444,
            "아파트명":"청솔2차",
            "투자타입":"일반",
            "전용면적(m2)":"71.56",
            "전용면적(평)":"21평",
            "법정동주소":"전라남도 순천시 해룡면 상삼리 694",
            "도로명주소":"전라남도 순천시 대석길 98",
            "세대수":80,
            "입주년차":20,
            "용적률점수":"--",
            "건폐율점수":"--",
            "세대당주차수":0,
            "난방방식":30,
            "공급면적":"--",
            "전용률":"--",
            "욕실수":50,
            "현관타입":100,
            "주거총점":50.0,
            "지역구공급총점":0.0,
            "역세권":"NA",
            "30분내 이동가능 거점":"NA",
            "1시간내 이동가능 거점":"NA",
            "교통총점":"NA",
            "백화점":0,
            "아울렛몰":0,
            "대형마트":0,
            "은행":0,
            "병원":60,
            "종합병원":100,
            "공원":100,
            "혐오시설":0,
            "인프라총점":29.0,
            "초등학군":90.0,
            "중학군":48.7,
            "학군총점":56.96,
            "인구수":30.57,
            "인구증감":-0.33,
            "인구총점":21.3,
            "일자리":14.99,
            "소득수준":53.05,
            "일자리총점":26.408,
            "가치 총점":43.34,
            "매매실거래년":20220214.0,
            "매매실거래가":10500.0,
            "전세실거래년":20220218.0,
            "전세실거래가":9700.0,
            "전세가율":92.38,
            "장기전세가율평균":79.35,
            "전세가율거품지수":-13.03,
            "검색코드":112446,
            "세대수":705.0,
            "준공년월":"2001-08-14",
            "준공년차":22.0,
            "가까운역이름":"NA",
            "가까운역거리":"NA",
            "역세권여부":"NA",
            "30분이내주요거점역":"NA",
            "30분거점역이름":"NA",
            "1시간이내주요거점역":"NA",
            "1시간거점역이름":"NA",
            "3km이내백화점수":0,
            "5km이내아울렛몰수":0,
            "1km이내대형먀트수":0,
            "500m이내은행수":0,
            "500m이내병원수":10,
            "5km이내대형병원수":6,
            "500m이내공원수":19,
            "3km이내혐오시설수":0,
            "초등학교학업성취도":90.0,
            "중학교학업성취도":80.7,
            "용적률":215,
            "건폐율":18,
            "Y":34.94502,
            "X":127.532827,
            "rank":47.0,
            "area_info":"21평(71.56)",
            "last_sales":"2022-02-14,10500.0,21평(71.56)",
            "rank_history":[
                [
                    "202203",
                    47
                ],
                [
                    "202202",
                    46
                ],
                [
                    "202201",
                    51
                ]
            ],
            "rank_gap":-1
        },
        {
            "index":251,
            "아파트명":"금강메트로빌",
            "투자타입":"일반",
            "전용면적(m2)":"106.12",
            "전용면적(평)":"32평",
            "법정동주소":"전라남도 순천시 조곡동 566",
            "도로명주소":"전라남도 순천시 둑실5길 25",
            "세대수":80,
            "입주년차":40,
            "용적률점수":"--",
            "건폐율점수":"--",
            "세대당주차수":30,
            "난방방식":30,
            "공급면적":"--",
            "전용률":"--",
            "욕실수":100,
            "현관타입":100,
            "주거총점":63.5,
            "지역구공급총점":0.0,
            "역세권":"NA",
            "30분내 이동가능 거점":"NA",
            "1시간내 이동가능 거점":"NA",
            "교통총점":"NA",
            "백화점":0,
            "아울렛몰":0,
            "대형마트":0,
            "은행":0,
            "병원":0,
            "종합병원":100,
            "공원":100,
            "혐오시설":0,
            "인프라총점":23.0,
            "초등학군":90.02,
            "중학군":36.36,
            "학군총점":47.092,
            "인구수":30.57,
            "인구증감":-0.33,
            "인구총점":21.3,
            "일자리":14.99,
            "소득수준":53.05,
            "일자리총점":26.408,
            "가치 총점":43.198,
            "매매실거래년":20220125.0,
            "매매실거래가":14600.0,
            "전세실거래년":20211116.0,
            "전세실거래가":14000.0,
            "전세가율":95.89,
            "장기전세가율평균":79.35,
            "전세가율거품지수":-16.54,
            "검색코드":113479,
            "세대수":717.0,
            "준공년월":"2004-06-07",
            "준공년차":19.0,
            "가까운역이름":"NA",
            "가까운역거리":"NA",
            "역세권여부":"NA",
            "30분이내주요거점역":"NA",
            "30분거점역이름":"NA",
            "1시간이내주요거점역":"NA",
            "1시간거점역이름":"NA",
            "3km이내백화점수":0,
            "5km이내아울렛몰수":0,
            "1km이내대형먀트수":0,
            "500m이내은행수":0,
            "500m이내병원수":0,
            "5km이내대형병원수":6,
            "500m이내공원수":3,
            "3km이내혐오시설수":0,
            "초등학교학업성취도":90.02,
            "중학교학업성취도":58.6,
            "용적률":287,
            "건폐율":22,
            "Y":34.958913,
            "X":127.497107,
            "rank":48.0,
            "area_info":"32평(106.12)",
            "last_sales":"2022-01-25,14600.0,32평(106.12)",
            "rank_history":[
                [
                    "202203",
                    48
                ],
                [
                    "202202",
                    49
                ],
                [
                    "202201",
                    44
                ]
            ],
            "rank_gap":1
        },
        {
            "index":97,
            "아파트명":"선평배들마을주공",
            "투자타입":"일반",
            "전용면적(m2)":"70.79",
            "전용면적(평)":"21평",
            "법정동주소":"전라남도 순천시 서면 선평리 1087",
            "도로명주소":"전라남도 순천시 배들이길 17",
            "세대수":90,
            "입주년차":20,
            "용적률점수":"--",
            "건폐율점수":"--",
            "세대당주차수":0,
            "난방방식":30,
            "공급면적":"--",
            "전용률":"--",
            "욕실수":50,
            "현관타입":10,
            "주거총점":44.5,
            "지역구공급총점":0.0,
            "역세권":"NA",
            "30분내 이동가능 거점":"NA",
            "1시간내 이동가능 거점":"NA",
            "교통총점":"NA",
            "백화점":0,
            "아울렛몰":0,
            "대형마트":80,
            "은행":0,
            "병원":10,
            "종합병원":100,
            "공원":80,
            "혐오시설":0,
            "인프라총점":35.4,
            "초등학군":90.02,
            "중학군":44.1,
            "학군총점":53.284,
            "인구수":30.57,
            "인구증감":-0.33,
            "인구총점":21.3,
            "일자리":14.99,
            "소득수준":53.05,
            "일자리총점":26.408,
            "가치 총점":43.056,
            "매매실거래년":20220224.0,
            "매매실거래가":8800.0,
            "전세실거래년":20220120.0,
            "전세실거래가":9200.0,
            "전세가율":104.55,
            "장기전세가율평균":79.35,
            "전세가율거품지수":-25.2,
            "검색코드":101795,
            "세대수":900.0,
            "준공년월":"2001-12-20",
            "준공년차":22.0,
            "가까운역이름":"NA",
            "가까운역거리":"NA",
            "역세권여부":"NA",
            "30분이내주요거점역":"NA",
            "30분거점역이름":"NA",
            "1시간이내주요거점역":"NA",
            "1시간거점역이름":"NA",
            "3km이내백화점수":0,
            "5km이내아울렛몰수":0,
            "1km이내대형먀트수":1,
            "500m이내은행수":0,
            "500m이내병원수":2,
            "5km이내대형병원수":6,
            "500m이내공원수":1,
            "3km이내혐오시설수":0,
            "초등학교학업성취도":90.02,
            "중학교학업성취도":73.5,
            "용적률":168,
            "건폐율":17,
            "Y":34.989134,
            "X":127.498138,
            "rank":49.0,
            "area_info":"21평(70.79), 21평(70.17), 24평(81.53)",
            "last_sales":"2022-02-24,8800.0,21평(70.79)",
            "rank_history":[
                [
                    "202203",
                    49
                ],
                [
                    "202202",
                    47
                ],
                [
                    "202201",
                    73
                ]
            ],
            "rank_gap":-2
        },
        {
            "index":272,
            "아파트명":"동신2단지",
            "투자타입":"일반",
            "전용면적(m2)":"113.13",
            "전용면적(평)":"34평",
            "법정동주소":"전라남도 순천시 조례동 1607",
            "도로명주소":"전라남도 순천시 조례못등길 5",
            "세대수":30,
            "입주년차":0,
            "용적률점수":"--",
            "건폐율점수":"--",
            "세대당주차수":0,
            "난방방식":30,
            "공급면적":"--",
            "전용률":"--",
            "욕실수":100,
            "현관타입":100,
            "주거총점":33.5,
            "지역구공급총점":0.0,
            "역세권":"NA",
            "30분내 이동가능 거점":"NA",
            "1시간내 이동가능 거점":"NA",
            "교통총점":"NA",
            "백화점":0,
            "아울렛몰":0,
            "대형마트":100,
            "은행":0,
            "병원":60,
            "종합병원":100,
            "공원":100,
            "혐오시설":0,
            "인프라총점":44.0,
            "초등학군":89.99,
            "중학군":45.78,
            "학군총점":54.622,
            "인구수":30.57,
            "인구증감":-0.33,
            "인구총점":21.3,
            "일자리":14.99,
            "소득수준":53.05,
            "일자리총점":26.408,
            "가치 총점":42.9805,
            "매매실거래년":20220203.0,
            "매매실거래가":20000.0,
            "전세실거래년":20210724.0,
            "전세실거래가":18200.0,
            "전세가율":91.0,
            "장기전세가율평균":79.35,
            "전세가율거품지수":-11.65,
            "검색코드":4730,
            "세대수":359.0,
            "준공년월":"1998-04-30",
            "준공년차":25.0,
            "가까운역이름":"NA",
            "가까운역거리":"NA",
            "역세권여부":"NA",
            "30분이내주요거점역":"NA",
            "30분거점역이름":"NA",
            "1시간이내주요거점역":"NA",
            "1시간거점역이름":"NA",
            "3km이내백화점수":0,
            "5km이내아울렛몰수":0,
            "1km이내대형먀트수":2,
            "500m이내은행수":0,
            "500m이내병원수":14,
            "5km이내대형병원수":6,
            "500m이내공원수":3,
            "3km이내혐오시설수":0,
            "초등학교학업성취도":89.99,
            "중학교학업성취도":76.3,
            "용적률":239,
            "건폐율":22,
            "Y":34.955915,
            "X":127.527082,
            "rank":50.0,
            "area_info":"34평(113.13), 42평(139.44)",
            "last_sales":"2022-02-03,20000.0,34평(113.13)",
            "rank_history":[
                [
                    "202203",
                    50
                ],
                [
                    "202202",
                    48
                ],
                [
                    "202201",
                    43
                ]
            ],
            "rank_gap":-2
        },
        {
            "index":330,
            "아파트명":"조례주공1,2단지",
            "투자타입":"재건축",
            "전용면적(m2)":"45.87",
            "전용면적(평)":"13평",
            "법정동주소":"전라남도 순천시 조례동 1348",
            "도로명주소":"전라남도 순천시 유동길 1",
            "세대수":50,
            "입주년차":"--",
            "용적률점수":0,
            "건폐율점수":0,
            "세대당주차수":"--",
            "난방방식":"--",
            "공급면적":50,
            "전용률":80,
            "욕실수":"--",
            "현관타입":"--",
            "주거총점":21.5,
            "지역구공급총점":0.0,
            "역세권":"NA",
            "30분내 이동가능 거점":"NA",
            "1시간내 이동가능 거점":"NA",
            "교통총점":"NA",
            "백화점":0,
            "아울렛몰":0,
            "대형마트":100,
            "은행":100,
            "병원":80,
            "종합병원":100,
            "공원":100,
            "혐오시설":0,
            "인프라총점":56.0,
            "초등학군":90.0,
            "중학군":42.32,
            "학군총점":51.856,
            "인구수":30.57,
            "인구증감":-0.33,
            "인구총점":21.3,
            "일자리":14.99,
            "소득수준":53.05,
            "일자리총점":26.408,
            "가치 총점":42.889,
            "매매실거래년":20211125.0,
            "매매실거래가":19000.0,
            "전세실거래년":20210226.0,
            "전세실거래가":6500.0,
            "전세가율":43.62,
            "장기전세가율평균":79.35,
            "전세가율거품지수":35.73,
            "검색코드":11846,
            "세대수":650.0,
            "준공년월":"1985-11-13",
            "준공년차":38.0,
            "가까운역이름":"NA",
            "가까운역거리":"NA",
            "역세권여부":"NA",
            "30분이내주요거점역":"NA",
            "30분거점역이름":"NA",
            "1시간이내주요거점역":"NA",
            "1시간거점역이름":"NA",
            "3km이내백화점수":0,
            "5km이내아울렛몰수":0,
            "1km이내대형먀트수":2,
            "500m이내은행수":7,
            "500m이내병원수":54,
            "5km이내대형병원수":6,
            "500m이내공원수":8,
            "3km이내혐오시설수":0,
            "초등학교학업성취도":90.0,
            "중학교학업성취도":69.0,
            "용적률":0,
            "건폐율":0,
            "Y":34.954,
            "X":127.51438,
            "rank":51.0,
            "area_info":"13평(45.87), 15평(52.37), 15평(52.73), 15평(52.35), 17평(58.88), 17평(59.35), 17평(59.41), 20평(67.54), 20평(67.88)",
            "last_sales":"2021-11-25,19000.0,17평(58.88)",
            "rank_history":[
                [
                    "202203",
                    51
                ],
                [
                    "202202",
                    50
                ],
                [
                    "202201",
                    45
                ]
            ],
            "rank_gap":-1
        },
        {
            "index":270,
            "아파트명":"동신1단지",
            "투자타입":"일반",
            "전용면적(m2)":"74.15",
            "전용면적(평)":"22평",
            "법정동주소":"전라남도 순천시 조례동 1610",
            "도로명주소":"전라남도 순천시 장선배기길 55",
            "세대수":50,
            "입주년차":0,
            "용적률점수":"--",
            "건폐율점수":"--",
            "세대당주차수":0,
            "난방방식":30,
            "공급면적":"--",
            "전용률":"--",
            "욕실수":50,
            "현관타입":100,
            "주거총점":35.5,
            "지역구공급총점":0.0,
            "역세권":"NA",
            "30분내 이동가능 거점":"NA",
            "1시간내 이동가능 거점":"NA",
            "교통총점":"NA",
            "백화점":0,
            "아울렛몰":0,
            "대형마트":80,
            "은행":0,
            "병원":60,
            "종합병원":100,
            "공원":100,
            "혐오시설":0,
            "인프라총점":41.0,
            "초등학군":89.99,
            "중학군":45.78,
            "학군총점":54.622,
            "인구수":30.57,
            "인구증감":-0.33,
            "인구총점":21.3,
            "일자리":14.99,
            "소득수준":53.05,
            "일자리총점":26.408,
            "가치 총점":42.4805,
            "매매실거래년":20220216.0,
            "매매실거래가":15500.0,
            "전세실거래년":20211230.0,
            "전세실거래가":12500.0,
            "전세가율":113.64,
            "장기전세가율평균":79.35,
            "전세가율거품지수":-34.29,
            "검색코드":4729,
            "세대수":576.0,
            "준공년월":"1994-10-29",
            "준공년차":29.0,
            "가까운역이름":"NA",
            "가까운역거리":"NA",
            "역세권여부":"NA",
            "30분이내주요거점역":"NA",
            "30분거점역이름":"NA",
            "1시간이내주요거점역":"NA",
            "1시간거점역이름":"NA",
            "3km이내백화점수":0,
            "5km이내아울렛몰수":0,
            "1km이내대형먀트수":1,
            "500m이내은행수":0,
            "500m이내병원수":15,
            "5km이내대형병원수":6,
            "500m이내공원수":7,
            "3km이내혐오시설수":0,
            "초등학교학업성취도":89.99,
            "중학교학업성취도":76.3,
            "용적률":234,
            "건폐율":23,
            "Y":34.955185,
            "X":127.529528,
            "rank":52.0,
            "area_info":"22평(74.15), 31평(103.54)",
            "last_sales":"2022-02-16,15500.0,31평(103.54)",
            "rank_history":[
                [
                    "202203",
                    52
                ],
                [
                    "202202",
                    51
                ],
                [
                    "202201",
                    47
                ]
            ],
            "rank_gap":-1
        },
        {
            "index":365,
            "아파트명":"중흥2단지",
            "투자타입":"일반",
            "전용면적(m2)":"75.7",
            "전용면적(평)":"22평",
            "법정동주소":"전라남도 순천시 조례동 1611",
            "도로명주소":"전라남도 순천시 장선배기길 63",
            "세대수":50,
            "입주년차":0,
            "용적률점수":"--",
            "건폐율점수":"--",
            "세대당주차수":0,
            "난방방식":30,
            "공급면적":"--",
            "전용률":"--",
            "욕실수":50,
            "현관타입":100,
            "주거총점":35.5,
            "지역구공급총점":0.0,
            "역세권":"NA",
            "30분내 이동가능 거점":"NA",
            "1시간내 이동가능 거점":"NA",
            "교통총점":"NA",
            "백화점":0,
            "아울렛몰":0,
            "대형마트":80,
            "은행":0,
            "병원":60,
            "종합병원":100,
            "공원":100,
            "혐오시설":0,
            "인프라총점":41.0,
            "초등학군":89.99,
            "중학군":45.78,
            "학군총점":54.622,
            "인구수":30.57,
            "인구증감":-0.33,
            "인구총점":21.3,
            "일자리":14.99,
            "소득수준":53.05,
            "일자리총점":26.408,
            "가치 총점":42.4805,
            "매매실거래년":20220208.0,
            "매매실거래가":14700.0,
            "전세실거래년":20220224.0,
            "전세실거래가":14000.0,
            "전세가율":95.24,
            "장기전세가율평균":79.35,
            "전세가율거품지수":-15.89,
            "검색코드":4742,
            "세대수":448.0,
            "준공년월":"1995-02-23",
            "준공년차":28.0,
            "가까운역이름":"NA",
            "가까운역거리":"NA",
            "역세권여부":"NA",
            "30분이내주요거점역":"NA",
            "30분거점역이름":"NA",
            "1시간이내주요거점역":"NA",
            "1시간거점역이름":"NA",
            "3km이내백화점수":0,
            "5km이내아울렛몰수":0,
            "1km이내대형먀트수":1,
            "500m이내은행수":0,
            "500m이내병원수":15,
            "5km이내대형병원수":6,
            "500m이내공원수":12,
            "3km이내혐오시설수":0,
            "초등학교학업성취도":89.99,
            "중학교학업성취도":76.3,
            "용적률":0,
            "건폐율":0,
            "Y":34.954275,
            "X":127.529742,
            "rank":52.0,
            "area_info":"22평(75.7)",
            "last_sales":"2022-02-08,14700.0,22평(75.7)",
            "rank_history":[
                [
                    "202203",
                    52
                ],
                [
                    "202202",
                    51
                ],
                [
                    "202201",
                    47
                ]
            ],
            "rank_gap":-1
        },
        {
            "index":2,
            "아파트명":"가곡양우내안애",
            "투자타입":"일반",
            "전용면적(m2)":"114.56",
            "전용면적(평)":"34평",
            "법정동주소":"전라남도 순천시 가곡동 1032-1",
            "도로명주소":"전라남도 순천시 원가곡길 75",
            "세대수":50,
            "입주년차":60,
            "용적률점수":"--",
            "건폐율점수":"--",
            "세대당주차수":30,
            "난방방식":30,
            "공급면적":"--",
            "전용률":"--",
            "욕실수":100,
            "현관타입":100,
            "주거총점":57.0,
            "지역구공급총점":0.0,
            "역세권":"NA",
            "30분내 이동가능 거점":"NA",
            "1시간내 이동가능 거점":"NA",
            "교통총점":"NA",
            "백화점":0,
            "아울렛몰":0,
            "대형마트":0,
            "은행":0,
            "병원":0,
            "종합병원":100,
            "공원":100,
            "혐오시설":0,
            "인프라총점":23.0,
            "초등학군":89.97,
            "중학군":44.1,
            "학군총점":53.274,
            "인구수":30.57,
            "인구증감":-0.33,
            "인구총점":21.3,
            "일자리":14.99,
            "소득수준":53.05,
            "일자리총점":26.408,
            "가치 총점":42.4685,
            "매매실거래년":20220122.0,
            "매매실거래가":27200.0,
            "전세실거래년":20220217.0,
            "전세실거래가":18000.0,
            "전세가율":66.18,
            "장기전세가율평균":79.35,
            "전세가율거품지수":13.17,
            "검색코드":106203,
            "세대수":530.0,
            "준공년월":"2013-11-06",
            "준공년차":10.0,
            "가까운역이름":"NA",
            "가까운역거리":"NA",
            "역세권여부":"NA",
            "30분이내주요거점역":"NA",
            "30분거점역이름":"NA",
            "1시간이내주요거점역":"NA",
            "1시간거점역이름":"NA",
            "3km이내백화점수":0,
            "5km이내아울렛몰수":0,
            "1km이내대형먀트수":0,
            "500m이내은행수":0,
            "500m이내병원수":0,
            "5km이내대형병원수":3,
            "500m이내공원수":4,
            "3km이내혐오시설수":0,
            "초등학교학업성취도":89.97,
            "중학교학업성취도":73.5,
            "용적률":260,
            "건폐율":18,
            "Y":34.985722,
            "X":127.47979,
            "rank":53.0,
            "area_info":"34평(114.56), 35평(116.67), 38평(126.15), 38평(127.2), 39평(130.12), 49평(165.06), 49평(165.06), 57평(189.96)",
            "last_sales":"2022-01-22,27200.0,34평(114.56)",
            "rank_history":[
                [
                    "202203",
                    53
                ],
                [
                    "202202",
                    52
                ],
                [
                    "202201",
                    41
                ]
            ],
            "rank_gap":-1
        },
        {
            "index":163,
            "아파트명":"코아루",
            "투자타입":"일반",
            "전용면적(m2)":"115.25",
            "전용면적(평)":"34평",
            "법정동주소":"전라남도 순천시 연향동 89-28",
            "도로명주소":"전라남도 순천시 안산길 50",
            "세대수":50,
            "입주년차":40,
            "용적률점수":"--",
            "건폐율점수":"--",
            "세대당주차수":30,
            "난방방식":30,
            "공급면적":"--",
            "전용률":"--",
            "욕실수":100,
            "현관타입":100,
            "주거총점":53.0,
            "지역구공급총점":0.0,
            "역세권":"NA",
            "30분내 이동가능 거점":"NA",
            "1시간내 이동가능 거점":"NA",
            "교통총점":"NA",
            "백화점":0,
            "아울렛몰":0,
            "대형마트":0,
            "은행":0,
            "병원":10,
            "종합병원":100,
            "공원":100,
            "혐오시설":0,
            "인프라총점":24.0,
            "초등학군":90.01,
            "중학군":48.7,
            "학군총점":56.962,
            "인구수":30.57,
            "인구증감":-0.33,
            "인구총점":21.3,
            "일자리":14.99,
            "소득수준":53.05,
            "일자리총점":26.408,
            "가치 총점":42.3905,
            "매매실거래년":20220124.0,
            "매매실거래가":24900.0,
            "전세실거래년":20210630.0,
            "전세실거래가":18300.0,
            "전세가율":73.49,
            "장기전세가율평균":79.35,
            "전세가율거품지수":5.86,
            "검색코드":19693,
            "세대수":450.0,
            "준공년월":"2004-11-29",
            "준공년차":19.0,
            "가까운역이름":"NA",
            "가까운역거리":"NA",
            "역세권여부":"NA",
            "30분이내주요거점역":"NA",
            "30분거점역이름":"NA",
            "1시간이내주요거점역":"NA",
            "1시간거점역이름":"NA",
            "3km이내백화점수":0,
            "5km이내아울렛몰수":0,
            "1km이내대형먀트수":0,
            "500m이내은행수":0,
            "500m이내병원수":3,
            "5km이내대형병원수":6,
            "500m이내공원수":8,
            "3km이내혐오시설수":0,
            "초등학교학업성취도":90.01,
            "중학교학업성취도":80.7,
            "용적률":181,
            "건폐율":14,
            "Y":34.936534,
            "X":127.527183,
            "rank":54.0,
            "area_info":"34평(115.25)",
            "last_sales":"2022-01-24,24900.0,34평(115.25)",
            "rank_history":[
                [
                    "202203",
                    54
                ],
                [
                    "202202",
                    53
                ],
                [
                    "202201",
                    48
                ]
            ],
            "rank_gap":-1
        },
        {
            "index":161,
            "아파트명":"율산에코지오",
            "투자타입":"일반",
            "전용면적(m2)":"106.08",
            "전용면적(평)":"32평",
            "법정동주소":"전라남도 순천시 연향동 1631",
            "도로명주소":"전라남도 순천시 도장길 40",
            "세대수":50,
            "입주년차":40,
            "용적률점수":"--",
            "건폐율점수":"--",
            "세대당주차수":30,
            "난방방식":30,
            "공급면적":"--",
            "전용률":"--",
            "욕실수":100,
            "현관타입":100,
            "주거총점":53.0,
            "지역구공급총점":0.0,
            "역세권":"NA",
            "30분내 이동가능 거점":"NA",
            "1시간내 이동가능 거점":"NA",
            "교통총점":"NA",
            "백화점":0,
            "아울렛몰":0,
            "대형마트":0,
            "은행":0,
            "병원":10,
            "종합병원":100,
            "공원":100,
            "혐오시설":0,
            "인프라총점":24.0,
            "초등학군":90.01,
            "중학군":48.7,
            "학군총점":56.962,
            "인구수":30.57,
            "인구증감":-0.33,
            "인구총점":21.3,
            "일자리":14.99,
            "소득수준":53.05,
            "일자리총점":26.408,
            "가치 총점":42.3905,
            "매매실거래년":20220208.0,
            "매매실거래가":19500.0,
            "전세실거래년":20210915.0,
            "전세실거래가":10000.0,
            "전세가율":51.28,
            "장기전세가율평균":79.35,
            "전세가율거품지수":28.07,
            "검색코드":102294,
            "세대수":442.0,
            "준공년월":"2004-04-20",
            "준공년차":19.0,
            "가까운역이름":"NA",
            "가까운역거리":"NA",
            "역세권여부":"NA",
            "30분이내주요거점역":"NA",
            "30분거점역이름":"NA",
            "1시간이내주요거점역":"NA",
            "1시간거점역이름":"NA",
            "3km이내백화점수":0,
            "5km이내아울렛몰수":0,
            "1km이내대형먀트수":0,
            "500m이내은행수":0,
            "500m이내병원수":3,
            "5km이내대형병원수":6,
            "500m이내공원수":12,
            "3km이내혐오시설수":0,
            "초등학교학업성취도":90.01,
            "중학교학업성취도":80.7,
            "용적률":219,
            "건폐율":17,
            "Y":34.938654,
            "X":127.52774,
            "rank":54.0,
            "area_info":"32평(106.08)",
            "last_sales":"2022-02-08,19500.0,32평(106.08)",
            "rank_history":[
                [
                    "202203",
                    54
                ],
                [
                    "202202",
                    53
                ],
                [
                    "202201",
                    48
                ]
            ],
            "rank_gap":-1
        },
        {
            "index":402,
            "아파트명":"부영7차",
            "투자타입":"일반",
            "전용면적(m2)":"104.89",
            "전용면적(평)":"31평",
            "법정동주소":"전라남도 순천시 해룡면 상삼리 660",
            "도로명주소":"전라남도 순천시 기적의도서관길 70",
            "세대수":30,
            "입주년차":0,
            "용적률점수":"--",
            "건폐율점수":"--",
            "세대당주차수":0,
            "난방방식":30,
            "공급면적":"--",
            "전용률":"--",
            "욕실수":100,
            "현관타입":100,
            "주거총점":33.5,
            "지역구공급총점":0.0,
            "역세권":"NA",
            "30분내 이동가능 거점":"NA",
            "1시간내 이동가능 거점":"NA",
            "교통총점":"NA",
            "백화점":0,
            "아울렛몰":0,
            "대형마트":80,
            "은행":0,
            "병원":60,
            "종합병원":100,
            "공원":100,
            "혐오시설":0,
            "인프라총점":41.0,
            "초등학군":90.0,
            "중학군":48.7,
            "학군총점":56.96,
            "인구수":30.57,
            "인구증감":-0.33,
            "인구총점":21.3,
            "일자리":14.99,
            "소득수준":53.05,
            "일자리총점":26.408,
            "가치 총점":42.365,
            "매매실거래년":20220128.0,
            "매매실거래가":18700.0,
            "전세실거래년":20220214.0,
            "전세실거래가":18500.0,
            "전세가율":98.93,
            "장기전세가율평균":79.35,
            "전세가율거품지수":-19.58,
            "검색코드":4759,
            "세대수":300.0,
            "준공년월":"1996-11-30",
            "준공년차":27.0,
            "가까운역이름":"NA",
            "가까운역거리":"NA",
            "역세권여부":"NA",
            "30분이내주요거점역":"NA",
            "30분거점역이름":"NA",
            "1시간이내주요거점역":"NA",
            "1시간거점역이름":"NA",
            "3km이내백화점수":0,
            "5km이내아울렛몰수":0,
            "1km이내대형먀트수":1,
            "500m이내은행수":1,
            "500m이내병원수":13,
            "5km이내대형병원수":6,
            "500m이내공원수":23,
            "3km이내혐오시설수":0,
            "초등학교학업성취도":90.0,
            "중학교학업성취도":80.7,
            "용적률":0,
            "건폐율":0,
            "Y":34.94728,
            "X":127.529749,
            "rank":55.0,
            "area_info":"31평(104.89)",
            "last_sales":"2022-01-28,18700.0,31평(104.89)",
            "rank_history":[
                [
                    "202203",
                    55
                ],
                [
                    "202202",
                    54
                ],
                [
                    "202201",
                    49
                ]
            ],
            "rank_gap":-1
        },
        {
            "index":281,
            "아파트명":"빌라트(도시형)",
            "투자타입":"일반",
            "전용면적(m2)":"46.98",
            "전용면적(평)":"14평",
            "법정동주소":"전라남도 순천시 조례동 1599-7",
            "도로명주소":"전라남도 순천시 장선배기길 6-35",
            "세대수":0,
            "입주년차":60,
            "용적률점수":"--",
            "건폐율점수":"--",
            "세대당주차수":0,
            "난방방식":30,
            "공급면적":"--",
            "전용률":"--",
            "욕실수":50,
            "현관타입":100,
            "주거총점":30.0,
            "지역구공급총점":0.0,
            "역세권":"NA",
            "30분내 이동가능 거점":"NA",
            "1시간내 이동가능 거점":"NA",
            "교통총점":"NA",
            "백화점":0,
            "아울렛몰":0,
            "대형마트":80,
            "은행":20,
            "병원":80,
            "종합병원":100,
            "공원":100,
            "혐오시설":0,
            "인프라총점":45.0,
            "초등학군":89.99,
            "중학군":45.78,
            "학군총점":54.622,
            "인구수":30.57,
            "인구증감":-0.33,
            "인구총점":21.3,
            "일자리":14.99,
            "소득수준":53.05,
            "일자리총점":26.408,
            "가치 총점":42.1555,
            "매매실거래년":20200420.0,
            "매매실거래가":6600.0,
            "전세실거래년":20220214.0,
            "전세실거래가":5200.0,
            "전세가율":78.79,
            "장기전세가율평균":79.35,
            "전세가율거품지수":0.56,
            "검색코드":125465,
            "세대수":54.0,
            "준공년월":"2013-01-15",
            "준공년차":10.0,
            "가까운역이름":"NA",
            "가까운역거리":"NA",
            "역세권여부":"NA",
            "30분이내주요거점역":"NA",
            "30분거점역이름":"NA",
            "1시간이내주요거점역":"NA",
            "1시간거점역이름":"NA",
            "3km이내백화점수":0,
            "5km이내아울렛몰수":0,
            "1km이내대형먀트수":1,
            "500m이내은행수":2,
            "500m이내병원수":38,
            "5km이내대형병원수":6,
            "500m이내공원수":8,
            "3km이내혐오시설수":0,
            "초등학교학업성취도":89.99,
            "중학교학업성취도":76.3,
            "용적률":0,
            "건폐율":0,
            "Y":34.952593,
            "X":127.524149,
            "rank":56.0,
            "area_info":"14평(46.98), 15평(52.66), 16평(55.08), 16평(55.17), 18평(62.05), 19평(65.83), 19평(65.79), 20평(68.63), 83평(277.08)",
            "last_sales":"2020-04-20,6600.0,14평(46.98)",
            "rank_history":[
                [
                    "202203",
                    56
                ],
                [
                    "202202",
                    9999
                ]
            ],
            "rank_gap":9999
        },
        {
            "index":89,
            "아파트명":"생목벽산",
            "투자타입":"일반",
            "전용면적(m2)":"103.42",
            "전용면적(평)":"31평",
            "법정동주소":"전라남도 순천시 생목동 59",
            "도로명주소":"전라남도 순천시 생목길 1",
            "세대수":80,
            "입주년차":20,
            "용적률점수":"--",
            "건폐율점수":"--",
            "세대당주차수":30,
            "난방방식":30,
            "공급면적":"--",
            "전용률":"--",
            "욕실수":100,
            "현관타입":100,
            "주거총점":59.5,
            "지역구공급총점":0.0,
            "역세권":"NA",
            "30분내 이동가능 거점":"NA",
            "1시간내 이동가능 거점":"NA",
            "교통총점":"NA",
            "백화점":0,
            "아울렛몰":0,
            "대형마트":0,
            "은행":0,
            "병원":0,
            "종합병원":100,
            "공원":100,
            "혐오시설":0,
            "인프라총점":23.0,
            "초등학군":89.97,
            "중학군":36.36,
            "학군총점":47.082,
            "인구수":30.57,
            "인구증감":-0.33,
            "인구총점":21.3,
            "일자리":14.99,
            "소득수준":53.05,
            "일자리총점":26.408,
            "가치 총점":41.7955,
            "매매실거래년":20220203.0,
            "매매실거래가":19300.0,
            "전세실거래년":20200611.0,
            "전세실거래가":11000.0,
            "전세가율":68.75,
            "장기전세가율평균":79.35,
            "전세가율거품지수":10.6,
            "검색코드":4659,
            "세대수":731.0,
            "준공년월":"2000-03-15",
            "준공년차":23.0,
            "가까운역이름":"NA",
            "가까운역거리":"NA",
            "역세권여부":"NA",
            "30분이내주요거점역":"NA",
            "30분거점역이름":"NA",
            "1시간이내주요거점역":"NA",
            "1시간거점역이름":"NA",
            "3km이내백화점수":0,
            "5km이내아울렛몰수":0,
            "1km이내대형먀트수":0,
            "500m이내은행수":0,
            "500m이내병원수":0,
            "5km이내대형병원수":6,
            "500m이내공원수":10,
            "3km이내혐오시설수":0,
            "초등학교학업성취도":89.97,
            "중학교학업성취도":58.6,
            "용적률":222,
            "건폐율":22,
            "Y":34.952068,
            "X":127.507386,
            "rank":57.0,
            "area_info":"31평(103.42), 31평(103.45), 42평(141.03), 42평(141.45), 43평(142.99), 56평(187.27)",
            "last_sales":"2022-02-03,19300.0,42평(141.03)",
            "rank_history":[
                [
                    "202203",
                    57
                ],
                [
                    "202202",
                    55
                ],
                [
                    "202201",
                    53
                ]
            ],
            "rank_gap":-2
        },
        {
            "index":305,
            "아파트명":"시대",
            "투자타입":"재건축",
            "전용면적(m2)":"38.78",
            "전용면적(평)":"11평",
            "법정동주소":"전라남도 순천시 조례동 766",
            "도로명주소":"전라남도 순천시 비봉2길 22",
            "세대수":100,
            "입주년차":"--",
            "용적률점수":0,
            "건폐율점수":0,
            "세대당주차수":"--",
            "난방방식":"--",
            "공급면적":50,
            "전용률":60,
            "욕실수":"--",
            "현관타입":"--",
            "주거총점":35.5,
            "지역구공급총점":0.0,
            "역세권":"NA",
            "30분내 이동가능 거점":"NA",
            "1시간내 이동가능 거점":"NA",
            "교통총점":"NA",
            "백화점":0,
            "아울렛몰":0,
            "대형마트":80,
            "은행":0,
            "병원":30,
            "종합병원":100,
            "공원":100,
            "혐오시설":0,
            "인프라총점":38.0,
            "초등학군":90.0,
            "중학군":47.18,
            "학군총점":55.744,
            "인구수":30.57,
            "인구증감":-0.33,
            "인구총점":21.3,
            "일자리":14.99,
            "소득수준":53.05,
            "일자리총점":26.408,
            "가치 총점":41.561,
            "매매실거래년":20220221.0,
            "매매실거래가":6600.0,
            "전세실거래년":20220216.0,
            "전세실거래가":3707.0,
            "전세가율":90.41,
            "장기전세가율평균":79.35,
            "전세가율거품지수":-11.06,
            "검색코드":102173,
            "세대수":2794.0,
            "준공년월":"1992-11-25",
            "준공년차":31.0,
            "가까운역이름":"NA",
            "가까운역거리":"NA",
            "역세권여부":"NA",
            "30분이내주요거점역":"NA",
            "30분거점역이름":"NA",
            "1시간이내주요거점역":"NA",
            "1시간거점역이름":"NA",
            "3km이내백화점수":0,
            "5km이내아울렛몰수":0,
            "1km이내대형먀트수":1,
            "500m이내은행수":0,
            "500m이내병원수":8,
            "5km이내대형병원수":6,
            "500m이내공원수":5,
            "3km이내혐오시설수":0,
            "초등학교학업성취도":90.0,
            "중학교학업성취도":76.9,
            "용적률":0,
            "건폐율":0,
            "Y":34.973356,
            "X":127.519721,
            "rank":58.0,
            "area_info":"11평(38.78), 13평(45.94), 14평(47.23), 14평(47.21), 21평(70.51)",
            "last_sales":"2022-02-21,6600.0,14평(47.23)",
            "rank_history":[
                [
                    "202203",
                    58
                ],
                [
                    "202202",
                    57
                ],
                [
                    "202201",
                    56
                ]
            ],
            "rank_gap":-1
        },
        {
            "index":231,
            "아파트명":"삼성",
            "투자타입":"일반",
            "전용면적(m2)":"81.21",
            "전용면적(평)":"24평",
            "법정동주소":"전라남도 순천시 용당동 215",
            "도로명주소":"전라남도 순천시 삼산로 135-5",
            "세대수":80,
            "입주년차":0,
            "용적률점수":"--",
            "건폐율점수":"--",
            "세대당주차수":0,
            "난방방식":30,
            "공급면적":"--",
            "전용률":"--",
            "욕실수":50,
            "현관타입":10,
            "주거총점":37.0,
            "지역구공급총점":0.0,
            "역세권":"NA",
            "30분내 이동가능 거점":"NA",
            "1시간내 이동가능 거점":"NA",
            "교통총점":"NA",
            "백화점":0,
            "아울렛몰":0,
            "대형마트":80,
            "은행":0,
            "병원":30,
            "종합병원":100,
            "공원":100,
            "혐오시설":0,
            "인프라총점":38.0,
            "초등학군":89.97,
            "중학군":44.1,
            "학군총점":53.274,
            "인구수":30.57,
            "인구증감":-0.33,
            "인구총점":21.3,
            "일자리":14.99,
            "소득수준":53.05,
            "일자리총점":26.408,
            "가치 총점":41.4685,
            "매매실거래년":20220218.0,
            "매매실거래가":8200.0,
            "전세실거래년":20210225.0,
            "전세실거래가":7300.0,
            "전세가율":89.02,
            "장기전세가율평균":79.35,
            "전세가율거품지수":-9.67,
            "검색코드":4696,
            "세대수":762.0,
            "준공년월":"1993-10-22",
            "준공년차":30.0,
            "가까운역이름":"NA",
            "가까운역거리":"NA",
            "역세권여부":"NA",
            "30분이내주요거점역":"NA",
            "30분거점역이름":"NA",
            "1시간이내주요거점역":"NA",
            "1시간거점역이름":"NA",
            "3km이내백화점수":0,
            "5km이내아울렛몰수":0,
            "1km이내대형먀트수":1,
            "500m이내은행수":0,
            "500m이내병원수":6,
            "5km이내대형병원수":6,
            "500m이내공원수":5,
            "3km이내혐오시설수":0,
            "초등학교학업성취도":89.97,
            "중학교학업성취도":73.5,
            "용적률":0,
            "건폐율":0,
            "Y":34.975377,
            "X":127.495583,
            "rank":59.0,
            "area_info":"24평(81.21), 32평(105.92), 46평(154.33)",
            "last_sales":"2022-02-18,8200.0,24평(81.21)",
            "rank_history":[
                [
                    "202203",
                    59
                ],
                [
                    "202202",
                    56
                ],
                [
                    "202201",
                    79
                ]
            ],
            "rank_gap":-3
        },
        {
            "index":353,
            "아파트명":"조례현대",
            "투자타입":"일반",
            "전용면적(m2)":"75.55",
            "전용면적(평)":"22평",
            "법정동주소":"전라남도 순천시 조례동 505-3",
            "도로명주소":"전라남도 순천시 장승길 40",
            "세대수":30,
            "입주년차":0,
            "용적률점수":"--",
            "건폐율점수":"--",
            "세대당주차수":0,
            "난방방식":30,
            "공급면적":"--",
            "전용률":"--",
            "욕실수":50,
            "현관타입":100,
            "주거총점":28.5,
            "지역구공급총점":0.0,
            "역세권":"NA",
            "30분내 이동가능 거점":"NA",
            "1시간내 이동가능 거점":"NA",
            "교통총점":"NA",
            "백화점":0,
            "아울렛몰":0,
            "대형마트":100,
            "은행":0,
            "병원":80,
            "종합병원":100,
            "공원":100,
            "혐오시설":0,
            "인프라총점":46.0,
            "초등학군":90.06,
            "중학군":42.32,
            "학군총점":51.868,
            "인구수":30.57,
            "인구증감":-0.33,
            "인구총점":21.3,
            "일자리":14.99,
            "소득수준":53.05,
            "일자리총점":26.408,
            "가치 총점":41.342,
            "매매실거래년":20220106.0,
            "매매실거래가":11800.0,
            "전세실거래년":20220124.0,
            "전세실거래가":14500.0,
            "전세가율":122.88,
            "장기전세가율평균":79.35,
            "전세가율거품지수":-43.53,
            "검색코드":4744,
            "세대수":374.0,
            "준공년월":"1995-10-19",
            "준공년차":28.0,
            "가까운역이름":"NA",
            "가까운역거리":"NA",
            "역세권여부":"NA",
            "30분이내주요거점역":"NA",
            "30분거점역이름":"NA",
            "1시간이내주요거점역":"NA",
            "1시간거점역이름":"NA",
            "3km이내백화점수":0,
            "5km이내아울렛몰수":0,
            "1km이내대형먀트수":2,
            "500m이내은행수":0,
            "500m이내병원수":34,
            "5km이내대형병원수":6,
            "500m이내공원수":6,
            "3km이내혐오시설수":0,
            "초등학교학업성취도":90.06,
            "중학교학업성취도":69.0,
            "용적률":243,
            "건폐율":20,
            "Y":34.957649,
            "X":127.523437,
            "rank":60.0,
            "area_info":"22평(75.55), 22평(75.11), 22평(75.14), 26평(87.96), 31평(102.66)",
            "last_sales":"2022-01-06,11800.0,22평(75.55)",
            "rank_history":[
                [
                    "202203",
                    60
                ],
                [
                    "202202",
                    58
                ],
                [
                    "202201",
                    54
                ]
            ],
            "rank_gap":-2
        },
        {
            "index":366,
            "아파트명":"중흥3단지",
            "투자타입":"일반",
            "전용면적(m2)":"78.41",
            "전용면적(평)":"23평",
            "법정동주소":"전라남도 순천시 조례동 1804",
            "도로명주소":"전라남도 순천시 왕궁길 60",
            "세대수":50,
            "입주년차":20,
            "용적률점수":"--",
            "건폐율점수":"--",
            "세대당주차수":30,
            "난방방식":30,
            "공급면적":"--",
            "전용률":"--",
            "욕실수":50,
            "현관타입":100,
            "주거총점":44.0,
            "지역구공급총점":0.0,
            "역세권":"NA",
            "30분내 이동가능 거점":"NA",
            "1시간내 이동가능 거점":"NA",
            "교통총점":"NA",
            "백화점":0,
            "아울렛몰":0,
            "대형마트":0,
            "은행":0,
            "병원":60,
            "종합병원":100,
            "공원":100,
            "혐오시설":0,
            "인프라총점":29.0,
            "초등학군":90.01,
            "중학군":48.84,
            "학군총점":57.074,
            "인구수":30.57,
            "인구증감":-0.33,
            "인구총점":21.3,
            "일자리":14.99,
            "소득수준":53.05,
            "일자리총점":26.408,
            "가치 총점":41.2685,
            "매매실거래년":20220214.0,
            "매매실거래가":13900.0,
            "전세실거래년":20220215.0,
            "전세실거래가":14000.0,
            "전세가율":100.72,
            "장기전세가율평균":79.35,
            "전세가율거품지수":-21.37,
            "검색코드":4743,
            "세대수":404.0,
            "준공년월":"1999-07-22",
            "준공년차":24.0,
            "가까운역이름":"NA",
            "가까운역거리":"NA",
            "역세권여부":"NA",
            "30분이내주요거점역":"NA",
            "30분거점역이름":"NA",
            "1시간이내주요거점역":"NA",
            "1시간거점역이름":"NA",
            "3km이내백화점수":0,
            "5km이내아울렛몰수":0,
            "1km이내대형먀트수":0,
            "500m이내은행수":0,
            "500m이내병원수":11,
            "5km이내대형병원수":6,
            "500m이내공원수":6,
            "3km이내혐오시설수":0,
            "초등학교학업성취도":90.01,
            "중학교학업성취도":81.4,
            "용적률":201,
            "건폐율":25,
            "Y":34.956377,
            "X":127.532478,
            "rank":61.0,
            "area_info":"23평(78.41)",
            "last_sales":"2022-02-14,13900.0,23평(78.41)",
            "rank_history":[
                [
                    "202203",
                    61
                ],
                [
                    "202202",
                    59
                ],
                [
                    "202201",
                    59
                ]
            ],
            "rank_gap":-2
        },
        {
            "index":345,
            "아파트명":"조례주공6단지",
            "투자타입":"일반",
            "전용면적(m2)":"53.15",
            "전용면적(평)":"16평",
            "법정동주소":"전라남도 순천시 조례동 1659",
            "도로명주소":"전라남도 순천시 봉화2길 105",
            "세대수":50,
            "입주년차":0,
            "용적률점수":"--",
            "건폐율점수":"--",
            "세대당주차수":0,
            "난방방식":80,
            "공급면적":"--",
            "전용률":"--",
            "욕실수":50,
            "현관타입":10,
            "주거총점":31.5,
            "지역구공급총점":0.0,
            "역세권":"NA",
            "30분내 이동가능 거점":"NA",
            "1시간내 이동가능 거점":"NA",
            "교통총점":"NA",
            "백화점":0,
            "아울렛몰":0,
            "대형마트":80,
            "은행":0,
            "병원":80,
            "종합병원":100,
            "공원":100,
            "혐오시설":0,
            "인프라총점":43.0,
            "초등학군":89.99,
            "중학군":42.32,
            "학군총점":51.854,
            "인구수":30.57,
            "인구증감":-0.33,
            "인구총점":21.3,
            "일자리":14.99,
            "소득수준":53.05,
            "일자리총점":26.408,
            "가치 총점":41.1885,
            "매매실거래년":20220210.0,
            "매매실거래가":9200.0,
            "전세실거래년":20201123.0,
            "전세실거래가":6000.0,
            "전세가율":82.19,
            "장기전세가율평균":79.35,
            "전세가율거품지수":-2.84,
            "검색코드":11849,
            "세대수":535.0,
            "준공년월":"1995-05-04",
            "준공년차":28.0,
            "가까운역이름":"NA",
            "가까운역거리":"NA",
            "역세권여부":"NA",
            "30분이내주요거점역":"NA",
            "30분거점역이름":"NA",
            "1시간이내주요거점역":"NA",
            "1시간거점역이름":"NA",
            "3km이내백화점수":0,
            "5km이내아울렛몰수":0,
            "1km이내대형먀트수":1,
            "500m이내은행수":0,
            "500m이내병원수":32,
            "5km이내대형병원수":6,
            "500m이내공원수":6,
            "3km이내혐오시설수":0,
            "초등학교학업성취도":89.99,
            "중학교학업성취도":69.0,
            "용적률":0,
            "건폐율":0,
            "Y":34.962681,
            "X":127.517035,
            "rank":62.0,
            "area_info":"16평(53.15), 23평(78.98)",
            "last_sales":"2022-02-10,9200.0,23평(78.98)",
            "rank_history":[
                [
                    "202203",
                    62
                ],
                [
                    "202202",
                    60
                ],
                [
                    "202201",
                    60
                ]
            ],
            "rank_gap":-2
        },
        {
            "index":312,
            "아파트명":"연동대주파크빌2차",
            "투자타입":"일반",
            "전용면적(m2)":"82.45",
            "전용면적(평)":"24평",
            "법정동주소":"전라남도 순천시 조례동 68-19",
            "도로명주소":"전라남도 순천시 백연길 105",
            "세대수":50,
            "입주년차":40,
            "용적률점수":"--",
            "건폐율점수":"--",
            "세대당주차수":0,
            "난방방식":30,
            "공급면적":"--",
            "전용률":"--",
            "욕실수":50,
            "현관타입":100,
            "주거총점":43.5,
            "지역구공급총점":0.0,
            "역세권":"NA",
            "30분내 이동가능 거점":"NA",
            "1시간내 이동가능 거점":"NA",
            "교통총점":"NA",
            "백화점":0,
            "아울렛몰":0,
            "대형마트":0,
            "은행":0,
            "병원":60,
            "종합병원":100,
            "공원":100,
            "혐오시설":0,
            "인프라총점":29.0,
            "초등학군":90.01,
            "중학군":48.84,
            "학군총점":57.074,
            "인구수":30.57,
            "인구증감":-0.33,
            "인구총점":21.3,
            "일자리":14.99,
            "소득수준":53.05,
            "일자리총점":26.408,
            "가치 총점":41.0935,
            "매매실거래년":20220222.0,
            "매매실거래가":17500.0,
            "전세실거래년":20210120.0,
            "전세실거래가":15000.0,
            "전세가율":85.71,
            "장기전세가율평균":79.35,
            "전세가율거품지수":-6.36,
            "검색코드":19528,
            "세대수":517.0,
            "준공년월":"2005-02-17",
            "준공년차":18.0,
            "가까운역이름":"NA",
            "가까운역거리":"NA",
            "역세권여부":"NA",
            "30분이내주요거점역":"NA",
            "30분거점역이름":"NA",
            "1시간이내주요거점역":"NA",
            "1시간거점역이름":"NA",
            "3km이내백화점수":0,
            "5km이내아울렛몰수":0,
            "1km이내대형먀트수":0,
            "500m이내은행수":0,
            "500m이내병원수":11,
            "5km이내대형병원수":6,
            "500m이내공원수":10,
            "3km이내혐오시설수":0,
            "초등학교학업성취도":90.01,
            "중학교학업성취도":81.4,
            "용적률":180,
            "건폐율":19,
            "Y":34.953446,
            "X":127.534476,
            "rank":63.0,
            "area_info":"24평(82.45), 33평(109.97), 33평(110.61)",
            "last_sales":"2022-02-22,17500.0,24평(82.45)",
            "rank_history":[
                [
                    "202203",
                    63
                ],
                [
                    "202202",
                    61
                ],
                [
                    "202201",
                    61
                ]
            ],
            "rank_gap":-2
        },
        {
            "index":291,
            "아파트명":"송촌프라임",
            "투자타입":"일반",
            "전용면적(m2)":"99.17",
            "전용면적(평)":"29평",
            "법정동주소":"전라남도 순천시 조례동 1800",
            "도로명주소":"전라남도 순천시 왕궁길 95",
            "세대수":50,
            "입주년차":20,
            "용적률점수":"--",
            "건폐율점수":"--",
            "세대당주차수":30,
            "난방방식":30,
            "공급면적":"--",
            "전용률":"--",
            "욕실수":100,
            "현관타입":100,
            "주거총점":49.0,
            "지역구공급총점":0.0,
            "역세권":"NA",
            "30분내 이동가능 거점":"NA",
            "1시간내 이동가능 거점":"NA",
            "교통총점":"NA",
            "백화점":0,
            "아울렛몰":0,
            "대형마트":0,
            "은행":0,
            "병원":10,
            "종합병원":100,
            "공원":100,
            "혐오시설":0,
            "인프라총점":24.0,
            "초등학군":90.01,
            "중학군":48.84,
            "학군총점":57.074,
            "인구수":30.57,
            "인구증감":-0.33,
            "인구총점":21.3,
            "일자리":14.99,
            "소득수준":53.05,
            "일자리총점":26.408,
            "가치 총점":41.0185,
            "매매실거래년":20211015.0,
            "매매실거래가":31900.0,
            "전세실거래년":20190213.0,
            "전세실거래가":15500.0,
            "전세가율":70.62,
            "장기전세가율평균":79.35,
            "전세가율거품지수":8.73,
            "검색코드":14930,
            "세대수":484.0,
            "준공년월":"2001-03-31",
            "준공년차":22.0,
            "가까운역이름":"NA",
            "가까운역거리":"NA",
            "역세권여부":"NA",
            "30분이내주요거점역":"NA",
            "30분거점역이름":"NA",
            "1시간이내주요거점역":"NA",
            "1시간거점역이름":"NA",
            "3km이내백화점수":0,
            "5km이내아울렛몰수":0,
            "1km이내대형먀트수":0,
            "500m이내은행수":0,
            "500m이내병원수":3,
            "5km이내대형병원수":6,
            "500m이내공원수":5,
            "3km이내혐오시설수":0,
            "초등학교학업성취도":90.01,
            "중학교학업성취도":81.4,
            "용적률":231,
            "건폐율":21,
            "Y":34.959231,
            "X":127.533929,
            "rank":64.0,
            "area_info":"29평(99.17), 33평(110.04), 39평(130.58), 48평(159.37)",
            "last_sales":"2021-10-15,31900.0,39평(130.58)",
            "rank_history":[
                [
                    "202203",
                    64
                ],
                [
                    "202202",
                    62
                ],
                [
                    "202201",
                    55
                ]
            ],
            "rank_gap":-2
        },
        {
            "index":404,
            "아파트명":"송촌파인힐",
            "투자타입":"일반",
            "전용면적(m2)":"98.01",
            "전용면적(평)":"29평",
            "법정동주소":"전라남도 순천시 해룡면 상삼리 696",
            "도로명주소":"전라남도 순천시 장선배기길 298",
            "세대수":30,
            "입주년차":20,
            "용적률점수":"--",
            "건폐율점수":"--",
            "세대당주차수":30,
            "난방방식":30,
            "공급면적":"--",
            "전용률":"--",
            "욕실수":100,
            "현관타입":100,
            "주거총점":42.0,
            "지역구공급총점":0.0,
            "역세권":"NA",
            "30분내 이동가능 거점":"NA",
            "1시간내 이동가능 거점":"NA",
            "교통총점":"NA",
            "백화점":0,
            "아울렛몰":0,
            "대형마트":0,
            "은행":0,
            "병원":60,
            "종합병원":100,
            "공원":100,
            "혐오시설":0,
            "인프라총점":29.0,
            "초등학군":89.99,
            "중학군":48.7,
            "학군총점":56.958,
            "인구수":30.57,
            "인구증감":-0.33,
            "인구총점":21.3,
            "일자리":14.99,
            "소득수준":53.05,
            "일자리총점":26.408,
            "가치 총점":40.5395,
            "매매실거래년":20220114.0,
            "매매실거래가":21000.0,
            "전세실거래년":20210405.0,
            "전세실거래가":18000.0,
            "전세가율":94.74,
            "장기전세가율평균":79.35,
            "전세가율거품지수":-15.39,
            "검색코드":4762,
            "세대수":352.0,
            "준공년월":"1999-01-09",
            "준공년차":24.0,
            "가까운역이름":"NA",
            "가까운역거리":"NA",
            "역세권여부":"NA",
            "30분이내주요거점역":"NA",
            "30분거점역이름":"NA",
            "1시간이내주요거점역":"NA",
            "1시간거점역이름":"NA",
            "3km이내백화점수":0,
            "5km이내아울렛몰수":0,
            "1km이내대형먀트수":0,
            "500m이내은행수":1,
            "500m이내병원수":12,
            "5km이내대형병원수":6,
            "500m이내공원수":25,
            "3km이내혐오시설수":0,
            "초등학교학업성취도":89.99,
            "중학교학업성취도":80.7,
            "용적률":228,
            "건폐율":20,
            "Y":34.944198,
            "X":127.530073,
            "rank":65.0,
            "area_info":"29평(98.01), 33평(109.94)",
            "last_sales":"2022-01-14,21000.0,33평(109.94)",
            "rank_history":[
                [
                    "202203",
                    65
                ],
                [
                    "202202",
                    63
                ],
                [
                    "202201",
                    57
                ]
            ],
            "rank_gap":-2
        },
        {
            "index":162,
            "아파트명":"중흥파크S클래스빌",
            "투자타입":"일반",
            "전용면적(m2)":"114.34",
            "전용면적(평)":"34평",
            "법정동주소":"전라남도 순천시 연향동 1515",
            "도로명주소":"전라남도 순천시 기적의도서관2길 51",
            "세대수":30,
            "입주년차":20,
            "용적률점수":"--",
            "건폐율점수":"--",
            "세대당주차수":30,
            "난방방식":30,
            "공급면적":"--",
            "전용률":"--",
            "욕실수":100,
            "현관타입":100,
            "주거총점":42.0,
            "지역구공급총점":0.0,
            "역세권":"NA",
            "30분내 이동가능 거점":"NA",
            "1시간내 이동가능 거점":"NA",
            "교통총점":"NA",
            "백화점":0,
            "아울렛몰":0,
            "대형마트":0,
            "은행":0,
            "병원":60,
            "종합병원":100,
            "공원":100,
            "혐오시설":0,
            "인프라총점":29.0,
            "초등학군":89.99,
            "중학군":48.7,
            "학군총점":56.958,
            "인구수":30.57,
            "인구증감":-0.33,
            "인구총점":21.3,
            "일자리":14.99,
            "소득수준":53.05,
            "일자리총점":26.408,
            "가치 총점":40.5395,
            "매매실거래년":20220223.0,
            "매매실거래가":24800.0,
            "전세실거래년":20200401.0,
            "전세실거래가":19000.0,
            "전세가율":76.61,
            "장기전세가율평균":79.35,
            "전세가율거품지수":2.74,
            "검색코드":100890,
            "세대수":360.0,
            "준공년월":"2001-10-23",
            "준공년차":22.0,
            "가까운역이름":"NA",
            "가까운역거리":"NA",
            "역세권여부":"NA",
            "30분이내주요거점역":"NA",
            "30분거점역이름":"NA",
            "1시간이내주요거점역":"NA",
            "1시간거점역이름":"NA",
            "3km이내백화점수":0,
            "5km이내아울렛몰수":0,
            "1km이내대형먀트수":0,
            "500m이내은행수":1,
            "500m이내병원수":15,
            "5km이내대형병원수":6,
            "500m이내공원수":15,
            "3km이내혐오시설수":0,
            "초등학교학업성취도":89.99,
            "중학교학업성취도":80.7,
            "용적률":231,
            "건폐율":18,
            "Y":34.943911,
            "X":127.528082,
            "rank":65.0,
            "area_info":"34평(114.34)",
            "last_sales":"2022-02-23,24800.0,34평(114.34)",
            "rank_history":[
                [
                    "202203",
                    65
                ],
                [
                    "202202",
                    63
                ],
                [
                    "202201",
                    57
                ]
            ],
            "rank_gap":-2
        },
        {
            "index":343,
            "아파트명":"조례주공4단지",
            "투자타입":"일반",
            "전용면적(m2)":"50.31",
            "전용면적(평)":"15평",
            "법정동주소":"전라남도 순천시 조례동 1668",
            "도로명주소":"전라남도 순천시 신월큰길 51",
            "세대수":50,
            "입주년차":0,
            "용적률점수":"--",
            "건폐율점수":"--",
            "세대당주차수":0,
            "난방방식":80,
            "공급면적":"--",
            "전용률":"--",
            "욕실수":50,
            "현관타입":10,
            "주거총점":31.5,
            "지역구공급총점":0.0,
            "역세권":"NA",
            "30분내 이동가능 거점":"NA",
            "1시간내 이동가능 거점":"NA",
            "교통총점":"NA",
            "백화점":0,
            "아울렛몰":0,
            "대형마트":80,
            "은행":0,
            "병원":60,
            "종합병원":100,
            "공원":100,
            "혐오시설":0,
            "인프라총점":41.0,
            "초등학군":89.99,
            "중학군":42.32,
            "학군총점":51.854,
            "인구수":30.57,
            "인구증감":-0.33,
            "인구총점":21.3,
            "일자리":14.99,
            "소득수준":53.05,
            "일자리총점":26.408,
            "가치 총점":40.3885,
            "매매실거래년":20220219.0,
            "매매실거래가":6700.0,
            "전세실거래년":20211122.0,
            "전세실거래가":9000.0,
            "전세가율":147.54,
            "장기전세가율평균":79.35,
            "전세가율거품지수":-68.19,
            "검색코드":11854,
            "세대수":465.0,
            "준공년월":"1993-07-28",
            "준공년차":30.0,
            "가까운역이름":"NA",
            "가까운역거리":"NA",
            "역세권여부":"NA",
            "30분이내주요거점역":"NA",
            "30분거점역이름":"NA",
            "1시간이내주요거점역":"NA",
            "1시간거점역이름":"NA",
            "3km이내백화점수":0,
            "5km이내아울렛몰수":0,
            "1km이내대형먀트수":1,
            "500m이내은행수":0,
            "500m이내병원수":28,
            "5km이내대형병원수":6,
            "500m이내공원수":9,
            "3km이내혐오시설수":0,
            "초등학교학업성취도":89.99,
            "중학교학업성취도":69.0,
            "용적률":0,
            "건폐율":0,
            "Y":34.960467,
            "X":127.515625,
            "rank":66.0,
            "area_info":"15평(50.31), 17평(57.53)",
            "last_sales":"2022-02-19,6700.0,17평(57.53)",
            "rank_history":[
                [
                    "202203",
                    66
                ],
                [
                    "202202",
                    64
                ],
                [
                    "202201",
                    60
                ]
            ],
            "rank_gap":-2
        },
        {
            "index":260,
            "아파트명":"금당대림",
            "투자타입":"일반",
            "전용면적(m2)":"110.35",
            "전용면적(평)":"33평",
            "법정동주소":"전라남도 순천시 조례동 1629",
            "도로명주소":"전라남도 순천시 장선배기길 89",
            "세대수":0,
            "입주년차":0,
            "용적률점수":"--",
            "건폐율점수":"--",
            "세대당주차수":30,
            "난방방식":30,
            "공급면적":"--",
            "전용률":"--",
            "욕실수":100,
            "현관타입":100,
            "주거총점":27.5,
            "지역구공급총점":0.0,
            "역세권":"NA",
            "30분내 이동가능 거점":"NA",
            "1시간내 이동가능 거점":"NA",
            "교통총점":"NA",
            "백화점":0,
            "아울렛몰":0,
            "대형마트":80,
            "은행":0,
            "병원":60,
            "종합병원":100,
            "공원":100,
            "혐오시설":0,
            "인프라총점":41.0,
            "초등학군":90.02,
            "중학군":48.84,
            "학군총점":57.076,
            "인구수":30.57,
            "인구증감":-0.33,
            "인구총점":21.3,
            "일자리":14.99,
            "소득수준":53.05,
            "일자리총점":26.408,
            "가치 총점":40.294,
            "매매실거래년":20220217.0,
            "매매실거래가":18400.0,
            "전세실거래년":20190103.0,
            "전세실거래가":14000.0,
            "전세가율":76.09,
            "장기전세가율평균":79.35,
            "전세가율거품지수":3.26,
            "검색코드":4711,
            "세대수":280.0,
            "준공년월":"1994-09-23",
            "준공년차":29.0,
            "가까운역이름":"NA",
            "가까운역거리":"NA",
            "역세권여부":"NA",
            "30분이내주요거점역":"NA",
            "30분거점역이름":"NA",
            "1시간이내주요거점역":"NA",
            "1시간거점역이름":"NA",
            "3km이내백화점수":0,
            "5km이내아울렛몰수":0,
            "1km이내대형먀트수":1,
            "500m이내은행수":0,
            "500m이내병원수":16,
            "5km이내대형병원수":6,
            "500m이내공원수":14,
            "3km이내혐오시설수":0,
            "초등학교학업성취도":90.02,
            "중학교학업성취도":81.4,
            "용적률":236,
            "건폐율":18,
            "Y":34.952305,
            "X":127.530651,
            "rank":67.0,
            "area_info":"33평(110.35), 40평(134.43), 46평(153.16)",
            "last_sales":"2022-02-17,18400.0,33평(110.35)",
            "rank_history":[
                [
                    "202203",
                    67
                ],
                [
                    "202202",
                    65
                ],
                [
                    "202201",
                    58
                ]
            ],
            "rank_gap":-2
        },
        {
            "index":325,
            "아파트명":"조례석호",
            "투자타입":"일반",
            "전용면적(m2)":"76.81",
            "전용면적(평)":"23평",
            "법정동주소":"전라남도 순천시 조례동 1450",
            "도로명주소":"전라남도 순천시 송정길 43",
            "세대수":30,
            "입주년차":20,
            "용적률점수":"--",
            "건폐율점수":"--",
            "세대당주차수":0,
            "난방방식":30,
            "공급면적":"--",
            "전용률":"--",
            "욕실수":100,
            "현관타입":100,
            "주거총점":37.5,
            "지역구공급총점":0.0,
            "역세권":"NA",
            "30분내 이동가능 거점":"NA",
            "1시간내 이동가능 거점":"NA",
            "교통총점":"NA",
            "백화점":0,
            "아울렛몰":0,
            "대형마트":80,
            "은행":0,
            "병원":0,
            "종합병원":100,
            "공원":100,
            "혐오시설":0,
            "인프라총점":35.0,
            "초등학군":89.99,
            "중학군":42.32,
            "학군총점":51.854,
            "인구수":30.57,
            "인구증감":-0.33,
            "인구총점":21.3,
            "일자리":14.99,
            "소득수준":53.05,
            "일자리총점":26.408,
            "가치 총점":40.0885,
            "매매실거래년":20220209.0,
            "매매실거래가":14250.0,
            "전세실거래년":20220224.0,
            "전세실거래가":12000.0,
            "전세가율":84.21,
            "장기전세가율평균":79.35,
            "전세가율거품지수":-4.86,
            "검색코드":105129,
            "세대수":355.0,
            "준공년월":"2003-05-27",
            "준공년차":20.0,
            "가까운역이름":"NA",
            "가까운역거리":"NA",
            "역세권여부":"NA",
            "30분이내주요거점역":"NA",
            "30분거점역이름":"NA",
            "1시간이내주요거점역":"NA",
            "1시간거점역이름":"NA",
            "3km이내백화점수":0,
            "5km이내아울렛몰수":0,
            "1km이내대형먀트수":1,
            "500m이내은행수":0,
            "500m이내병원수":1,
            "5km이내대형병원수":6,
            "500m이내공원수":6,
            "3km이내혐오시설수":0,
            "초등학교학업성취도":89.99,
            "중학교학업성취도":69.0,
            "용적률":261,
            "건폐율":26,
            "Y":34.959804,
            "X":127.512059,
            "rank":68.0,
            "area_info":"23평(76.81), 31평(103.72), 32평(107.8)",
            "last_sales":"2022-02-09,14250.0,23평(76.81)",
            "rank_history":[
                [
                    "202203",
                    68
                ],
                [
                    "202202",
                    66
                ],
                [
                    "202201",
                    64
                ]
            ],
            "rank_gap":-2
        },
        {
            "index":225,
            "아파트명":"삼산현대",
            "투자타입":"재건축",
            "전용면적(m2)":"71.39",
            "전용면적(평)":"21평",
            "법정동주소":"전라남도 순천시 용당동 191-1",
            "도로명주소":"전라남도 순천시 삼산로 103-13",
            "세대수":80,
            "입주년차":"--",
            "용적률점수":0,
            "건폐율점수":0,
            "세대당주차수":"--",
            "난방방식":"--",
            "공급면적":50,
            "전용률":60,
            "욕실수":"--",
            "현관타입":"--",
            "주거총점":29.5,
            "지역구공급총점":0.0,
            "역세권":"NA",
            "30분내 이동가능 거점":"NA",
            "1시간내 이동가능 거점":"NA",
            "교통총점":"NA",
            "백화점":0,
            "아울렛몰":0,
            "대형마트":80,
            "은행":0,
            "병원":60,
            "종합병원":100,
            "공원":100,
            "혐오시설":0,
            "인프라총점":41.0,
            "초등학군":89.97,
            "중학군":44.1,
            "학군총점":53.274,
            "인구수":30.57,
            "인구증감":-0.33,
            "인구총점":21.3,
            "일자리":14.99,
            "소득수준":53.05,
            "일자리총점":26.408,
            "가치 총점":40.0435,
            "매매실거래년":20220212.0,
            "매매실거래가":15200.0,
            "전세실거래년":20211106.0,
            "전세실거래가":7245.0,
            "전세가율":90.56,
            "장기전세가율평균":79.35,
            "전세가율거품지수":-11.21,
            "검색코드":4693,
            "세대수":894.0,
            "준공년월":"1989-12-23",
            "준공년차":34.0,
            "가까운역이름":"NA",
            "가까운역거리":"NA",
            "역세권여부":"NA",
            "30분이내주요거점역":"NA",
            "30분거점역이름":"NA",
            "1시간이내주요거점역":"NA",
            "1시간거점역이름":"NA",
            "3km이내백화점수":0,
            "5km이내아울렛몰수":0,
            "1km이내대형먀트수":1,
            "500m이내은행수":0,
            "500m이내병원수":10,
            "5km이내대형병원수":6,
            "500m이내공원수":5,
            "3km이내혐오시설수":0,
            "초등학교학업성취도":89.97,
            "중학교학업성취도":73.5,
            "용적률":0,
            "건폐율":0,
            "Y":34.975089,
            "X":127.493646,
            "rank":69.0,
            "area_info":"21평(71.39), 23평(76.51), 26평(86.79), 26평(89.07), 31평(104.89), 46평(153.38)",
            "last_sales":"2022-02-12,15200.0,31평(104.89)",
            "rank_history":[
                [
                    "202203",
                    69
                ],
                [
                    "202202",
                    67
                ],
                [
                    "202201",
                    86
                ]
            ],
            "rank_gap":-2
        },
        {
            "index":384,
            "아파트명":"순천리가안(도시형)",
            "투자타입":"일반",
            "전용면적(m2)":"30.16",
            "전용면적(평)":"9평",
            "법정동주소":"전라남도 순천시 풍덕동 276-3",
            "도로명주소":"전라남도 순천시 하풍1길 13",
            "세대수":0,
            "입주년차":80,
            "용적률점수":"--",
            "건폐율점수":"--",
            "세대당주차수":0,
            "난방방식":30,
            "공급면적":"--",
            "전용률":"--",
            "욕실수":50,
            "현관타입":10,
            "주거총점":25.0,
            "지역구공급총점":0.0,
            "역세권":"NA",
            "30분내 이동가능 거점":"NA",
            "1시간내 이동가능 거점":"NA",
            "교통총점":"NA",
            "백화점":0,
            "아울렛몰":0,
            "대형마트":100,
            "은행":0,
            "병원":60,
            "종합병원":100,
            "공원":100,
            "혐오시설":0,
            "인프라총점":44.0,
            "초등학군":90.0,
            "중학군":44.94,
            "학군총점":53.952,
            "인구수":30.57,
            "인구증감":-0.33,
            "인구총점":21.3,
            "일자리":14.99,
            "소득수준":53.05,
            "일자리총점":26.408,
            "가치 총점":39.838,
            "매매실거래년":20220215.0,
            "매매실거래가":6100.0,
            "전세실거래년":20220120.0,
            "전세실거래가":5000.0,
            "전세가율":81.97,
            "장기전세가율평균":79.35,
            "전세가율거품지수":-2.62,
            "검색코드":115213,
            "세대수":252.0,
            "준공년월":"2016-05-16",
            "준공년차":7.0,
            "가까운역이름":"NA",
            "가까운역거리":"NA",
            "역세권여부":"NA",
            "30분이내주요거점역":"NA",
            "30분거점역이름":"NA",
            "1시간이내주요거점역":"NA",
            "1시간거점역이름":"NA",
            "3km이내백화점수":0,
            "5km이내아울렛몰수":0,
            "1km이내대형먀트수":2,
            "500m이내은행수":1,
            "500m이내병원수":11,
            "5km이내대형병원수":6,
            "500m이내공원수":2,
            "3km이내혐오시설수":0,
            "초등학교학업성취도":90.0,
            "중학교학업성취도":74.9,
            "용적률":617,
            "건폐율":79,
            "Y":34.939964,
            "X":127.507022,
            "rank":70.0,
            "area_info":"9평(30.16), 10평(33.99), 10평(35.71), 16평(53.82)",
            "last_sales":"2022-02-15,6100.0,9평(30.16)",
            "rank_history":[
                [
                    "202203",
                    70
                ],
                [
                    "202202",
                    68
                ],
                [
                    "202201",
                    62
                ]
            ],
            "rank_gap":-2
        },
        {
            "index":310,
            "아파트명":"연동대주1차",
            "투자타입":"일반",
            "전용면적(m2)":"76.07",
            "전용면적(평)":"23평",
            "법정동주소":"전라남도 순천시 조례동 1820",
            "도로명주소":"전라남도 순천시 연동남길 24",
            "세대수":50,
            "입주년차":20,
            "용적률점수":"--",
            "건폐율점수":"--",
            "세대당주차수":0,
            "난방방식":30,
            "공급면적":"--",
            "전용률":"--",
            "욕실수":50,
            "현관타입":100,
            "주거총점":39.5,
            "지역구공급총점":0.0,
            "역세권":"NA",
            "30분내 이동가능 거점":"NA",
            "1시간내 이동가능 거점":"NA",
            "교통총점":"NA",
            "백화점":0,
            "아울렛몰":0,
            "대형마트":0,
            "은행":0,
            "병원":60,
            "종합병원":100,
            "공원":100,
            "혐오시설":0,
            "인프라총점":29.0,
            "초등학군":90.01,
            "중학군":48.84,
            "학군총점":57.074,
            "인구수":30.57,
            "인구증감":-0.33,
            "인구총점":21.3,
            "일자리":14.99,
            "소득수준":53.05,
            "일자리총점":26.408,
            "가치 총점":39.6935,
            "매매실거래년":20220128.0,
            "매매실거래가":15800.0,
            "전세실거래년":20220208.0,
            "전세실거래가":15500.0,
            "전세가율":98.1,
            "장기전세가율평균":79.35,
            "전세가율거품지수":-18.75,
            "검색코드":106359,
            "세대수":581.0,
            "준공년월":"2003-03-21",
            "준공년차":20.0,
            "가까운역이름":"NA",
            "가까운역거리":"NA",
            "역세권여부":"NA",
            "30분이내주요거점역":"NA",
            "30분거점역이름":"NA",
            "1시간이내주요거점역":"NA",
            "1시간거점역이름":"NA",
            "3km이내백화점수":0,
            "5km이내아울렛몰수":0,
            "1km이내대형먀트수":0,
            "500m이내은행수":0,
            "500m이내병원수":10,
            "5km이내대형병원수":6,
            "500m이내공원수":5,
            "3km이내혐오시설수":0,
            "초등학교학업성취도":90.01,
            "중학교학업성취도":81.4,
            "용적률":212,
            "건폐율":21,
            "Y":34.955407,
            "X":127.53579,
            "rank":71.0,
            "area_info":"23평(76.07), 32평(107.44)",
            "last_sales":"2022-01-28,15800.0,23평(76.07)",
            "rank_history":[
                [
                    "202203",
                    71
                ],
                [
                    "202202",
                    69
                ],
                [
                    "202201",
                    69
                ]
            ],
            "rank_gap":-2
        },
        {
            "index":443,
            "아파트명":"청솔1차",
            "투자타입":"일반",
            "전용면적(m2)":"71.0",
            "전용면적(평)":"21평",
            "법정동주소":"전라남도 순천시 해룡면 상삼리 691",
            "도로명주소":"전라남도 순천시 장선배기길 284",
            "세대수":50,
            "입주년차":20,
            "용적률점수":"--",
            "건폐율점수":"--",
            "세대당주차수":0,
            "난방방식":30,
            "공급면적":"--",
            "전용률":"--",
            "욕실수":50,
            "현관타입":100,
            "주거총점":39.5,
            "지역구공급총점":0.0,
            "역세권":"NA",
            "30분내 이동가능 거점":"NA",
            "1시간내 이동가능 거점":"NA",
            "교통총점":"NA",
            "백화점":0,
            "아울렛몰":0,
            "대형마트":0,
            "은행":0,
            "병원":60,
            "종합병원":100,
            "공원":100,
            "혐오시설":0,
            "인프라총점":29.0,
            "초등학군":89.99,
            "중학군":48.7,
            "학군총점":56.958,
            "인구수":30.57,
            "인구증감":-0.33,
            "인구총점":21.3,
            "일자리":14.99,
            "소득수준":53.05,
            "일자리총점":26.408,
            "가치 총점":39.6645,
            "매매실거래년":20220214.0,
            "매매실거래가":10600.0,
            "전세실거래년":20220224.0,
            "전세실거래가":10000.0,
            "전세가율":94.34,
            "장기전세가율평균":79.35,
            "전세가율거품지수":-14.99,
            "검색코드":112457,
            "세대수":558.0,
            "준공년월":"2001-07-13",
            "준공년차":22.0,
            "가까운역이름":"NA",
            "가까운역거리":"NA",
            "역세권여부":"NA",
            "30분이내주요거점역":"NA",
            "30분거점역이름":"NA",
            "1시간이내주요거점역":"NA",
            "1시간거점역이름":"NA",
            "3km이내백화점수":0,
            "5km이내아울렛몰수":0,
            "1km이내대형먀트수":0,
            "500m이내은행수":1,
            "500m이내병원수":13,
            "5km이내대형병원수":6,
            "500m이내공원수":23,
            "3km이내혐오시설수":0,
            "초등학교학업성취도":89.99,
            "중학교학업성취도":80.7,
            "용적률":217,
            "건폐율":22,
            "Y":34.945387,
            "X":127.529891,
            "rank":72.0,
            "area_info":"21평(71.0)",
            "last_sales":"2022-02-14,10600.0,21평(71.0)",
            "rank_history":[
                [
                    "202203",
                    72
                ],
                [
                    "202202",
                    70
                ],
                [
                    "202201",
                    63
                ]
            ],
            "rank_gap":-2
        },
        {
            "index":290,
            "아파트명":"서해골드빌",
            "투자타입":"일반",
            "전용면적(m2)":"115.58",
            "전용면적(평)":"34평",
            "법정동주소":"전라남도 순천시 조례동 1730-1",
            "도로명주소":"전라남도 순천시 비봉길 6",
            "세대수":0,
            "입주년차":40,
            "용적률점수":"--",
            "건폐율점수":"--",
            "세대당주차수":30,
            "난방방식":30,
            "공급면적":"--",
            "전용률":"--",
            "욕실수":100,
            "현관타입":10,
            "주거총점":26.5,
            "지역구공급총점":0.0,
            "역세권":"NA",
            "30분내 이동가능 거점":"NA",
            "1시간내 이동가능 거점":"NA",
            "교통총점":"NA",
            "백화점":0,
            "아울렛몰":0,
            "대형마트":80,
            "은행":0,
            "병원":60,
            "종합병원":100,
            "공원":100,
            "혐오시설":0,
            "인프라총점":41.0,
            "초등학군":90.0,
            "중학군":47.18,
            "학군총점":55.744,
            "인구수":30.57,
            "인구증감":-0.33,
            "인구총점":21.3,
            "일자리":14.99,
            "소득수준":53.05,
            "일자리총점":26.408,
            "가치 총점":39.611,
            "매매실거래년":20211202.0,
            "매매실거래가":22770.0,
            "전세실거래년":20210731.0,
            "전세실거래가":19000.0,
            "전세가율":83.44,
            "장기전세가율평균":79.35,
            "전세가율거품지수":-4.09,
            "검색코드":103031,
            "세대수":240.0,
            "준공년월":"2004-09-20",
            "준공년차":19.0,
            "가까운역이름":"NA",
            "가까운역거리":"NA",
            "역세권여부":"NA",
            "30분이내주요거점역":"NA",
            "30분거점역이름":"NA",
            "1시간이내주요거점역":"NA",
            "1시간거점역이름":"NA",
            "3km이내백화점수":0,
            "5km이내아울렛몰수":0,
            "1km이내대형먀트수":1,
            "500m이내은행수":0,
            "500m이내병원수":13,
            "5km이내대형병원수":6,
            "500m이내공원수":4,
            "3km이내혐오시설수":0,
            "초등학교학업성취도":90.0,
            "중학교학업성취도":76.9,
            "용적률":235,
            "건폐율":20,
            "Y":34.971798,
            "X":127.520037,
            "rank":73.0,
            "area_info":"34평(115.58)",
            "last_sales":"2021-12-02,22770.0,34평(115.58)",
            "rank_history":[
                [
                    "202203",
                    73
                ],
                [
                    "202202",
                    71
                ],
                [
                    "202201",
                    71
                ]
            ],
            "rank_gap":-2
        },
        {
            "index":347,
            "아파트명":"조례주공7단지",
            "투자타입":"일반",
            "전용면적(m2)":"55.19",
            "전용면적(평)":"16평",
            "법정동주소":"전라남도 순천시 조례동 1658",
            "도로명주소":"전라남도 순천시 봉화2길 116",
            "세대수":50,
            "입주년차":0,
            "용적률점수":"--",
            "건폐율점수":"--",
            "세대당주차수":0,
            "난방방식":30,
            "공급면적":"--",
            "전용률":"--",
            "욕실수":50,
            "현관타입":10,
            "주거총점":26.5,
            "지역구공급총점":0.0,
            "역세권":"NA",
            "30분내 이동가능 거점":"NA",
            "1시간내 이동가능 거점":"NA",
            "교통총점":"NA",
            "백화점":0,
            "아울렛몰":0,
            "대형마트":80,
            "은행":0,
            "병원":80,
            "종합병원":100,
            "공원":100,
            "혐오시설":0,
            "인프라총점":43.0,
            "초등학군":90.01,
            "중학군":42.32,
            "학군총점":51.858,
            "인구수":30.57,
            "인구증감":-0.33,
            "인구총점":21.3,
            "일자리":14.99,
            "소득수준":53.05,
            "일자리총점":26.408,
            "가치 총점":39.4395,
            "매매실거래년":20220214.0,
            "매매실거래가":9000.0,
            "전세실거래년":20211022.0,
            "전세실거래가":6700.0,
            "전세가율":89.33,
            "장기전세가율평균":79.35,
            "전세가율거품지수":-9.98,
            "검색코드":11850,
            "세대수":490.0,
            "준공년월":"1996-12-04",
            "준공년차":27.0,
            "가까운역이름":"NA",
            "가까운역거리":"NA",
            "역세권여부":"NA",
            "30분이내주요거점역":"NA",
            "30분거점역이름":"NA",
            "1시간이내주요거점역":"NA",
            "1시간거점역이름":"NA",
            "3km이내백화점수":0,
            "5km이내아울렛몰수":0,
            "1km이내대형먀트수":1,
            "500m이내은행수":0,
            "500m이내병원수":35,
            "5km이내대형병원수":6,
            "500m이내공원수":5,
            "3km이내혐오시설수":0,
            "초등학교학업성취도":90.01,
            "중학교학업성취도":69.0,
            "용적률":0,
            "건폐율":0,
            "Y":34.962652,
            "X":127.51882,
            "rank":74.0,
            "area_info":"16평(55.19), 20평(68.29)",
            "last_sales":"2022-02-14,9000.0,20평(68.29)",
            "rank_history":[
                [
                    "202203",
                    74
                ],
                [
                    "202202",
                    72
                ],
                [
                    "202201",
                    68
                ]
            ],
            "rank_gap":-2
        },
        {
            "index":372,
            "아파트명":"현대2차",
            "투자타입":"일반",
            "전용면적(m2)":"95.78",
            "전용면적(평)":"28평",
            "법정동주소":"전라남도 순천시 조례동 1801",
            "도로명주소":"전라남도 순천시 왕궁길 79",
            "세대수":30,
            "입주년차":20,
            "용적률점수":"--",
            "건폐율점수":"--",
            "세대당주차수":30,
            "난방방식":30,
            "공급면적":"--",
            "전용률":"--",
            "욕실수":100,
            "현관타입":100,
            "주거총점":42.0,
            "지역구공급총점":0.0,
            "역세권":"NA",
            "30분내 이동가능 거점":"NA",
            "1시간내 이동가능 거점":"NA",
            "교통총점":"NA",
            "백화점":0,
            "아울렛몰":0,
            "대형마트":0,
            "은행":0,
            "병원":30,
            "종합병원":100,
            "공원":100,
            "혐오시설":0,
            "인프라총점":26.0,
            "초등학군":90.01,
            "중학군":48.84,
            "학군총점":57.074,
            "인구수":30.57,
            "인구증감":-0.33,
            "인구총점":21.3,
            "일자리":14.99,
            "소득수준":53.05,
            "일자리총점":26.408,
            "가치 총점":39.3685,
            "매매실거래년":20211213.0,
            "매매실거래가":20000.0,
            "전세실거래년":20211126.0,
            "전세실거래가":14000.0,
            "전세가율":80.92,
            "장기전세가율평균":79.35,
            "전세가율거품지수":-1.57,
            "검색코드":4740,
            "세대수":390.0,
            "준공년월":"1999-02-09",
            "준공년차":24.0,
            "가까운역이름":"NA",
            "가까운역거리":"NA",
            "역세권여부":"NA",
            "30분이내주요거점역":"NA",
            "30분거점역이름":"NA",
            "1시간이내주요거점역":"NA",
            "1시간거점역이름":"NA",
            "3km이내백화점수":0,
            "5km이내아울렛몰수":0,
            "1km이내대형먀트수":0,
            "500m이내은행수":0,
            "500m이내병원수":7,
            "5km이내대형병원수":6,
            "500m이내공원수":6,
            "3km이내혐오시설수":0,
            "초등학교학업성취도":90.01,
            "중학교학업성취도":81.4,
            "용적률":232,
            "건폐율":20,
            "Y":34.957917,
            "X":127.531976,
            "rank":75.0,
            "area_info":"28평(95.78), 31평(103.83), 47평(157.1)",
            "last_sales":"2021-12-13,20000.0,31평(103.83)",
            "rank_history":[
                [
                    "202203",
                    75
                ],
                [
                    "202202",
                    73
                ],
                [
                    "202201",
                    65
                ]
            ],
            "rank_gap":-2
        },
        {
            "index":367,
            "아파트명":"현대",
            "투자타입":"일반",
            "전용면적(m2)":"93.46",
            "전용면적(평)":"28평",
            "법정동주소":"전라남도 순천시 조례동 1802",
            "도로명주소":"전라남도 순천시 왕궁길 65",
            "세대수":30,
            "입주년차":0,
            "용적률점수":"--",
            "건폐율점수":"--",
            "세대당주차수":30,
            "난방방식":30,
            "공급면적":"--",
            "전용률":"--",
            "욕실수":100,
            "현관타입":100,
            "주거총점":38.0,
            "지역구공급총점":0.0,
            "역세권":"NA",
            "30분내 이동가능 거점":"NA",
            "1시간내 이동가능 거점":"NA",
            "교통총점":"NA",
            "백화점":0,
            "아울렛몰":0,
            "대형마트":0,
            "은행":0,
            "병원":60,
            "종합병원":100,
            "공원":100,
            "혐오시설":0,
            "인프라총점":29.0,
            "초등학군":90.01,
            "중학군":48.84,
            "학군총점":57.074,
            "인구수":30.57,
            "인구증감":-0.33,
            "인구총점":21.3,
            "일자리":14.99,
            "소득수준":53.05,
            "일자리총점":26.408,
            "가치 총점":39.1685,
            "매매실거래년":20211116.0,
            "매매실거래가":34300.0,
            "전세실거래년":20200704.0,
            "전세실거래가":15500.0,
            "전세가율":90.64,
            "장기전세가율평균":79.35,
            "전세가율거품지수":-11.29,
            "검색코드":4738,
            "세대수":397.0,
            "준공년월":"1998-12-16",
            "준공년차":25.0,
            "가까운역이름":"NA",
            "가까운역거리":"NA",
            "역세권여부":"NA",
            "30분이내주요거점역":"NA",
            "30분거점역이름":"NA",
            "1시간이내주요거점역":"NA",
            "1시간거점역이름":"NA",
            "3km이내백화점수":0,
            "5km이내아울렛몰수":0,
            "1km이내대형먀트수":0,
            "500m이내은행수":0,
            "500m이내병원수":10,
            "5km이내대형병원수":6,
            "500m이내공원수":6,
            "3km이내혐오시설수":0,
            "초등학교학업성취도":90.01,
            "중학교학업성취도":81.4,
            "용적률":230,
            "건폐율":21,
            "Y":34.957093,
            "X":127.531127,
            "rank":76.0,
            "area_info":"28평(93.46), 28평(93.86), 31평(102.89), 36평(121.86), 49평(164.5)",
            "last_sales":"2021-11-16,34300.0,49평(164.5)",
            "rank_history":[
                [
                    "202203",
                    76
                ],
                [
                    "202202",
                    74
                ],
                [
                    "202201",
                    74
                ]
            ],
            "rank_gap":-2
        },
        {
            "index":395,
            "아파트명":"금당그리안",
            "투자타입":"일반",
            "전용면적(m2)":"80.3",
            "전용면적(평)":"24평",
            "법정동주소":"전라남도 순천시 해룡면 상삼리 693",
            "도로명주소":"전라남도 순천시 장선배기길 181",
            "세대수":30,
            "입주년차":20,
            "용적률점수":"--",
            "건폐율점수":"--",
            "세대당주차수":30,
            "난방방식":30,
            "공급면적":"--",
            "전용률":"--",
            "욕실수":50,
            "현관타입":100,
            "주거총점":37.0,
            "지역구공급총점":0.0,
            "역세권":"NA",
            "30분내 이동가능 거점":"NA",
            "1시간내 이동가능 거점":"NA",
            "교통총점":"NA",
            "백화점":0,
            "아울렛몰":0,
            "대형마트":0,
            "은행":0,
            "병원":60,
            "종합병원":100,
            "공원":100,
            "혐오시설":0,
            "인프라총점":29.0,
            "초등학군":90.0,
            "중학군":48.7,
            "학군총점":56.96,
            "인구수":30.57,
            "인구증감":-0.33,
            "인구총점":21.3,
            "일자리":14.99,
            "소득수준":53.05,
            "일자리총점":26.408,
            "가치 총점":38.79,
            "매매실거래년":20220209.0,
            "매매실거래가":10500.0,
            "전세실거래년":20220223.0,
            "전세실거래가":12000.0,
            "전세가율":114.29,
            "장기전세가율평균":79.35,
            "전세가율거품지수":-34.94,
            "검색코드":109083,
            "세대수":329.0,
            "준공년월":"1999-06-30",
            "준공년차":24.0,
            "가까운역이름":"NA",
            "가까운역거리":"NA",
            "역세권여부":"NA",
            "30분이내주요거점역":"NA",
            "30분거점역이름":"NA",
            "1시간이내주요거점역":"NA",
            "1시간거점역이름":"NA",
            "3km이내백화점수":0,
            "5km이내아울렛몰수":0,
            "1km이내대형먀트수":0,
            "500m이내은행수":0,
            "500m이내병원수":10,
            "5km이내대형병원수":6,
            "500m이내공원수":19,
            "3km이내혐오시설수":0,
            "초등학교학업성취도":90.0,
            "중학교학업성취도":80.7,
            "용적률":217,
            "건폐율":18,
            "Y":34.945592,
            "X":127.531597,
            "rank":77.0,
            "area_info":"24평(80.3)",
            "last_sales":"2022-02-09,10500.0,24평(80.3)",
            "rank_history":[
                [
                    "202203",
                    77
                ],
                [
                    "202202",
                    75
                ],
                [
                    "202201",
                    76
                ]
            ],
            "rank_gap":-2
        },
        {
            "index":265,
            "아파트명":"대림",
            "투자타입":"재건축",
            "전용면적(m2)":"89.49",
            "전용면적(평)":"27평",
            "법정동주소":"전라남도 순천시 조례동 851",
            "도로명주소":"전라남도 순천시 봉화2길 119",
            "세대수":50,
            "입주년차":"--",
            "용적률점수":0,
            "건폐율점수":0,
            "세대당주차수":"--",
            "난방방식":"--",
            "공급면적":70,
            "전용률":80,
            "욕실수":"--",
            "현관타입":"--",
            "주거총점":22.5,
            "지역구공급총점":0.0,
            "역세권":"NA",
            "30분내 이동가능 거점":"NA",
            "1시간내 이동가능 거점":"NA",
            "교통총점":"NA",
            "백화점":0,
            "아울렛몰":0,
            "대형마트":100,
            "은행":0,
            "병원":60,
            "종합병원":100,
            "공원":100,
            "혐오시설":0,
            "인프라총점":44.0,
            "초등학군":90.01,
            "중학군":42.32,
            "학군총점":51.858,
            "인구수":30.57,
            "인구증감":-0.33,
            "인구총점":21.3,
            "일자리":14.99,
            "소득수준":53.05,
            "일자리총점":26.408,
            "가치 총점":38.4395,
            "매매실거래년":20220117.0,
            "매매실거래가":27000.0,
            "전세실거래년":20211028.0,
            "전세실거래가":13500.0,
            "전세가율":100.75,
            "장기전세가율평균":79.35,
            "전세가율거품지수":-21.4,
            "검색코드":4722,
            "세대수":479.0,
            "준공년월":"1992-05-28",
            "준공년차":31.0,
            "가까운역이름":"NA",
            "가까운역거리":"NA",
            "역세권여부":"NA",
            "30분이내주요거점역":"NA",
            "30분거점역이름":"NA",
            "1시간이내주요거점역":"NA",
            "1시간거점역이름":"NA",
            "3km이내백화점수":0,
            "5km이내아울렛몰수":0,
            "1km이내대형먀트수":2,
            "500m이내은행수":0,
            "500m이내병원수":28,
            "5km이내대형병원수":6,
            "500m이내공원수":6,
            "3km이내혐오시설수":0,
            "초등학교학업성취도":90.01,
            "중학교학업성취도":69.0,
            "용적률":0,
            "건폐율":0,
            "Y":34.964034,
            "X":127.517323,
            "rank":78.0,
            "area_info":"27평(89.49), 31평(102.67), 45평(149.66)",
            "last_sales":"2022-01-17,27000.0,45평(149.66)",
            "rank_history":[
                [
                    "202203",
                    78
                ],
                [
                    "202202",
                    76
                ],
                [
                    "202201",
                    80
                ]
            ],
            "rank_gap":-2
        },
        {
            "index":396,
            "아파트명":"금당우미2차",
            "투자타입":"일반",
            "전용면적(m2)":"64.35",
            "전용면적(평)":"19평",
            "법정동주소":"전라남도 순천시 해룡면 상삼리 653",
            "도로명주소":"전라남도 순천시 장선배기길 141",
            "세대수":50,
            "입주년차":0,
            "용적률점수":"--",
            "건폐율점수":"--",
            "세대당주차수":0,
            "난방방식":30,
            "공급면적":"--",
            "전용률":"--",
            "욕실수":50,
            "현관타입":100,
            "주거총점":35.5,
            "지역구공급총점":0.0,
            "역세권":"NA",
            "30분내 이동가능 거점":"NA",
            "1시간내 이동가능 거점":"NA",
            "교통총점":"NA",
            "백화점":0,
            "아울렛몰":0,
            "대형마트":0,
            "은행":0,
            "병원":60,
            "종합병원":100,
            "공원":100,
            "혐오시설":0,
            "인프라총점":29.0,
            "초등학군":90.02,
            "중학군":49.46,
            "학군총점":57.572,
            "인구수":30.57,
            "인구증감":-0.33,
            "인구총점":21.3,
            "일자리":14.99,
            "소득수준":53.05,
            "일자리총점":26.408,
            "가치 총점":38.418,
            "매매실거래년":20220207.0,
            "매매실거래가":9700.0,
            "전세실거래년":20220104.0,
            "전세실거래가":9000.0,
            "전세가율":92.78,
            "장기전세가율평균":79.35,
            "전세가율거품지수":-13.43,
            "검색코드":4757,
            "세대수":416.0,
            "준공년월":"1994-12-26",
            "준공년차":29.0,
            "가까운역이름":"NA",
            "가까운역거리":"NA",
            "역세권여부":"NA",
            "30분이내주요거점역":"NA",
            "30분거점역이름":"NA",
            "1시간이내주요거점역":"NA",
            "1시간거점역이름":"NA",
            "3km이내백화점수":0,
            "5km이내아울렛몰수":0,
            "1km이내대형먀트수":0,
            "500m이내은행수":0,
            "500m이내병원수":13,
            "5km이내대형병원수":6,
            "500m이내공원수":22,
            "3km이내혐오시설수":0,
            "초등학교학업성취도":90.02,
            "중학교학업성취도":81.9,
            "용적률":0,
            "건폐율":0,
            "Y":34.948845,
            "X":127.531108,
            "rank":79.0,
            "area_info":"19평(64.35), 22평(75.32)",
            "last_sales":"2022-02-07,9700.0,19평(64.35)",
            "rank_history":[
                [
                    "202203",
                    79
                ],
                [
                    "202202",
                    77
                ],
                [
                    "202201",
                    42
                ]
            ],
            "rank_gap":-2
        },
        {
            "index":157,
            "아파트명":"연향호반리젠시빌",
            "투자타입":"일반",
            "전용면적(m2)":"57.55",
            "전용면적(평)":"17평",
            "법정동주소":"전라남도 순천시 연향동 1626-1",
            "도로명주소":"전라남도 순천시 안산길 5",
            "세대수":80,
            "입주년차":20,
            "용적률점수":"--",
            "건폐율점수":"--",
            "세대당주차수":0,
            "난방방식":30,
            "공급면적":"--",
            "전용률":"--",
            "욕실수":50,
            "현관타입":10,
            "주거총점":41.0,
            "지역구공급총점":0.0,
            "역세권":"NA",
            "30분내 이동가능 거점":"NA",
            "1시간내 이동가능 거점":"NA",
            "교통총점":"NA",
            "백화점":0,
            "아울렛몰":0,
            "대형마트":0,
            "은행":0,
            "병원":10,
            "종합병원":100,
            "공원":100,
            "혐오시설":0,
            "인프라총점":24.0,
            "초등학군":90.01,
            "중학군":48.7,
            "학군총점":56.962,
            "인구수":30.57,
            "인구증감":-0.33,
            "인구총점":21.3,
            "일자리":14.99,
            "소득수준":53.05,
            "일자리총점":26.408,
            "가치 총점":38.1905,
            "매매실거래년":20220215.0,
            "매매실거래가":7400.0,
            "전세실거래년":20220224.0,
            "전세실거래가":7350.0,
            "전세가율":99.32,
            "장기전세가율평균":79.35,
            "전세가율거품지수":-19.97,
            "검색코드":100887,
            "세대수":841.0,
            "준공년월":"2000-10-21",
            "준공년차":23.0,
            "가까운역이름":"NA",
            "가까운역거리":"NA",
            "역세권여부":"NA",
            "30분이내주요거점역":"NA",
            "30분거점역이름":"NA",
            "1시간이내주요거점역":"NA",
            "1시간거점역이름":"NA",
            "3km이내백화점수":0,
            "5km이내아울렛몰수":0,
            "1km이내대형먀트수":0,
            "500m이내은행수":0,
            "500m이내병원수":3,
            "5km이내대형병원수":6,
            "500m이내공원수":13,
            "3km이내혐오시설수":0,
            "초등학교학업성취도":90.01,
            "중학교학업성취도":80.7,
            "용적률":196,
            "건폐율":16,
            "Y":34.940063,
            "X":127.528268,
            "rank":80.0,
            "area_info":"17평(57.55), 25평(84.92)",
            "last_sales":"2022-02-15,7400.0,17평(57.55)",
            "rank_history":[
                [
                    "202203",
                    80
                ],
                [
                    "202202",
                    78
                ],
                [
                    "202201",
                    72
                ]
            ],
            "rank_gap":-2
        },
        {
            "index":128,
            "아파트명":"대우",
            "투자타입":"재건축",
            "전용면적(m2)":"93.98",
            "전용면적(평)":"28평",
            "법정동주소":"전라남도 순천시 연향동 1345",
            "도로명주소":"전라남도 순천시 연향2로 55",
            "세대수":50,
            "입주년차":"--",
            "용적률점수":0,
            "건폐율점수":0,
            "세대당주차수":"--",
            "난방방식":"--",
            "공급면적":70,
            "전용률":80,
            "욕실수":"--",
            "현관타입":"--",
            "주거총점":22.5,
            "지역구공급총점":0.0,
            "역세권":"NA",
            "30분내 이동가능 거점":"NA",
            "1시간내 이동가능 거점":"NA",
            "교통총점":"NA",
            "백화점":0,
            "아울렛몰":0,
            "대형마트":80,
            "은행":0,
            "병원":60,
            "종합병원":100,
            "공원":100,
            "혐오시설":0,
            "인프라총점":41.0,
            "초등학군":90.0,
            "중학군":44.18,
            "학군총점":53.344,
            "인구수":30.57,
            "인구증감":-0.33,
            "인구총점":21.3,
            "일자리":14.99,
            "소득수준":53.05,
            "일자리총점":26.408,
            "가치 총점":37.611,
            "매매실거래년":20220210.0,
            "매매실거래가":21850.0,
            "전세실거래년":20210607.0,
            "전세실거래가":12600.0,
            "전세가율":74.12,
            "장기전세가율평균":79.35,
            "전세가율거품지수":5.23,
            "검색코드":4674,
            "세대수":562.0,
            "준공년월":"1992-12-23",
            "준공년차":31.0,
            "가까운역이름":"NA",
            "가까운역거리":"NA",
            "역세권여부":"NA",
            "30분이내주요거점역":"NA",
            "30분거점역이름":"NA",
            "1시간이내주요거점역":"NA",
            "1시간거점역이름":"NA",
            "3km이내백화점수":0,
            "5km이내아울렛몰수":0,
            "1km이내대형먀트수":1,
            "500m이내은행수":1,
            "500m이내병원수":20,
            "5km이내대형병원수":6,
            "500m이내공원수":12,
            "3km이내혐오시설수":0,
            "초등학교학업성취도":90.0,
            "중학교학업성취도":73.1,
            "용적률":0,
            "건폐율":0,
            "Y":34.948691,
            "X":127.521661,
            "rank":81.0,
            "area_info":"28평(93.98), 31평(103.04), 38평(127.83), 47평(158.29)",
            "last_sales":"2022-02-10,21850.0,38평(127.83)",
            "rank_history":[
                [
                    "202203",
                    81
                ],
                [
                    "202202",
                    79
                ],
                [
                    "202201",
                    75
                ]
            ],
            "rank_gap":-2
        },
        {
            "index":363,
            "아파트명":"중흥1단지",
            "투자타입":"일반",
            "전용면적(m2)":"68.13",
            "전용면적(평)":"20평",
            "법정동주소":"전라남도 순천시 조례동 1630",
            "도로명주소":"전라남도 순천시 장선배기길 105",
            "세대수":30,
            "입주년차":0,
            "용적률점수":"--",
            "건폐율점수":"--",
            "세대당주차수":0,
            "난방방식":30,
            "공급면적":"--",
            "전용률":"--",
            "욕실수":50,
            "현관타입":10,
            "주거총점":19.5,
            "지역구공급총점":0.0,
            "역세권":"NA",
            "30분내 이동가능 거점":"NA",
            "1시간내 이동가능 거점":"NA",
            "교통총점":"NA",
            "백화점":0,
            "아울렛몰":0,
            "대형마트":80,
            "은행":0,
            "병원":60,
            "종합병원":100,
            "공원":100,
            "혐오시설":0,
            "인프라총점":41.0,
            "초등학군":90.02,
            "중학군":48.84,
            "학군총점":57.076,
            "인구수":30.57,
            "인구증감":-0.33,
            "인구총점":21.3,
            "일자리":14.99,
            "소득수준":53.05,
            "일자리총점":26.408,
            "가치 총점":37.494,
            "매매실거래년":20220208.0,
            "매매실거래가":7800.0,
            "전세실거래년":20220215.0,
            "전세실거래가":8300.0,
            "전세가율":106.41,
            "장기전세가율평균":79.35,
            "전세가율거품지수":-27.06,
            "검색코드":4741,
            "세대수":350.0,
            "준공년월":"1993-10-18",
            "준공년차":30.0,
            "가까운역이름":"NA",
            "가까운역거리":"NA",
            "역세권여부":"NA",
            "30분이내주요거점역":"NA",
            "30분거점역이름":"NA",
            "1시간이내주요거점역":"NA",
            "1시간거점역이름":"NA",
            "3km이내백화점수":0,
            "5km이내아울렛몰수":0,
            "1km이내대형먀트수":1,
            "500m이내은행수":0,
            "500m이내병원수":14,
            "5km이내대형병원수":6,
            "500m이내공원수":18,
            "3km이내혐오시설수":0,
            "초등학교학업성취도":90.02,
            "중학교학업성취도":81.4,
            "용적률":0,
            "건폐율":0,
            "Y":34.951548,
            "X":127.530819,
            "rank":82.0,
            "area_info":"20평(68.13), 25평(82.7)",
            "last_sales":"2022-02-08,7800.0,20평(68.13)",
            "rank_history":[
                [
                    "202203",
                    82
                ],
                [
                    "202202",
                    80
                ],
                [
                    "202201",
                    77
                ]
            ],
            "rank_gap":-2
        },
        {
            "index":31,
            "아파트명":"현대",
            "투자타입":"일반",
            "전용면적(m2)":"76.05",
            "전용면적(평)":"23평",
            "법정동주소":"전라남도 순천시 덕암동 1-50",
            "도로명주소":"전라남도 순천시 이수로 224-29",
            "세대수":30,
            "입주년차":0,
            "용적률점수":"--",
            "건폐율점수":"--",
            "세대당주차수":0,
            "난방방식":30,
            "공급면적":"--",
            "전용률":"--",
            "욕실수":50,
            "현관타입":100,
            "주거총점":28.5,
            "지역구공급총점":0.0,
            "역세권":"NA",
            "30분내 이동가능 거점":"NA",
            "1시간내 이동가능 거점":"NA",
            "교통총점":"NA",
            "백화점":0,
            "아울렛몰":0,
            "대형마트":100,
            "은행":0,
            "병원":10,
            "종합병원":100,
            "공원":100,
            "혐오시설":0,
            "인프라총점":39.0,
            "초등학군":89.97,
            "중학군":36.36,
            "학군총점":47.082,
            "인구수":30.57,
            "인구증감":-0.33,
            "인구총점":21.3,
            "일자리":14.99,
            "소득수준":53.05,
            "일자리총점":26.408,
            "가치 총점":37.3455,
            "매매실거래년":20220125.0,
            "매매실거래가":17000.0,
            "전세실거래년":20220129.0,
            "전세실거래가":10000.0,
            "전세가율":93.46,
            "장기전세가율평균":79.35,
            "전세가율거품지수":-14.11,
            "검색코드":4643,
            "세대수":391.0,
            "준공년월":"1995-10-28",
            "준공년차":28.0,
            "가까운역이름":"NA",
            "가까운역거리":"NA",
            "역세권여부":"NA",
            "30분이내주요거점역":"NA",
            "30분거점역이름":"NA",
            "1시간이내주요거점역":"NA",
            "1시간거점역이름":"NA",
            "3km이내백화점수":0,
            "5km이내아울렛몰수":0,
            "1km이내대형먀트수":2,
            "500m이내은행수":0,
            "500m이내병원수":2,
            "5km이내대형병원수":6,
            "500m이내공원수":12,
            "3km이내혐오시설수":0,
            "초등학교학업성취도":89.97,
            "중학교학업성취도":58.6,
            "용적률":0,
            "건폐율":0,
            "Y":34.950665,
            "X":127.510296,
            "rank":83.0,
            "area_info":"23평(76.05), 32평(107.77)",
            "last_sales":"2022-01-25,17000.0,32평(107.77)",
            "rank_history":[
                [
                    "202203",
                    83
                ],
                [
                    "202202",
                    82
                ],
                [
                    "202201",
                    81
                ]
            ],
            "rank_gap":-1
        },
        {
            "index":315,
            "아파트명":"왕지",
            "투자타입":"일반",
            "전용면적(m2)":"79.57",
            "전용면적(평)":"24평",
            "법정동주소":"전라남도 순천시 조례동 1803",
            "도로명주소":"전라남도 순천시 왕궁길 55",
            "세대수":30,
            "입주년차":20,
            "용적률점수":"--",
            "건폐율점수":"--",
            "세대당주차수":0,
            "난방방식":30,
            "공급면적":"--",
            "전용률":"--",
            "욕실수":50,
            "현관타입":100,
            "주거총점":32.5,
            "지역구공급총점":0.0,
            "역세권":"NA",
            "30분내 이동가능 거점":"NA",
            "1시간내 이동가능 거점":"NA",
            "교통총점":"NA",
            "백화점":0,
            "아울렛몰":0,
            "대형마트":0,
            "은행":0,
            "병원":60,
            "종합병원":100,
            "공원":100,
            "혐오시설":0,
            "인프라총점":29.0,
            "초등학군":90.01,
            "중학군":48.84,
            "학군총점":57.074,
            "인구수":30.57,
            "인구증감":-0.33,
            "인구총점":21.3,
            "일자리":14.99,
            "소득수준":53.05,
            "일자리총점":26.408,
            "가치 총점":37.2435,
            "매매실거래년":20220121.0,
            "매매실거래가":11400.0,
            "전세실거래년":20220215.0,
            "전세실거래가":12500.0,
            "전세가율":109.65,
            "장기전세가율평균":79.35,
            "전세가율거품지수":-30.3,
            "검색코드":112801,
            "세대수":322.0,
            "준공년월":"1999-06-30",
            "준공년차":24.0,
            "가까운역이름":"NA",
            "가까운역거리":"NA",
            "역세권여부":"NA",
            "30분이내주요거점역":"NA",
            "30분거점역이름":"NA",
            "1시간이내주요거점역":"NA",
            "1시간거점역이름":"NA",
            "3km이내백화점수":0,
            "5km이내아울렛몰수":0,
            "1km이내대형먀트수":0,
            "500m이내은행수":0,
            "500m이내병원수":14,
            "5km이내대형병원수":6,
            "500m이내공원수":6,
            "3km이내혐오시설수":0,
            "초등학교학업성취도":90.01,
            "중학교학업성취도":81.4,
            "용적률":225,
            "건폐율":21,
            "Y":34.955859,
            "X":127.531386,
            "rank":84.0,
            "area_info":"24평(79.57)",
            "last_sales":"2022-01-21,11400.0,24평(79.57)",
            "rank_history":[
                [
                    "202203",
                    84
                ],
                [
                    "202202",
                    81
                ],
                [
                    "202201",
                    78
                ]
            ],
            "rank_gap":-3
        },
        {
            "index":375,
            "아파트명":"금호",
            "투자타입":"재건축",
            "전용면적(m2)":"90.92",
            "전용면적(평)":"27평",
            "법정동주소":"전라남도 순천시 풍덕동 255-3",
            "도로명주소":"전라남도 순천시 풍덕주택길 96",
            "세대수":50,
            "입주년차":"--",
            "용적률점수":0,
            "건폐율점수":0,
            "세대당주차수":"--",
            "난방방식":"--",
            "공급면적":70,
            "전용률":80,
            "욕실수":"--",
            "현관타입":"--",
            "주거총점":22.5,
            "지역구공급총점":0.0,
            "역세권":"NA",
            "30분내 이동가능 거점":"NA",
            "1시간내 이동가능 거점":"NA",
            "교통총점":"NA",
            "백화점":0,
            "아울렛몰":0,
            "대형마트":100,
            "은행":0,
            "병원":10,
            "종합병원":100,
            "공원":100,
            "혐오시설":0,
            "인프라총점":39.0,
            "초등학군":90.0,
            "중학군":44.94,
            "학군총점":53.952,
            "인구수":30.57,
            "인구증감":-0.33,
            "인구총점":21.3,
            "일자리":14.99,
            "소득수준":53.05,
            "일자리총점":26.408,
            "가치 총점":36.963,
            "매매실거래년":20211215.0,
            "매매실거래가":17000.0,
            "전세실거래년":20210128.0,
            "전세실거래가":12000.0,
            "전세가율":80.0,
            "장기전세가율평균":79.35,
            "전세가율거품지수":-0.65,
            "검색코드":4747,
            "세대수":486.0,
            "준공년월":"1991-05-04",
            "준공년차":32.0,
            "가까운역이름":"NA",
            "가까운역거리":"NA",
            "역세권여부":"NA",
            "30분이내주요거점역":"NA",
            "30분거점역이름":"NA",
            "1시간이내주요거점역":"NA",
            "1시간거점역이름":"NA",
            "3km이내백화점수":0,
            "5km이내아울렛몰수":0,
            "1km이내대형먀트수":2,
            "500m이내은행수":0,
            "500m이내병원수":3,
            "5km이내대형병원수":6,
            "500m이내공원수":6,
            "3km이내혐오시설수":0,
            "초등학교학업성취도":90.0,
            "중학교학업성취도":74.9,
            "용적률":0,
            "건폐율":0,
            "Y":34.939026,
            "X":127.503523,
            "rank":85.0,
            "area_info":"27평(90.92), 30평(100.21), 31평(102.69), 42평(141.32)",
            "last_sales":"2021-12-15,17000.0,31평(102.69)",
            "rank_history":[
                [
                    "202203",
                    85
                ],
                [
                    "202202",
                    83
                ],
                [
                    "202201",
                    82
                ]
            ],
            "rank_gap":-2
        },
        {
            "index":392,
            "아파트명":"한신",
            "투자타입":"재건축",
            "전용면적(m2)":"91.61",
            "전용면적(평)":"27평",
            "법정동주소":"전라남도 순천시 풍덕동 807-7",
            "도로명주소":"전라남도 순천시 중앙초등길 132",
            "세대수":50,
            "입주년차":"--",
            "용적률점수":0,
            "건폐율점수":0,
            "세대당주차수":"--",
            "난방방식":"--",
            "공급면적":70,
            "전용률":80,
            "욕실수":"--",
            "현관타입":"--",
            "주거총점":22.5,
            "지역구공급총점":0.0,
            "역세권":"NA",
            "30분내 이동가능 거점":"NA",
            "1시간내 이동가능 거점":"NA",
            "교통총점":"NA",
            "백화점":0,
            "아울렛몰":0,
            "대형마트":100,
            "은행":0,
            "병원":10,
            "종합병원":100,
            "공원":100,
            "혐오시설":0,
            "인프라총점":39.0,
            "초등학군":90.0,
            "중학군":44.94,
            "학군총점":53.952,
            "인구수":30.57,
            "인구증감":-0.33,
            "인구총점":21.3,
            "일자리":14.99,
            "소득수준":53.05,
            "일자리총점":26.408,
            "가치 총점":36.963,
            "매매실거래년":20220125.0,
            "매매실거래가":16800.0,
            "전세실거래년":20201231.0,
            "전세실거래가":7500.0,
            "전세가율":55.97,
            "장기전세가율평균":79.35,
            "전세가율거품지수":23.38,
            "검색코드":4752,
            "세대수":442.0,
            "준공년월":"1990-07-31",
            "준공년차":33.0,
            "가까운역이름":"NA",
            "가까운역거리":"NA",
            "역세권여부":"NA",
            "30분이내주요거점역":"NA",
            "30분거점역이름":"NA",
            "1시간이내주요거점역":"NA",
            "1시간거점역이름":"NA",
            "3km이내백화점수":0,
            "5km이내아울렛몰수":0,
            "1km이내대형먀트수":3,
            "500m이내은행수":0,
            "500m이내병원수":3,
            "5km이내대형병원수":6,
            "500m이내공원수":6,
            "3km이내혐오시설수":0,
            "초등학교학업성취도":90.0,
            "중학교학업성취도":74.9,
            "용적률":0,
            "건폐율":0,
            "Y":34.938319,
            "X":127.502476,
            "rank":85.0,
            "area_info":"27평(91.61), 30평(101.64), 45평(151.04)",
            "last_sales":"2022-01-25,16800.0,30평(101.64)",
            "rank_history":[
                [
                    "202203",
                    85
                ],
                [
                    "202202",
                    83
                ],
                [
                    "202201",
                    82
                ]
            ],
            "rank_gap":-2
        },
        {
            "index":390,
            "아파트명":"풍덕주공",
            "투자타입":"재건축",
            "전용면적(m2)":"62.56",
            "전용면적(평)":"18평",
            "법정동주소":"전라남도 순천시 풍덕동 255-5",
            "도로명주소":"전라남도 순천시 풍덕주택길 99",
            "세대수":30,
            "입주년차":"--",
            "용적률점수":0,
            "건폐율점수":0,
            "세대당주차수":"--",
            "난방방식":"--",
            "공급면적":50,
            "전용률":80,
            "욕실수":"--",
            "현관타입":"--",
            "주거총점":15.5,
            "지역구공급총점":0.0,
            "역세권":"NA",
            "30분내 이동가능 거점":"NA",
            "1시간내 이동가능 거점":"NA",
            "교통총점":"NA",
            "백화점":0,
            "아울렛몰":0,
            "대형마트":100,
            "은행":0,
            "병원":60,
            "종합병원":100,
            "공원":100,
            "혐오시설":0,
            "인프라총점":44.0,
            "초등학군":90.0,
            "중학군":44.94,
            "학군총점":53.952,
            "인구수":30.57,
            "인구증감":-0.33,
            "인구총점":21.3,
            "일자리":14.99,
            "소득수준":53.05,
            "일자리총점":26.408,
            "가치 총점":36.513,
            "매매실거래년":20220211.0,
            "매매실거래가":14600.0,
            "전세실거래년":20220212.0,
            "전세실거래가":8000.0,
            "전세가율":53.33,
            "장기전세가율평균":79.35,
            "전세가율거품지수":26.02,
            "검색코드":4751,
            "세대수":300.0,
            "준공년월":"1989-04-29",
            "준공년차":34.0,
            "가까운역이름":"NA",
            "가까운역거리":"NA",
            "역세권여부":"NA",
            "30분이내주요거점역":"NA",
            "30분거점역이름":"NA",
            "1시간이내주요거점역":"NA",
            "1시간거점역이름":"NA",
            "3km이내백화점수":0,
            "5km이내아울렛몰수":0,
            "1km이내대형먀트수":2,
            "500m이내은행수":1,
            "500m이내병원수":11,
            "5km이내대형병원수":6,
            "500m이내공원수":2,
            "3km이내혐오시설수":0,
            "초등학교학업성취도":90.0,
            "중학교학업성취도":74.9,
            "용적률":0,
            "건폐율":0,
            "Y":34.939608,
            "X":127.504713,
            "rank":86.0,
            "area_info":"18평(62.56), 21평(72.49)",
            "last_sales":"2022-02-11,14600.0,21평(72.49)",
            "rank_history":[
                [
                    "202203",
                    86
                ],
                [
                    "202202",
                    84
                ],
                [
                    "202201",
                    83
                ]
            ],
            "rank_gap":-2
        },
        {
            "index":20,
            "아파트명":"대주",
            "투자타입":"일반",
            "전용면적(m2)":"72.29",
            "전용면적(평)":"21평",
            "법정동주소":"전라남도 순천시 가곡동 429",
            "도로명주소":"전라남도 순천시 조비길 14",
            "세대수":0,
            "입주년차":0,
            "용적률점수":"--",
            "건폐율점수":"--",
            "세대당주차수":0,
            "난방방식":30,
            "공급면적":"--",
            "전용률":"--",
            "욕실수":100,
            "현관타입":100,
            "주거총점":23.0,
            "지역구공급총점":0.0,
            "역세권":"NA",
            "30분내 이동가능 거점":"NA",
            "1시간내 이동가능 거점":"NA",
            "교통총점":"NA",
            "백화점":0,
            "아울렛몰":0,
            "대형마트":80,
            "은행":0,
            "병원":0,
            "종합병원":100,
            "공원":100,
            "혐오시설":0,
            "인프라총점":35.0,
            "초등학군":90.01,
            "중학군":44.1,
            "학군총점":53.282,
            "인구수":30.57,
            "인구증감":-0.33,
            "인구총점":21.3,
            "일자리":14.99,
            "소득수준":53.05,
            "일자리총점":26.408,
            "가치 총점":35.3705,
            "매매실거래년":20220213.0,
            "매매실거래가":14500.0,
            "전세실거래년":20211129.0,
            "전세실거래가":9000.0,
            "전세가율":100.0,
            "장기전세가율평균":79.35,
            "전세가율거품지수":-20.65,
            "검색코드":106355,
            "세대수":144.0,
            "준공년월":"1996-08-24",
            "준공년차":27.0,
            "가까운역이름":"NA",
            "가까운역거리":"NA",
            "역세권여부":"NA",
            "30분이내주요거점역":"NA",
            "30분거점역이름":"NA",
            "1시간이내주요거점역":"NA",
            "1시간거점역이름":"NA",
            "3km이내백화점수":0,
            "5km이내아울렛몰수":0,
            "1km이내대형먀트수":1,
            "500m이내은행수":1,
            "500m이내병원수":1,
            "5km이내대형병원수":5,
            "500m이내공원수":14,
            "3km이내혐오시설수":0,
            "초등학교학업성취도":90.01,
            "중학교학업성취도":73.5,
            "용적률":331,
            "건폐율":28,
            "Y":34.970972,
            "X":127.481471,
            "rank":87.0,
            "area_info":"21평(72.29), 30평(102.4)",
            "last_sales":"2022-02-13,14500.0,30평(102.4)",
            "rank_history":[
                [
                    "202203",
                    87
                ],
                [
                    "202202",
                    85
                ],
                [
                    "202201",
                    95
                ]
            ],
            "rank_gap":-2
        },
        {
            "index":23,
            "아파트명":"남정현대",
            "투자타입":"재건축",
            "전용면적(m2)":"86.41",
            "전용면적(평)":"26평",
            "법정동주소":"전라남도 순천시 남정동 335",
            "도로명주소":"전라남도 순천시 남정5길 33",
            "세대수":0,
            "입주년차":"--",
            "용적률점수":0,
            "건폐율점수":100,
            "세대당주차수":"--",
            "난방방식":"--",
            "공급면적":70,
            "전용률":80,
            "욕실수":"--",
            "현관타입":"--",
            "주거총점":27.5,
            "지역구공급총점":0.0,
            "역세권":"NA",
            "30분내 이동가능 거점":"NA",
            "1시간내 이동가능 거점":"NA",
            "교통총점":"NA",
            "백화점":0,
            "아울렛몰":0,
            "대형마트":80,
            "은행":0,
            "병원":0,
            "종합병원":100,
            "공원":100,
            "혐오시설":0,
            "인프라총점":35.0,
            "초등학군":89.97,
            "중학군":34.96,
            "학군총점":45.962,
            "인구수":30.57,
            "인구증감":-0.33,
            "인구총점":21.3,
            "일자리":14.99,
            "소득수준":53.05,
            "일자리총점":26.408,
            "가치 총점":35.1155,
            "매매실거래년":20220204.0,
            "매매실거래가":13300.0,
            "전세실거래년":20120409.0,
            "전세실거래가":4000.0,
            "전세가율":38.1,
            "장기전세가율평균":79.35,
            "전세가율거품지수":41.25,
            "검색코드":4641,
            "세대수":137.0,
            "준공년월":"1991-04-26",
            "준공년차":32.0,
            "가까운역이름":"NA",
            "가까운역거리":"NA",
            "역세권여부":"NA",
            "30분이내주요거점역":"NA",
            "30분거점역이름":"NA",
            "1시간이내주요거점역":"NA",
            "1시간거점역이름":"NA",
            "3km이내백화점수":0,
            "5km이내아울렛몰수":0,
            "1km이내대형먀트수":1,
            "500m이내은행수":0,
            "500m이내병원수":1,
            "5km이내대형병원수":5,
            "500m이내공원수":3,
            "3km이내혐오시설수":0,
            "초등학교학업성취도":89.97,
            "중학교학업성취도":57.2,
            "용적률":220,
            "건폐율":17,
            "Y":34.939906,
            "X":127.485312,
            "rank":88.0,
            "area_info":"26평(86.41), 26평(87.08), 31평(103.28)",
            "last_sales":"2022-02-04,13300.0,31평(103.28)",
            "rank_history":[
                [
                    "202203",
                    88
                ],
                [
                    "202202",
                    86
                ],
                [
                    "202201",
                    84
                ]
            ],
            "rank_gap":-2
        },
        {
            "index":159,
            "아파트명":"우미",
            "투자타입":"재건축",
            "전용면적(m2)":"67.29",
            "전용면적(평)":"20평",
            "법정동주소":"전라남도 순천시 연향동 1384-2",
            "도로명주소":"전라남도 순천시 연향2로 56",
            "세대수":30,
            "입주년차":"--",
            "용적률점수":0,
            "건폐율점수":0,
            "세대당주차수":"--",
            "난방방식":"--",
            "공급면적":50,
            "전용률":60,
            "욕실수":"--",
            "현관타입":"--",
            "주거총점":14.5,
            "지역구공급총점":0.0,
            "역세권":"NA",
            "30분내 이동가능 거점":"NA",
            "1시간내 이동가능 거점":"NA",
            "교통총점":"NA",
            "백화점":0,
            "아울렛몰":0,
            "대형마트":80,
            "은행":0,
            "병원":60,
            "종합병원":100,
            "공원":100,
            "혐오시설":0,
            "인프라총점":41.0,
            "초등학군":90.0,
            "중학군":44.18,
            "학군총점":53.344,
            "인구수":30.57,
            "인구증감":-0.33,
            "인구총점":21.3,
            "일자리":14.99,
            "소득수준":53.05,
            "일자리총점":26.408,
            "가치 총점":34.811,
            "매매실거래년":20220211.0,
            "매매실거래가":7000.0,
            "전세실거래년":20220203.0,
            "전세실거래가":6800.0,
            "전세가율":97.14,
            "장기전세가율평균":79.35,
            "전세가율거품지수":-17.79,
            "검색코드":4681,
            "세대수":300.0,
            "준공년월":"1992-04-18",
            "준공년차":31.0,
            "가까운역이름":"NA",
            "가까운역거리":"NA",
            "역세권여부":"NA",
            "30분이내주요거점역":"NA",
            "30분거점역이름":"NA",
            "1시간이내주요거점역":"NA",
            "1시간거점역이름":"NA",
            "3km이내백화점수":0,
            "5km이내아울렛몰수":0,
            "1km이내대형먀트수":1,
            "500m이내은행수":1,
            "500m이내병원수":14,
            "5km이내대형병원수":6,
            "500m이내공원수":14,
            "3km이내혐오시설수":0,
            "초등학교학업성취도":90.0,
            "중학교학업성취도":73.1,
            "용적률":0,
            "건폐율":0,
            "Y":34.947402,
            "X":127.521778,
            "rank":89.0,
            "area_info":"20평(67.29), 20평(68.58)",
            "last_sales":"2022-02-11,7000.0,20평(67.29)",
            "rank_history":[
                [
                    "202203",
                    89
                ],
                [
                    "202202",
                    87
                ],
                [
                    "202201",
                    85
                ]
            ],
            "rank_gap":-2
        },
        {
            "index":51,
            "아파트명":"선미중앙하이츠",
            "투자타입":"일반",
            "전용면적(m2)":"101.41",
            "전용면적(평)":"30평",
            "법정동주소":"전라남도 순천시 동외동 56-14",
            "도로명주소":"전라남도 순천시 성동3길 8",
            "세대수":0,
            "입주년차":0,
            "용적률점수":"--",
            "건폐율점수":"--",
            "세대당주차수":0,
            "난방방식":80,
            "공급면적":"--",
            "전용률":"--",
            "욕실수":100,
            "현관타입":100,
            "주거총점":28.0,
            "지역구공급총점":0.0,
            "역세권":"NA",
            "30분내 이동가능 거점":"NA",
            "1시간내 이동가능 거점":"NA",
            "교통총점":"NA",
            "백화점":0,
            "아울렛몰":0,
            "대형마트":0,
            "은행":70,
            "병원":10,
            "종합병원":100,
            "공원":100,
            "혐오시설":0,
            "인프라총점":31.0,
            "초등학군":90.02,
            "중학군":38.24,
            "학군총점":48.596,
            "인구수":30.57,
            "인구증감":-0.33,
            "인구총점":21.3,
            "일자리":14.99,
            "소득수준":53.05,
            "일자리총점":26.408,
            "가치 총점":34.349,
            "매매실거래년":20220131.0,
            "매매실거래가":13900.0,
            "전세실거래년":20210122.0,
            "전세실거래가":8000.0,
            "전세가율":57.55,
            "장기전세가율평균":79.35,
            "전세가율거품지수":21.8,
            "검색코드":4648,
            "세대수":178.0,
            "준공년월":"1993-09-17",
            "준공년차":30.0,
            "가까운역이름":"NA",
            "가까운역거리":"NA",
            "역세권여부":"NA",
            "30분이내주요거점역":"NA",
            "30분거점역이름":"NA",
            "1시간이내주요거점역":"NA",
            "1시간거점역이름":"NA",
            "3km이내백화점수":0,
            "5km이내아울렛몰수":0,
            "1km이내대형먀트수":0,
            "500m이내은행수":3,
            "500m이내병원수":4,
            "5km이내대형병원수":5,
            "500m이내공원수":20,
            "3km이내혐오시설수":0,
            "초등학교학업성취도":90.02,
            "중학교학업성취도":63.0,
            "용적률":382,
            "건폐율":26,
            "Y":34.953242,
            "X":127.490353,
            "rank":90.0,
            "area_info":"30평(101.41), 45평(149.09)",
            "last_sales":"2022-01-31,13900.0,30평(101.41)",
            "rank_history":[
                [
                    "202203",
                    90
                ],
                [
                    "202202",
                    88
                ],
                [
                    "202201",
                    87
                ]
            ],
            "rank_gap":-2
        },
        {
            "index":403,
            "아파트명":"부영9차",
            "투자타입":"일반",
            "전용면적(m2)":"104.61",
            "전용면적(평)":"31평",
            "법정동주소":"전라남도 순천시 해룡면 상삼리 652",
            "도로명주소":"전라남도 순천시 상대석길 13",
            "세대수":0,
            "입주년차":0,
            "용적률점수":"--",
            "건폐율점수":"--",
            "세대당주차수":0,
            "난방방식":30,
            "공급면적":"--",
            "전용률":"--",
            "욕실수":100,
            "현관타입":100,
            "주거총점":23.0,
            "지역구공급총점":0.0,
            "역세권":"NA",
            "30분내 이동가능 거점":"NA",
            "1시간내 이동가능 거점":"NA",
            "교통총점":"NA",
            "백화점":0,
            "아울렛몰":0,
            "대형마트":0,
            "은행":0,
            "병원":60,
            "종합병원":100,
            "공원":100,
            "혐오시설":0,
            "인프라총점":29.0,
            "초등학군":90.02,
            "중학군":48.84,
            "학군총점":57.076,
            "인구수":30.57,
            "인구증감":-0.33,
            "인구총점":21.3,
            "일자리":14.99,
            "소득수준":53.05,
            "일자리총점":26.408,
            "가치 총점":33.919,
            "매매실거래년":20220203.0,
            "매매실거래가":15000.0,
            "전세실거래년":20210119.0,
            "전세실거래가":17000.0,
            "전세가율":113.33,
            "장기전세가율평균":79.35,
            "전세가율거품지수":-33.98,
            "검색코드":109926,
            "세대수":270.0,
            "준공년월":"1997-12-30",
            "준공년차":26.0,
            "가까운역이름":"NA",
            "가까운역거리":"NA",
            "역세권여부":"NA",
            "30분이내주요거점역":"NA",
            "30분거점역이름":"NA",
            "1시간이내주요거점역":"NA",
            "1시간거점역이름":"NA",
            "3km이내백화점수":0,
            "5km이내아울렛몰수":0,
            "1km이내대형먀트수":0,
            "500m이내은행수":0,
            "500m이내병원수":16,
            "5km이내대형병원수":6,
            "500m이내공원수":20,
            "3km이내혐오시설수":0,
            "초등학교학업성취도":90.02,
            "중학교학업성취도":81.4,
            "용적률":245,
            "건폐율":23,
            "Y":34.949441,
            "X":127.531499,
            "rank":91.0,
            "area_info":"31평(104.61)",
            "last_sales":"2022-02-03,15000.0,31평(104.61)",
            "rank_history":[
                [
                    "202203",
                    91
                ],
                [
                    "202202",
                    89
                ],
                [
                    "202201",
                    67
                ]
            ],
            "rank_gap":-2
        },
        {
            "index":276,
            "아파트명":"명지(조례장미)",
            "투자타입":"재건축",
            "전용면적(m2)":"53.2",
            "전용면적(평)":"16평",
            "법정동주소":"전라남도 순천시 조례동 1299-5",
            "도로명주소":"전라남도 순천시 이수로 250",
            "세대수":30,
            "입주년차":"--",
            "용적률점수":0,
            "건폐율점수":0,
            "세대당주차수":"--",
            "난방방식":"--",
            "공급면적":50,
            "전용률":80,
            "욕실수":"--",
            "현관타입":"--",
            "주거총점":15.5,
            "지역구공급총점":0.0,
            "역세권":"NA",
            "30분내 이동가능 거점":"NA",
            "1시간내 이동가능 거점":"NA",
            "교통총점":"NA",
            "백화점":0,
            "아울렛몰":0,
            "대형마트":80,
            "은행":0,
            "병원":30,
            "종합병원":100,
            "공원":100,
            "혐오시설":0,
            "인프라총점":38.0,
            "초등학군":89.97,
            "중학군":42.32,
            "학군총점":51.85,
            "인구수":30.57,
            "인구증감":-0.33,
            "인구총점":21.3,
            "일자리":14.99,
            "소득수준":53.05,
            "일자리총점":26.408,
            "가치 총점":33.5875,
            "매매실거래년":20220121.0,
            "매매실거래가":4800.0,
            "전세실거래년":20211209.0,
            "전세실거래가":3000.0,
            "전세가율":61.22,
            "장기전세가율평균":79.35,
            "전세가율거품지수":18.13,
            "검색코드":4735,
            "세대수":322.0,
            "준공년월":"1989-03-13",
            "준공년차":34.0,
            "가까운역이름":"NA",
            "가까운역거리":"NA",
            "역세권여부":"NA",
            "30분이내주요거점역":"NA",
            "30분거점역이름":"NA",
            "1시간이내주요거점역":"NA",
            "1시간거점역이름":"NA",
            "3km이내백화점수":0,
            "5km이내아울렛몰수":0,
            "1km이내대형먀트수":1,
            "500m이내은행수":0,
            "500m이내병원수":6,
            "5km이내대형병원수":6,
            "500m이내공원수":12,
            "3km이내혐오시설수":0,
            "초등학교학업성취도":89.97,
            "중학교학업성취도":69.0,
            "용적률":0,
            "건폐율":0,
            "Y":34.951425,
            "X":127.51097,
            "rank":92.0,
            "area_info":"16평(53.2), 17평(58.81)",
            "last_sales":"2022-01-21,4800.0,17평(58.81)",
            "rank_history":[
                [
                    "202203",
                    92
                ],
                [
                    "202202",
                    90
                ],
                [
                    "202201",
                    88
                ]
            ],
            "rank_gap":-2
        },
        {
            "index":328,
            "아파트명":"조례시영",
            "투자타입":"재건축",
            "전용면적(m2)":"77.04",
            "전용면적(평)":"23평",
            "법정동주소":"전라남도 순천시 조례동 802-6",
            "도로명주소":"전라남도 순천시 비봉길 51-30",
            "세대수":0,
            "입주년차":"--",
            "용적률점수":0,
            "건폐율점수":0,
            "세대당주차수":"--",
            "난방방식":"--",
            "공급면적":50,
            "전용률":60,
            "욕실수":"--",
            "현관타입":"--",
            "주거총점":5.5,
            "지역구공급총점":0.0,
            "역세권":"NA",
            "30분내 이동가능 거점":"NA",
            "1시간내 이동가능 거점":"NA",
            "교통총점":"NA",
            "백화점":0,
            "아울렛몰":0,
            "대형마트":100,
            "은행":0,
            "병원":60,
            "종합병원":100,
            "공원":100,
            "혐오시설":0,
            "인프라총점":44.0,
            "초등학군":90.01,
            "중학군":47.18,
            "학군총점":55.746,
            "인구수":30.57,
            "인구증감":-0.33,
            "인구총점":21.3,
            "일자리":14.99,
            "소득수준":53.05,
            "일자리총점":26.408,
            "가치 총점":33.4615,
            "매매실거래년":20211126.0,
            "매매실거래가":9400.0,
            "전세실거래년":20211006.0,
            "전세실거래가":9950.0,
            "전세가율":105.85,
            "장기전세가율평균":79.35,
            "전세가율거품지수":-26.5,
            "검색코드":4736,
            "세대수":200.0,
            "준공년월":"1992-10-20",
            "준공년차":31.0,
            "가까운역이름":"NA",
            "가까운역거리":"NA",
            "역세권여부":"NA",
            "30분이내주요거점역":"NA",
            "30분거점역이름":"NA",
            "1시간이내주요거점역":"NA",
            "1시간거점역이름":"NA",
            "3km이내백화점수":0,
            "5km이내아울렛몰수":0,
            "1km이내대형먀트수":2,
            "500m이내은행수":0,
            "500m이내병원수":12,
            "5km이내대형병원수":6,
            "500m이내공원수":6,
            "3km이내혐오시설수":0,
            "초등학교학업성취도":90.01,
            "중학교학업성취도":76.9,
            "용적률":0,
            "건폐율":0,
            "Y":34.967797,
            "X":127.520487,
            "rank":93.0,
            "area_info":"23평(77.04), 23평(77.17)",
            "last_sales":"2021-11-26,9400.0,23평(77.04)",
            "rank_history":[
                [
                    "202203",
                    93
                ],
                [
                    "202202",
                    91
                ],
                [
                    "202201",
                    93
                ]
            ],
            "rank_gap":-2
        },
        {
            "index":33,
            "아파트명":"신보",
            "투자타입":"재건축",
            "전용면적(m2)":"61.03",
            "전용면적(평)":"18평",
            "법정동주소":"전라남도 순천시 덕월동 1369-1",
            "도로명주소":"전라남도 순천시 덕월3길 35",
            "세대수":0,
            "입주년차":"--",
            "용적률점수":0,
            "건폐율점수":80,
            "세대당주차수":"--",
            "난방방식":"--",
            "공급면적":50,
            "전용률":80,
            "욕실수":"--",
            "현관타입":"--",
            "주거총점":22.5,
            "지역구공급총점":0.0,
            "역세권":"NA",
            "30분내 이동가능 거점":"NA",
            "1시간내 이동가능 거점":"NA",
            "교통총점":"NA",
            "백화점":0,
            "아울렛몰":0,
            "대형마트":80,
            "은행":0,
            "병원":0,
            "종합병원":100,
            "공원":100,
            "혐오시설":0,
            "인프라총점":35.0,
            "초등학군":89.99,
            "중학군":34.96,
            "학군총점":45.966,
            "인구수":30.57,
            "인구증감":-0.33,
            "인구총점":21.3,
            "일자리":14.99,
            "소득수준":53.05,
            "일자리총점":26.408,
            "가치 총점":33.3665,
            "매매실거래년":20220211.0,
            "매매실거래가":8200.0,
            "전세실거래년":20190617.0,
            "전세실거래가":4000.0,
            "전세가율":111.11,
            "장기전세가율평균":79.35,
            "전세가율거품지수":-31.76,
            "검색코드":106357,
            "세대수":224.0,
            "준공년월":"1989-07-22",
            "준공년차":34.0,
            "가까운역이름":"NA",
            "가까운역거리":"NA",
            "역세권여부":"NA",
            "30분이내주요거점역":"NA",
            "30분거점역이름":"NA",
            "1시간이내주요거점역":"NA",
            "1시간거점역이름":"NA",
            "3km이내백화점수":0,
            "5km이내아울렛몰수":0,
            "1km이내대형먀트수":1,
            "500m이내은행수":0,
            "500m이내병원수":1,
            "5km이내대형병원수":5,
            "500m이내공원수":4,
            "3km이내혐오시설수":0,
            "초등학교학업성취도":89.99,
            "중학교학업성취도":57.2,
            "용적률":261,
            "건폐율":27,
            "Y":34.932374,
            "X":127.488381,
            "rank":94.0,
            "area_info":"18평(61.03), 20평(68.58), 25평(84.49), 27평(89.82), 28평(93.85), 30평(101.22)",
            "last_sales":"2022-02-11,8200.0,28평(93.85)",
            "rank_history":[
                [
                    "202203",
                    94
                ],
                [
                    "202202",
                    92
                ],
                [
                    "202201",
                    89
                ]
            ],
            "rank_gap":-2
        },
        {
            "index":379,
            "아파트명":"무지개",
            "투자타입":"재건축",
            "전용면적(m2)":"62.79",
            "전용면적(평)":"18평",
            "법정동주소":"전라남도 순천시 풍덕동 867-1",
            "도로명주소":"전라남도 순천시 풍덕주택4길 35",
            "세대수":0,
            "입주년차":"--",
            "용적률점수":0,
            "건폐율점수":0,
            "세대당주차수":"--",
            "난방방식":"--",
            "공급면적":50,
            "전용률":80,
            "욕실수":"--",
            "현관타입":"--",
            "주거총점":6.5,
            "지역구공급총점":0.0,
            "역세권":"NA",
            "30분내 이동가능 거점":"NA",
            "1시간내 이동가능 거점":"NA",
            "교통총점":"NA",
            "백화점":0,
            "아울렛몰":0,
            "대형마트":100,
            "은행":0,
            "병원":60,
            "종합병원":100,
            "공원":100,
            "혐오시설":0,
            "인프라총점":44.0,
            "초등학군":90.0,
            "중학군":44.94,
            "학군총점":53.952,
            "인구수":30.57,
            "인구증감":-0.33,
            "인구총점":21.3,
            "일자리":14.99,
            "소득수준":53.05,
            "일자리총점":26.408,
            "가치 총점":33.363,
            "매매실거래년":20210813.0,
            "매매실거래가":5000.0,
            "전세실거래년":20210410.0,
            "전세실거래가":5000.0,
            "전세가율":100.0,
            "장기전세가율평균":79.35,
            "전세가율거품지수":-20.65,
            "검색코드":117370,
            "세대수":55.0,
            "준공년월":"1983-02-28",
            "준공년차":40.0,
            "가까운역이름":"NA",
            "가까운역거리":"NA",
            "역세권여부":"NA",
            "30분이내주요거점역":"NA",
            "30분거점역이름":"NA",
            "1시간이내주요거점역":"NA",
            "1시간거점역이름":"NA",
            "3km이내백화점수":0,
            "5km이내아울렛몰수":0,
            "1km이내대형먀트수":2,
            "500m이내은행수":0,
            "500m이내병원수":13,
            "5km이내대형병원수":6,
            "500m이내공원수":4,
            "3km이내혐오시설수":0,
            "초등학교학업성취도":90.0,
            "중학교학업성취도":74.9,
            "용적률":0,
            "건폐율":0,
            "Y":34.942843,
            "X":127.504049,
            "rank":95.0,
            "area_info":"18평(62.79), 21평(69.84), 22평(73.71)",
            "last_sales":"2021-08-13,5000.0,18평(62.79)",
            "rank_history":[
                [
                    "202203",
                    95
                ],
                [
                    "202202",
                    9999
                ]
            ],
            "rank_gap":9999
        },
        {
            "index":382,
            "아파트명":"삼산",
            "투자타입":"재건축",
            "전용면적(m2)":"64.53",
            "전용면적(평)":"19평",
            "법정동주소":"전라남도 순천시 풍덕동 860-1",
            "도로명주소":"전라남도 순천시 하풍1길 1",
            "세대수":0,
            "입주년차":"--",
            "용적률점수":0,
            "건폐율점수":0,
            "세대당주차수":"--",
            "난방방식":"--",
            "공급면적":50,
            "전용률":80,
            "욕실수":"--",
            "현관타입":"--",
            "주거총점":6.5,
            "지역구공급총점":0.0,
            "역세권":"NA",
            "30분내 이동가능 거점":"NA",
            "1시간내 이동가능 거점":"NA",
            "교통총점":"NA",
            "백화점":0,
            "아울렛몰":0,
            "대형마트":100,
            "은행":0,
            "병원":60,
            "종합병원":100,
            "공원":80,
            "혐오시설":0,
            "인프라총점":43.4,
            "초등학군":90.0,
            "중학군":44.94,
            "학군총점":53.952,
            "인구수":30.57,
            "인구증감":-0.33,
            "인구총점":21.3,
            "일자리":14.99,
            "소득수준":53.05,
            "일자리총점":26.408,
            "가치 총점":33.123,
            "매매실거래년":20220117.0,
            "매매실거래가":9500.0,
            "전세실거래년":20180517.0,
            "전세실거래가":4500.0,
            "전세가율":61.64,
            "장기전세가율평균":79.35,
            "전세가율거품지수":17.71,
            "검색코드":16889,
            "세대수":70.0,
            "준공년월":"1980-08-18",
            "준공년차":43.0,
            "가까운역이름":"NA",
            "가까운역거리":"NA",
            "역세권여부":"NA",
            "30분이내주요거점역":"NA",
            "30분거점역이름":"NA",
            "1시간이내주요거점역":"NA",
            "1시간거점역이름":"NA",
            "3km이내백화점수":0,
            "5km이내아울렛몰수":0,
            "1km이내대형먀트수":2,
            "500m이내은행수":1,
            "500m이내병원수":13,
            "5km이내대형병원수":6,
            "500m이내공원수":1,
            "3km이내혐오시설수":0,
            "초등학교학업성취도":90.0,
            "중학교학업성취도":74.9,
            "용적률":0,
            "건폐율":0,
            "Y":34.94093,
            "X":127.50685,
            "rank":96.0,
            "area_info":"19평(64.53), 27평(89.81)",
            "last_sales":"2022-01-17,9500.0,27평(89.81)",
            "rank_history":[
                [
                    "202203",
                    96
                ],
                [
                    "202202",
                    9999
                ]
            ],
            "rank_gap":9999
        },
        {
            "index":41,
            "아파트명":"우성",
            "투자타입":"일반",
            "전용면적(m2)":"74.28",
            "전용면적(평)":"22평",
            "법정동주소":"전라남도 순천시 덕월동 653-2",
            "도로명주소":"전라남도 순천시 덕월길 22",
            "세대수":50,
            "입주년차":0,
            "용적률점수":"--",
            "건폐율점수":"--",
            "세대당주차수":0,
            "난방방식":30,
            "공급면적":"--",
            "전용률":"--",
            "욕실수":50,
            "현관타입":100,
            "주거총점":35.5,
            "지역구공급총점":0.0,
            "역세권":"NA",
            "30분내 이동가능 거점":"NA",
            "1시간내 이동가능 거점":"NA",
            "교통총점":"NA",
            "백화점":0,
            "아울렛몰":0,
            "대형마트":0,
            "은행":0,
            "병원":0,
            "종합병원":100,
            "공원":100,
            "혐오시설":0,
            "인프라총점":23.0,
            "초등학군":89.99,
            "중학군":34.96,
            "학군총점":45.966,
            "인구수":30.57,
            "인구증감":-0.33,
            "인구총점":21.3,
            "일자리":14.99,
            "소득수준":53.05,
            "일자리총점":26.408,
            "가치 총점":33.1165,
            "매매실거래년":20220119.0,
            "매매실거래가":18400.0,
            "전세실거래년":20210713.0,
            "전세실거래가":8190.0,
            "전세가율":103.67,
            "장기전세가율평균":79.35,
            "전세가율거품지수":-24.32,
            "검색코드":14921,
            "세대수":494.0,
            "준공년월":"1996-01-18",
            "준공년차":27.0,
            "가까운역이름":"NA",
            "가까운역거리":"NA",
            "역세권여부":"NA",
            "30분이내주요거점역":"NA",
            "30분거점역이름":"NA",
            "1시간이내주요거점역":"NA",
            "1시간거점역이름":"NA",
            "3km이내백화점수":0,
            "5km이내아울렛몰수":0,
            "1km이내대형먀트수":0,
            "500m이내은행수":0,
            "500m이내병원수":1,
            "5km이내대형병원수":5,
            "500m이내공원수":10,
            "3km이내혐오시설수":0,
            "초등학교학업성취도":89.99,
            "중학교학업성취도":57.2,
            "용적률":197,
            "건폐율":19,
            "Y":34.930089,
            "X":127.487399,
            "rank":97.0,
            "area_info":"22평(74.28), 31평(105.18), 31평(105.21), 48평(159.34)",
            "last_sales":"2022-01-19,18400.0,48평(159.34)",
            "rank_history":[
                [
                    "202203",
                    97
                ],
                [
                    "202202",
                    93
                ],
                [
                    "202201",
                    90
                ]
            ],
            "rank_gap":-4
        },
        {
            "index":39,
            "아파트명":"신보2차",
            "투자타입":"재건축",
            "전용면적(m2)":"75.76",
            "전용면적(평)":"22평",
            "법정동주소":"전라남도 순천시 덕월동 1373-1",
            "도로명주소":"전라남도 순천시 덕월3길 16",
            "세대수":0,
            "입주년차":"--",
            "용적률점수":0,
            "건폐율점수":80,
            "세대당주차수":"--",
            "난방방식":"--",
            "공급면적":50,
            "전용률":60,
            "욕실수":"--",
            "현관타입":"--",
            "주거총점":21.5,
            "지역구공급총점":0.0,
            "역세권":"NA",
            "30분내 이동가능 거점":"NA",
            "1시간내 이동가능 거점":"NA",
            "교통총점":"NA",
            "백화점":0,
            "아울렛몰":0,
            "대형마트":80,
            "은행":0,
            "병원":0,
            "종합병원":100,
            "공원":100,
            "혐오시설":0,
            "인프라총점":35.0,
            "초등학군":89.99,
            "중학군":34.96,
            "학군총점":45.966,
            "인구수":30.57,
            "인구증감":-0.33,
            "인구총점":21.3,
            "일자리":14.99,
            "소득수준":53.05,
            "일자리총점":26.408,
            "가치 총점":33.0165,
            "매매실거래년":20210803.0,
            "매매실거래가":6500.0,
            "전세실거래년":20200324.0,
            "전세실거래가":6400.0,
            "전세가율":98.46,
            "장기전세가율평균":79.35,
            "전세가율거품지수":-19.11,
            "검색코드":106358,
            "세대수":53.0,
            "준공년월":"1990-11-06",
            "준공년차":33.0,
            "가까운역이름":"NA",
            "가까운역거리":"NA",
            "역세권여부":"NA",
            "30분이내주요거점역":"NA",
            "30분거점역이름":"NA",
            "1시간이내주요거점역":"NA",
            "1시간거점역이름":"NA",
            "3km이내백화점수":0,
            "5km이내아울렛몰수":0,
            "1km이내대형먀트수":1,
            "500m이내은행수":0,
            "500m이내병원수":1,
            "5km이내대형병원수":5,
            "500m이내공원수":4,
            "3km이내혐오시설수":0,
            "초등학교학업성취도":89.99,
            "중학교학업성취도":57.2,
            "용적률":261,
            "건폐율":27,
            "Y":34.932008,
            "X":127.489149,
            "rank":98.0,
            "area_info":"22평(75.76), 32평(107.65)",
            "last_sales":"2021-08-03,6500.0,22평(75.76)",
            "rank_history":[
                [
                    "202203",
                    98
                ],
                [
                    "202202",
                    9999
                ]
            ],
            "rank_gap":9999
        },
        {
            "index":407,
            "아파트명":"우미",
            "투자타입":"일반",
            "전용면적(m2)":"68.54",
            "전용면적(평)":"20평",
            "법정동주소":"전라남도 순천시 해룡면 상삼리 654",
            "도로명주소":"전라남도 순천시 기적의도서관길 95",
            "세대수":30,
            "입주년차":0,
            "용적률점수":"--",
            "건폐율점수":"--",
            "세대당주차수":0,
            "난방방식":30,
            "공급면적":"--",
            "전용률":"--",
            "욕실수":50,
            "현관타입":10,
            "주거총점":19.5,
            "지역구공급총점":0.0,
            "역세권":"NA",
            "30분내 이동가능 거점":"NA",
            "1시간내 이동가능 거점":"NA",
            "교통총점":"NA",
            "백화점":0,
            "아울렛몰":0,
            "대형마트":0,
            "은행":0,
            "병원":60,
            "종합병원":100,
            "공원":100,
            "혐오시설":0,
            "인프라총점":29.0,
            "초등학군":90.02,
            "중학군":49.46,
            "학군총점":57.572,
            "인구수":30.57,
            "인구증감":-0.33,
            "인구총점":21.3,
            "일자리":14.99,
            "소득수준":53.05,
            "일자리총점":26.408,
            "가치 총점":32.818,
            "매매실거래년":20220209.0,
            "매매실거래가":8800.0,
            "전세실거래년":20220203.0,
            "전세실거래가":8400.0,
            "전세가율":95.45,
            "장기전세가율평균":79.35,
            "전세가율거품지수":-16.1,
            "검색코드":4754,
            "세대수":398.0,
            "준공년월":"1993-09-25",
            "준공년차":30.0,
            "가까운역이름":"NA",
            "가까운역거리":"NA",
            "역세권여부":"NA",
            "30분이내주요거점역":"NA",
            "30분거점역이름":"NA",
            "1시간이내주요거점역":"NA",
            "1시간거점역이름":"NA",
            "3km이내백화점수":0,
            "5km이내아울렛몰수":0,
            "1km이내대형먀트수":0,
            "500m이내은행수":0,
            "500m이내병원수":12,
            "5km이내대형병원수":6,
            "500m이내공원수":22,
            "3km이내혐오시설수":0,
            "초등학교학업성취도":90.02,
            "중학교학업성취도":81.9,
            "용적률":0,
            "건폐율":0,
            "Y":34.94855,
            "X":127.53218,
            "rank":99.0,
            "area_info":"20평(68.54), 24평(81.74)",
            "last_sales":"2022-02-09,8800.0,20평(68.54)",
            "rank_history":[
                [
                    "202203",
                    99
                ],
                [
                    "202202",
                    94
                ],
                [
                    "202201",
                    91
                ]
            ],
            "rank_gap":-5
        },
        {
            "index":388,
            "아파트명":"철우",
            "투자타입":"재건축",
            "전용면적(m2)":"73.54",
            "전용면적(평)":"22평",
            "법정동주소":"전라남도 순천시 풍덕동 877-3",
            "도로명주소":"전라남도 순천시 중앙초등길 163",
            "세대수":0,
            "입주년차":"--",
            "용적률점수":0,
            "건폐율점수":0,
            "세대당주차수":"--",
            "난방방식":"--",
            "공급면적":50,
            "전용률":100,
            "욕실수":"--",
            "현관타입":"--",
            "주거총점":7.5,
            "지역구공급총점":0.0,
            "역세권":"NA",
            "30분내 이동가능 거점":"NA",
            "1시간내 이동가능 거점":"NA",
            "교통총점":"NA",
            "백화점":0,
            "아울렛몰":0,
            "대형마트":100,
            "은행":0,
            "병원":30,
            "종합병원":100,
            "공원":100,
            "혐오시설":0,
            "인프라총점":41.0,
            "초등학군":90.0,
            "중학군":44.94,
            "학군총점":53.952,
            "인구수":30.57,
            "인구증감":-0.33,
            "인구총점":21.3,
            "일자리":14.99,
            "소득수준":53.05,
            "일자리총점":26.408,
            "가치 총점":32.513,
            "매매실거래년":20220210.0,
            "매매실거래가":7800.0,
            "전세실거래년":20210901.0,
            "전세실거래가":5000.0,
            "전세가율":100.0,
            "장기전세가율평균":79.35,
            "전세가율거품지수":-20.65,
            "검색코드":137850,
            "세대수":60.0,
            "준공년월":"1979-10-25",
            "준공년차":44.0,
            "가까운역이름":"NA",
            "가까운역거리":"NA",
            "역세권여부":"NA",
            "30분이내주요거점역":"NA",
            "30분거점역이름":"NA",
            "1시간이내주요거점역":"NA",
            "1시간거점역이름":"NA",
            "3km이내백화점수":0,
            "5km이내아울렛몰수":0,
            "1km이내대형먀트수":3,
            "500m이내은행수":0,
            "500m이내병원수":6,
            "5km이내대형병원수":6,
            "500m이내공원수":6,
            "3km이내혐오시설수":0,
            "초등학교학업성취도":90.0,
            "중학교학업성취도":74.9,
            "용적률":0,
            "건폐율":0,
            "Y":34.94008,
            "X":127.503322,
            "rank":100.0,
            "area_info":"22평(73.54), 22평(74.27)",
            "last_sales":"2022-02-10,7800.0,22평(74.27)",
            "rank_history":[
                [
                    "202203",
                    100
                ],
                [
                    "202202",
                    9999
                ]
            ],
            "rank_gap":9999
        },
        {
            "index":22,
            "아파트명":"신영",
            "투자타입":"일반",
            "전용면적(m2)":"72.73",
            "전용면적(평)":"22평",
            "법정동주소":"전라남도 순천시 가곡동 646",
            "도로명주소":"전라남도 순천시 가곡길 30",
            "세대수":50,
            "입주년차":0,
            "용적률점수":"--",
            "건폐율점수":"--",
            "세대당주차수":0,
            "난방방식":30,
            "공급면적":"--",
            "전용률":"--",
            "욕실수":50,
            "현관타입":10,
            "주거총점":26.5,
            "지역구공급총점":0.0,
            "역세권":"NA",
            "30분내 이동가능 거점":"NA",
            "1시간내 이동가능 거점":"NA",
            "교통총점":"NA",
            "백화점":0,
            "아울렛몰":0,
            "대형마트":0,
            "은행":0,
            "병원":0,
            "종합병원":100,
            "공원":100,
            "혐오시설":0,
            "인프라총점":23.0,
            "초등학군":89.97,
            "중학군":44.1,
            "학군총점":53.274,
            "인구수":30.57,
            "인구증감":-0.33,
            "인구총점":21.3,
            "일자리":14.99,
            "소득수준":53.05,
            "일자리총점":26.408,
            "가치 총점":31.7935,
            "매매실거래년":20220217.0,
            "매매실거래가":5000.0,
            "전세실거래년":20220215.0,
            "전세실거래가":5500.0,
            "전세가율":110.0,
            "장기전세가율평균":79.35,
            "전세가율거품지수":-30.65,
            "검색코드":4634,
            "세대수":670.0,
            "준공년월":"1994-03-01",
            "준공년차":29.0,
            "가까운역이름":"NA",
            "가까운역거리":"NA",
            "역세권여부":"NA",
            "30분이내주요거점역":"NA",
            "30분거점역이름":"NA",
            "1시간이내주요거점역":"NA",
            "1시간거점역이름":"NA",
            "3km이내백화점수":0,
            "5km이내아울렛몰수":0,
            "1km이내대형먀트수":0,
            "500m이내은행수":0,
            "500m이내병원수":0,
            "5km이내대형병원수":5,
            "500m이내공원수":8,
            "3km이내혐오시설수":0,
            "초등학교학업성취도":89.97,
            "중학교학업성취도":73.5,
            "용적률":0,
            "건폐율":0,
            "Y":34.981582,
            "X":127.481306,
            "rank":101.0,
            "area_info":"22평(72.73)",
            "last_sales":"2022-02-17,5000.0,22평(72.73)",
            "rank_history":[
                [
                    "202203",
                    101
                ],
                [
                    "202202",
                    95
                ],
                [
                    "202201",
                    92
                ]
            ],
            "rank_gap":-6
        },
        {
            "index":339,
            "아파트명":"조례주공3차",
            "투자타입":"재건축",
            "전용면적(m2)":"29.58",
            "전용면적(평)":"8평",
            "법정동주소":"전라남도 순천시 조례동 1489",
            "도로명주소":"전라남도 순천시 유동길 105",
            "세대수":0,
            "입주년차":"--",
            "용적률점수":0,
            "건폐율점수":0,
            "세대당주차수":"--",
            "난방방식":"--",
            "공급면적":50,
            "전용률":80,
            "욕실수":"--",
            "현관타입":"--",
            "주거총점":6.5,
            "지역구공급총점":0.0,
            "역세권":"NA",
            "30분내 이동가능 거점":"NA",
            "1시간내 이동가능 거점":"NA",
            "교통총점":"NA",
            "백화점":0,
            "아울렛몰":0,
            "대형마트":80,
            "은행":0,
            "병원":60,
            "종합병원":100,
            "공원":100,
            "혐오시설":0,
            "인프라총점":41.0,
            "초등학군":89.99,
            "중학군":42.32,
            "학군총점":51.854,
            "인구수":30.57,
            "인구증감":-0.33,
            "인구총점":21.3,
            "일자리":14.99,
            "소득수준":53.05,
            "일자리총점":26.408,
            "가치 총점":31.6385,
            "매매실거래년":20220219.0,
            "매매실거래가":9000.0,
            "전세실거래년":20160809.0,
            "전세실거래가":4000.0,
            "전세가율":100.0,
            "장기전세가율평균":79.35,
            "전세가율거품지수":-20.65,
            "검색코드":11848,
            "세대수":240.0,
            "준공년월":"1988-11-03",
            "준공년차":35.0,
            "가까운역이름":"NA",
            "가까운역거리":"NA",
            "역세권여부":"NA",
            "30분이내주요거점역":"NA",
            "30분거점역이름":"NA",
            "1시간이내주요거점역":"NA",
            "1시간거점역이름":"NA",
            "3km이내백화점수":0,
            "5km이내아울렛몰수":0,
            "1km이내대형먀트수":1,
            "500m이내은행수":0,
            "500m이내병원수":24,
            "5km이내대형병원수":6,
            "500m이내공원수":9,
            "3km이내혐오시설수":0,
            "초등학교학업성취도":89.99,
            "중학교학업성취도":69.0,
            "용적률":0,
            "건폐율":0,
            "Y":34.959483,
            "X":127.515324,
            "rank":102.0,
            "area_info":"8평(29.58), 11평(37.9), 14평(46.31), 15평(52.14)",
            "last_sales":"2022-02-19,9000.0,15평(52.14)",
            "rank_history":[
                [
                    "202203",
                    102
                ],
                [
                    "202202",
                    96
                ],
                [
                    "202201",
                    94
                ]
            ],
            "rank_gap":-6
        },
        {
            "index":121,
            "아파트명":"향림현대",
            "투자타입":"재건축",
            "전용면적(m2)":"86.42",
            "전용면적(평)":"26평",
            "법정동주소":"전라남도 순천시 석현동 896",
            "도로명주소":"전라남도 순천시 석현길 70",
            "세대수":50,
            "입주년차":"--",
            "용적률점수":0,
            "건폐율점수":0,
            "세대당주차수":"--",
            "난방방식":"--",
            "공급면적":70,
            "전용률":80,
            "욕실수":"--",
            "현관타입":"--",
            "주거총점":22.5,
            "지역구공급총점":0.0,
            "역세권":"NA",
            "30분내 이동가능 거점":"NA",
            "1시간내 이동가능 거점":"NA",
            "교통총점":"NA",
            "백화점":0,
            "아울렛몰":0,
            "대형마트":0,
            "은행":0,
            "병원":0,
            "종합병원":100,
            "공원":100,
            "혐오시설":0,
            "인프라총점":23.0,
            "초등학군":90.01,
            "중학군":44.1,
            "학군총점":53.282,
            "인구수":30.57,
            "인구증감":-0.33,
            "인구총점":21.3,
            "일자리":14.99,
            "소득수준":53.05,
            "일자리총점":26.408,
            "가치 총점":30.3955,
            "매매실거래년":20210222.0,
            "매매실거래가":14500.0,
            "전세실거래년":null,
            "전세실거래가":null,
            "전세가율":null,
            "장기전세가율평균":79.35,
            "전세가율거품지수":null,
            "검색코드":4665,
            "세대수":510.0,
            "준공년월":"1991-12-14",
            "준공년차":32.0,
            "가까운역이름":"NA",
            "가까운역거리":"NA",
            "역세권여부":"NA",
            "30분이내주요거점역":"NA",
            "30분거점역이름":"NA",
            "1시간이내주요거점역":"NA",
            "1시간거점역이름":"NA",
            "3km이내백화점수":0,
            "5km이내아울렛몰수":0,
            "1km이내대형먀트수":0,
            "500m이내은행수":0,
            "500m이내병원수":0,
            "5km이내대형병원수":4,
            "500m이내공원수":10,
            "3km이내혐오시설수":0,
            "초등학교학업성취도":90.01,
            "중학교학업성취도":73.5,
            "용적률":0,
            "건폐율":0,
            "Y":34.974946,
            "X":127.474897,
            "rank":103.0,
            "area_info":"26평(86.42), 30평(101.75), 30평(101.83), 42평(141.39)",
            "last_sales":"2021-02-22,14500.0,42평(141.39)",
            "rank_history":[
                [
                    "202203",
                    103
                ],
                [
                    "202202",
                    97
                ],
                [
                    "202201",
                    96
                ]
            ],
            "rank_gap":-6
        },
        {
            "index":45,
            "아파트명":"청미래",
            "투자타입":"일반",
            "전용면적(m2)":"85.34",
            "전용면적(평)":"25평",
            "법정동주소":"전라남도 순천시 덕월동 1-2",
            "도로명주소":"전라남도 순천시 호현1길 34",
            "세대수":0,
            "입주년차":40,
            "용적률점수":"--",
            "건폐율점수":"--",
            "세대당주차수":0,
            "난방방식":30,
            "공급면적":"--",
            "전용률":"--",
            "욕실수":100,
            "현관타입":100,
            "주거총점":31.0,
            "지역구공급총점":0.0,
            "역세권":"NA",
            "30분내 이동가능 거점":"NA",
            "1시간내 이동가능 거점":"NA",
            "교통총점":"NA",
            "백화점":0,
            "아울렛몰":0,
            "대형마트":0,
            "은행":0,
            "병원":0,
            "종합병원":100,
            "공원":0,
            "혐오시설":0,
            "인프라총점":20.0,
            "초등학군":89.98,
            "중학군":34.96,
            "학군총점":45.964,
            "인구수":30.57,
            "인구증감":-0.33,
            "인구총점":21.3,
            "일자리":14.99,
            "소득수준":53.05,
            "일자리총점":26.408,
            "가치 총점":30.341,
            "매매실거래년":20211215.0,
            "매매실거래가":18000.0,
            "전세실거래년":20201129.0,
            "전세실거래가":10500.0,
            "전세가율":58.33,
            "장기전세가율평균":79.35,
            "전세가율거품지수":21.02,
            "검색코드":108643,
            "세대수":163.0,
            "준공년월":"2004-01-08",
            "준공년차":19.0,
            "가까운역이름":"NA",
            "가까운역거리":"NA",
            "역세권여부":"NA",
            "30분이내주요거점역":"NA",
            "30분거점역이름":"NA",
            "1시간이내주요거점역":"NA",
            "1시간거점역이름":"NA",
            "3km이내백화점수":0,
            "5km이내아울렛몰수":0,
            "1km이내대형먀트수":0,
            "500m이내은행수":0,
            "500m이내병원수":0,
            "5km이내대형병원수":5,
            "500m이내공원수":0,
            "3km이내혐오시설수":0,
            "초등학교학업성취도":89.98,
            "중학교학업성취도":57.2,
            "용적률":0,
            "건폐율":0,
            "Y":34.925843,
            "X":127.493828,
            "rank":104.0,
            "area_info":"25평(85.34), 36평(120.4)",
            "last_sales":"2021-12-15,18000.0,25평(85.34)",
            "rank_history":[
                [
                    "202203",
                    104
                ],
                [
                    "202202",
                    98
                ],
                [
                    "202201",
                    98
                ]
            ],
            "rank_gap":-6
        },
        {
            "index":49,
            "아파트명":"청미래3차",
            "투자타입":"일반",
            "전용면적(m2)":"117.53",
            "전용면적(평)":"35평",
            "법정동주소":"전라남도 순천시 덕월동 9-1",
            "도로명주소":"전라남도 순천시 호현1길 26",
            "세대수":0,
            "입주년차":40,
            "용적률점수":"--",
            "건폐율점수":"--",
            "세대당주차수":30,
            "난방방식":30,
            "공급면적":"--",
            "전용률":"--",
            "욕실수":100,
            "현관타입":50,
            "주거총점":30.5,
            "지역구공급총점":0.0,
            "역세권":"NA",
            "30분내 이동가능 거점":"NA",
            "1시간내 이동가능 거점":"NA",
            "교통총점":"NA",
            "백화점":0,
            "아울렛몰":0,
            "대형마트":0,
            "은행":0,
            "병원":0,
            "종합병원":100,
            "공원":0,
            "혐오시설":0,
            "인프라총점":20.0,
            "초등학군":89.99,
            "중학군":34.96,
            "학군총점":45.966,
            "인구수":30.57,
            "인구증감":-0.33,
            "인구총점":21.3,
            "일자리":14.99,
            "소득수준":53.05,
            "일자리총점":26.408,
            "가치 총점":30.1665,
            "매매실거래년":20210831.0,
            "매매실거래가":25000.0,
            "전세실거래년":20200225.0,
            "전세실거래가":18000.0,
            "전세가율":85.31,
            "장기전세가율평균":79.35,
            "전세가율거품지수":-5.96,
            "검색코드":108647,
            "세대수":103.0,
            "준공년월":"2007-11-28",
            "준공년차":16.0,
            "가까운역이름":"NA",
            "가까운역거리":"NA",
            "역세권여부":"NA",
            "30분이내주요거점역":"NA",
            "30분거점역이름":"NA",
            "1시간이내주요거점역":"NA",
            "1시간거점역이름":"NA",
            "3km이내백화점수":0,
            "5km이내아울렛몰수":0,
            "1km이내대형먀트수":0,
            "500m이내은행수":0,
            "500m이내병원수":0,
            "5km이내대형병원수":5,
            "500m이내공원수":0,
            "3km이내혐오시설수":0,
            "초등학교학업성취도":89.99,
            "중학교학업성취도":57.2,
            "용적률":199,
            "건폐율":19,
            "Y":34.926111,
            "X":127.493279,
            "rank":105.0,
            "area_info":"35평(117.53), 38평(125.67)",
            "last_sales":"2021-08-31,25000.0,38평(125.67)",
            "rank_history":[
                [
                    "202203",
                    105
                ],
                [
                    "202202",
                    99
                ],
                [
                    "202201",
                    97
                ]
            ],
            "rank_gap":-6
        },
        {
            "index":10,
            "아파트명":"계림",
            "투자타입":"재건축",
            "전용면적(m2)":"68.59",
            "전용면적(평)":"20평",
            "법정동주소":"전라남도 순천시 가곡동 447",
            "도로명주소":"전라남도 순천시 안신기1길 27",
            "세대수":0,
            "입주년차":"--",
            "용적률점수":0,
            "건폐율점수":0,
            "세대당주차수":"--",
            "난방방식":"--",
            "공급면적":50,
            "전용률":80,
            "욕실수":"--",
            "현관타입":"--",
            "주거총점":6.5,
            "지역구공급총점":0.0,
            "역세권":"NA",
            "30분내 이동가능 거점":"NA",
            "1시간내 이동가능 거점":"NA",
            "교통총점":"NA",
            "백화점":0,
            "아울렛몰":0,
            "대형마트":80,
            "은행":0,
            "병원":10,
            "종합병원":100,
            "공원":100,
            "혐오시설":0,
            "인프라총점":36.0,
            "초등학군":90.01,
            "중학군":44.1,
            "학군총점":53.282,
            "인구수":30.57,
            "인구증감":-0.33,
            "인구총점":21.3,
            "일자리":14.99,
            "소득수준":53.05,
            "일자리총점":26.408,
            "가치 총점":29.9955,
            "매매실거래년":20181018.0,
            "매매실거래가":7800.0,
            "전세실거래년":null,
            "전세실거래가":null,
            "전세가율":null,
            "장기전세가율평균":79.35,
            "전세가율거품지수":null,
            "검색코드":14917,
            "세대수":97.0,
            "준공년월":"1992-04-15",
            "준공년차":31.0,
            "가까운역이름":"NA",
            "가까운역거리":"NA",
            "역세권여부":"NA",
            "30분이내주요거점역":"NA",
            "30분거점역이름":"NA",
            "1시간이내주요거점역":"NA",
            "1시간거점역이름":"NA",
            "3km이내백화점수":0,
            "5km이내아울렛몰수":0,
            "1km이내대형먀트수":1,
            "500m이내은행수":1,
            "500m이내병원수":2,
            "5km이내대형병원수":5,
            "500m이내공원수":16,
            "3km이내혐오시설수":0,
            "초등학교학업성취도":90.01,
            "중학교학업성취도":73.5,
            "용적률":0,
            "건폐율":0,
            "Y":34.97305,
            "X":127.480363,
            "rank":106.0,
            "area_info":"20평(68.59), 22평(74.69), 22평(74.19), 23평(76.13), 25평(85.9), 27평(89.43), 27평(90.07), 28평(94.01), 29평(98.15), 30평(101.37)",
            "last_sales":"2018-10-18,7800.0,29평(98.15)",
            "rank_history":[
                [
                    "202203",
                    106
                ],
                [
                    "202202",
                    9999
                ]
            ],
            "rank_gap":9999
        },
        {
            "index":47,
            "아파트명":"청미래2차",
            "투자타입":"일반",
            "전용면적(m2)":"44.57",
            "전용면적(평)":"13평",
            "법정동주소":"전라남도 순천시 덕월동 331",
            "도로명주소":"전라남도 순천시 덕월길 30",
            "세대수":0,
            "입주년차":40,
            "용적률점수":"--",
            "건폐율점수":"--",
            "세대당주차수":0,
            "난방방식":30,
            "공급면적":"--",
            "전용률":"--",
            "욕실수":50,
            "현관타입":100,
            "주거총점":26.0,
            "지역구공급총점":0.0,
            "역세권":"NA",
            "30분내 이동가능 거점":"NA",
            "1시간내 이동가능 거점":"NA",
            "교통총점":"NA",
            "백화점":0,
            "아울렛몰":0,
            "대형마트":0,
            "은행":0,
            "병원":0,
            "종합병원":100,
            "공원":100,
            "혐오시설":0,
            "인프라총점":23.0,
            "초등학군":89.99,
            "중학군":34.96,
            "학군총점":45.966,
            "인구수":30.57,
            "인구증감":-0.33,
            "인구총점":21.3,
            "일자리":14.99,
            "소득수준":53.05,
            "일자리총점":26.408,
            "가치 총점":29.7915,
            "매매실거래년":20220219.0,
            "매매실거래가":5300.0,
            "전세실거래년":20200216.0,
            "전세실거래가":3500.0,
            "전세가율":66.04,
            "장기전세가율평균":79.35,
            "전세가율거품지수":13.31,
            "검색코드":108646,
            "세대수":207.0,
            "준공년월":"2005-09-30",
            "준공년차":18.0,
            "가까운역이름":"NA",
            "가까운역거리":"NA",
            "역세권여부":"NA",
            "30분이내주요거점역":"NA",
            "30분거점역이름":"NA",
            "1시간이내주요거점역":"NA",
            "1시간거점역이름":"NA",
            "3km이내백화점수":0,
            "5km이내아울렛몰수":0,
            "1km이내대형먀트수":0,
            "500m이내은행수":0,
            "500m이내병원수":0,
            "5km이내대형병원수":5,
            "500m이내공원수":10,
            "3km이내혐오시설수":0,
            "초등학교학업성취도":89.99,
            "중학교학업성취도":57.2,
            "용적률":0,
            "건폐율":0,
            "Y":34.929579,
            "X":127.488365,
            "rank":107.0,
            "area_info":"13평(44.57), 23평(76.22)",
            "last_sales":"2022-02-19,5300.0,13평(44.57)",
            "rank_history":[
                [
                    "202203",
                    107
                ],
                [
                    "202202",
                    101
                ],
                [
                    "202201",
                    99
                ]
            ],
            "rank_gap":-6
        },
        {
            "index":58,
            "아파트명":"매곡주공2단지",
            "투자타입":"재건축",
            "전용면적(m2)":"42.55",
            "전용면적(평)":"12평",
            "법정동주소":"전라남도 순천시 매곡동 409-3",
            "도로명주소":"전라남도 순천시 북정3길 28",
            "세대수":50,
            "입주년차":"--",
            "용적률점수":0,
            "건폐율점수":0,
            "세대당주차수":"--",
            "난방방식":"--",
            "공급면적":50,
            "전용률":80,
            "욕실수":"--",
            "현관타입":"--",
            "주거총점":21.5,
            "지역구공급총점":0.0,
            "역세권":"NA",
            "30분내 이동가능 거점":"NA",
            "1시간내 이동가능 거점":"NA",
            "교통총점":"NA",
            "백화점":0,
            "아울렛몰":0,
            "대형마트":0,
            "은행":0,
            "병원":0,
            "종합병원":100,
            "공원":100,
            "혐오시설":0,
            "인프라총점":23.0,
            "초등학군":90.02,
            "중학군":42.56,
            "학군총점":52.052,
            "인구수":30.57,
            "인구증감":-0.33,
            "인구총점":21.3,
            "일자리":14.99,
            "소득수준":53.05,
            "일자리총점":26.408,
            "가치 총점":29.738,
            "매매실거래년":20220104.0,
            "매매실거래가":11200.0,
            "전세실거래년":20211204.0,
            "전세실거래가":4500.0,
            "전세가율":56.25,
            "장기전세가율평균":79.35,
            "전세가율거품지수":23.1,
            "검색코드":4651,
            "세대수":470.0,
            "준공년월":"1982-12-26",
            "준공년차":41.0,
            "가까운역이름":"NA",
            "가까운역거리":"NA",
            "역세권여부":"NA",
            "30분이내주요거점역":"NA",
            "30분거점역이름":"NA",
            "1시간이내주요거점역":"NA",
            "1시간거점역이름":"NA",
            "3km이내백화점수":0,
            "5km이내아울렛몰수":0,
            "1km이내대형먀트수":0,
            "500m이내은행수":1,
            "500m이내병원수":1,
            "5km이내대형병원수":5,
            "500m이내공원수":3,
            "3km이내혐오시설수":0,
            "초등학교학업성취도":90.02,
            "중학교학업성취도":70.4,
            "용적률":0,
            "건폐율":0,
            "Y":34.96616,
            "X":127.481786,
            "rank":108.0,
            "area_info":"12평(42.55), 15평(50.67), 15평(50.39), 15평(51.89), 18평(61.63)",
            "last_sales":"2022-01-04,11200.0,15평(51.89)",
            "rank_history":[
                [
                    "202203",
                    108
                ],
                [
                    "202202",
                    100
                ],
                [
                    "202201",
                    100
                ]
            ],
            "rank_gap":-8
        },
        {
            "index":70,
            "아파트명":"삼풍매곡",
            "투자타입":"재건축",
            "전용면적(m2)":"72.36",
            "전용면적(평)":"21평",
            "법정동주소":"전라남도 순천시 매곡동 2",
            "도로명주소":"전라남도 순천시 비행장길 21",
            "세대수":0,
            "입주년차":"--",
            "용적률점수":0,
            "건폐율점수":0,
            "세대당주차수":"--",
            "난방방식":"--",
            "공급면적":50,
            "전용률":100,
            "욕실수":"--",
            "현관타입":"--",
            "주거총점":7.5,
            "지역구공급총점":0.0,
            "역세권":"NA",
            "30분내 이동가능 거점":"NA",
            "1시간내 이동가능 거점":"NA",
            "교통총점":"NA",
            "백화점":0,
            "아울렛몰":0,
            "대형마트":80,
            "은행":0,
            "병원":0,
            "종합병원":100,
            "공원":100,
            "혐오시설":0,
            "인프라총점":35.0,
            "초등학군":90.02,
            "중학군":42.56,
            "학군총점":52.052,
            "인구수":30.57,
            "인구증감":-0.33,
            "인구총점":21.3,
            "일자리":14.99,
            "소득수준":53.05,
            "일자리총점":26.408,
            "가치 총점":29.638,
            "매매실거래년":20211231.0,
            "매매실거래가":7400.0,
            "전세실거래년":20120326.0,
            "전세실거래가":7300.0,
            "전세가율":98.65,
            "장기전세가율평균":79.35,
            "전세가율거품지수":-19.3,
            "검색코드":137322,
            "세대수":55.0,
            "준공년월":"1986-12-27",
            "준공년차":37.0,
            "가까운역이름":"NA",
            "가까운역거리":"NA",
            "역세권여부":"NA",
            "30분이내주요거점역":"NA",
            "30분거점역이름":"NA",
            "1시간이내주요거점역":"NA",
            "1시간거점역이름":"NA",
            "3km이내백화점수":0,
            "5km이내아울렛몰수":0,
            "1km이내대형먀트수":1,
            "500m이내은행수":1,
            "500m이내병원수":1,
            "5km이내대형병원수":5,
            "500m이내공원수":9,
            "3km이내혐오시설수":0,
            "초등학교학업성취도":90.02,
            "중학교학업성취도":70.4,
            "용적률":0,
            "건폐율":0,
            "Y":34.964145,
            "X":127.488495,
            "rank":109.0,
            "area_info":"21평(72.36), 22평(73.53), 22평(73.08), 23평(78.93), 24평(79.83), 27평(89.55)",
            "last_sales":"2021-12-31,7400.0,21평(72.36)",
            "rank_history":[
                [
                    "202203",
                    109
                ],
                [
                    "202202",
                    9999
                ]
            ],
            "rank_gap":9999
        },
        {
            "index":26,
            "아파트명":"진보",
            "투자타입":"재건축",
            "전용면적(m2)":"86.53",
            "전용면적(평)":"26평",
            "법정동주소":"전라남도 순천시 남정동 549",
            "도로명주소":"전라남도 순천시 동신흥5길 18",
            "세대수":0,
            "입주년차":"--",
            "용적률점수":0,
            "건폐율점수":0,
            "세대당주차수":"--",
            "난방방식":"--",
            "공급면적":70,
            "전용률":80,
            "욕실수":"--",
            "현관타입":"--",
            "주거총점":7.5,
            "지역구공급총점":0.0,
            "역세권":"NA",
            "30분내 이동가능 거점":"NA",
            "1시간내 이동가능 거점":"NA",
            "교통총점":"NA",
            "백화점":0,
            "아울렛몰":0,
            "대형마트":80,
            "은행":0,
            "병원":30,
            "종합병원":100,
            "공원":100,
            "혐오시설":0,
            "인프라총점":38.0,
            "초등학군":89.99,
            "중학군":34.96,
            "학군총점":45.966,
            "인구수":30.57,
            "인구증감":-0.33,
            "인구총점":21.3,
            "일자리":14.99,
            "소득수준":53.05,
            "일자리총점":26.408,
            "가치 총점":29.3165,
            "매매실거래년":20210821.0,
            "매매실거래가":6700.0,
            "전세실거래년":20130220.0,
            "전세실거래가":7500.0,
            "전세가율":111.94,
            "장기전세가율평균":79.35,
            "전세가율거품지수":-32.59,
            "검색코드":109044,
            "세대수":50.0,
            "준공년월":"1989-03-29",
            "준공년차":34.0,
            "가까운역이름":"NA",
            "가까운역거리":"NA",
            "역세권여부":"NA",
            "30분이내주요거점역":"NA",
            "30분거점역이름":"NA",
            "1시간이내주요거점역":"NA",
            "1시간거점역이름":"NA",
            "3km이내백화점수":0,
            "5km이내아울렛몰수":0,
            "1km이내대형먀트수":1,
            "500m이내은행수":0,
            "500m이내병원수":5,
            "5km이내대형병원수":5,
            "500m이내공원수":6,
            "3km이내혐오시설수":0,
            "초등학교학업성취도":89.99,
            "중학교학업성취도":57.2,
            "용적률":0,
            "건폐율":0,
            "Y":34.937528,
            "X":127.489914,
            "rank":110.0,
            "area_info":"26평(86.53)",
            "last_sales":"2021-08-21,6700.0,26평(86.53)",
            "rank_history":[
                [
                    "202203",
                    110
                ],
                [
                    "202202",
                    9999
                ]
            ],
            "rank_gap":9999
        },
        {
            "index":170,
            "아파트명":"한경",
            "투자타입":"재건축",
            "전용면적(m2)":"53.46",
            "전용면적(평)":"16평",
            "법정동주소":"전라남도 순천시 오천동 855-3",
            "도로명주소":"전라남도 순천시 남산4길 48",
            "세대수":0,
            "입주년차":"--",
            "용적률점수":0,
            "건폐율점수":0,
            "세대당주차수":"--",
            "난방방식":"--",
            "공급면적":50,
            "전용률":100,
            "욕실수":"--",
            "현관타입":"--",
            "주거총점":7.5,
            "지역구공급총점":0.0,
            "역세권":"NA",
            "30분내 이동가능 거점":"NA",
            "1시간내 이동가능 거점":"NA",
            "교통총점":"NA",
            "백화점":0,
            "아울렛몰":0,
            "대형마트":80,
            "은행":0,
            "병원":30,
            "종합병원":100,
            "공원":100,
            "혐오시설":0,
            "인프라총점":38.0,
            "초등학군":89.99,
            "중학군":34.96,
            "학군총점":45.966,
            "인구수":30.57,
            "인구증감":-0.33,
            "인구총점":21.3,
            "일자리":14.99,
            "소득수준":53.05,
            "일자리총점":26.408,
            "가치 총점":29.3165,
            "매매실거래년":20210923.0,
            "매매실거래가":6200.0,
            "전세실거래년":20180822.0,
            "전세실거래가":4000.0,
            "전세가율":64.52,
            "장기전세가율평균":79.35,
            "전세가율거품지수":14.83,
            "검색코드":14922,
            "세대수":148.0,
            "준공년월":"1986-06-24",
            "준공년차":37.0,
            "가까운역이름":"NA",
            "가까운역거리":"NA",
            "역세권여부":"NA",
            "30분이내주요거점역":"NA",
            "30분거점역이름":"NA",
            "1시간이내주요거점역":"NA",
            "1시간거점역이름":"NA",
            "3km이내백화점수":0,
            "5km이내아울렛몰수":0,
            "1km이내대형먀트수":1,
            "500m이내은행수":0,
            "500m이내병원수":6,
            "5km이내대형병원수":5,
            "500m이내공원수":8,
            "3km이내혐오시설수":0,
            "초등학교학업성취도":89.99,
            "중학교학업성취도":57.2,
            "용적률":0,
            "건폐율":0,
            "Y":34.936827,
            "X":127.490455,
            "rank":110.0,
            "area_info":"16평(53.46), 17평(58.23), 18평(61.56), 19평(63.54)",
            "last_sales":"2021-09-23,6200.0,16평(53.46)",
            "rank_history":[
                [
                    "202203",
                    110
                ],
                [
                    "202202",
                    102
                ],
                [
                    "202201",
                    101
                ]
            ],
            "rank_gap":-8
        },
        {
            "index":252,
            "아파트명":"금호타운",
            "투자타입":"일반",
            "전용면적(m2)":"90.67",
            "전용면적(평)":"27평",
            "법정동주소":"전라남도 순천시 조곡동 68-61",
            "도로명주소":"전라남도 순천시 자경3길 34",
            "세대수":0,
            "입주년차":0,
            "용적률점수":"--",
            "건폐율점수":"--",
            "세대당주차수":0,
            "난방방식":30,
            "공급면적":"--",
            "전용률":"--",
            "욕실수":100,
            "현관타입":100,
            "주거총점":23.0,
            "지역구공급총점":0.0,
            "역세권":"NA",
            "30분내 이동가능 거점":"NA",
            "1시간내 이동가능 거점":"NA",
            "교통총점":"NA",
            "백화점":0,
            "아울렛몰":0,
            "대형마트":0,
            "은행":0,
            "병원":0,
            "종합병원":100,
            "공원":100,
            "혐오시설":0,
            "인프라총점":23.0,
            "초등학군":89.97,
            "중학군":36.36,
            "학군총점":47.082,
            "인구수":30.57,
            "인구증감":-0.33,
            "인구총점":21.3,
            "일자리":14.99,
            "소득수준":53.05,
            "일자리총점":26.408,
            "가치 총점":29.0205,
            "매매실거래년":20220210.0,
            "매매실거래가":8250.0,
            "전세실거래년":20171215.0,
            "전세실거래가":5500.0,
            "전세가율":66.67,
            "장기전세가율평균":79.35,
            "전세가율거품지수":12.68,
            "검색코드":14926,
            "세대수":266.0,
            "준공년월":"1993-12-29",
            "준공년차":30.0,
            "가까운역이름":"NA",
            "가까운역거리":"NA",
            "역세권여부":"NA",
            "30분이내주요거점역":"NA",
            "30분거점역이름":"NA",
            "1시간이내주요거점역":"NA",
            "1시간거점역이름":"NA",
            "3km이내백화점수":0,
            "5km이내아울렛몰수":0,
            "1km이내대형먀트수":0,
            "500m이내은행수":0,
            "500m이내병원수":0,
            "5km이내대형병원수":6,
            "500m이내공원수":3,
            "3km이내혐오시설수":0,
            "초등학교학업성취도":89.97,
            "중학교학업성취도":58.6,
            "용적률":0,
            "건폐율":0,
            "Y":34.952022,
            "X":127.502634,
            "rank":111.0,
            "area_info":"27평(90.67), 30평(101.93), 31평(102.82)",
            "last_sales":"2022-02-10,8250.0,27평(90.67)",
            "rank_history":[
                [
                    "202203",
                    111
                ],
                [
                    "202202",
                    103
                ],
                [
                    "202201",
                    103
                ]
            ],
            "rank_gap":-8
        },
        {
            "index":255,
            "아파트명":"정원넥스빌",
            "투자타입":"일반",
            "전용면적(m2)":"119.89",
            "전용면적(평)":"36평",
            "법정동주소":"전라남도 순천시 조곡동 512",
            "도로명주소":"전라남도 순천시 봉화로 47",
            "세대수":0,
            "입주년차":20,
            "용적률점수":"--",
            "건폐율점수":"--",
            "세대당주차수":30,
            "난방방식":30,
            "공급면적":"--",
            "전용률":"--",
            "욕실수":100,
            "현관타입":10,
            "주거총점":22.5,
            "지역구공급총점":0.0,
            "역세권":"NA",
            "30분내 이동가능 거점":"NA",
            "1시간내 이동가능 거점":"NA",
            "교통총점":"NA",
            "백화점":0,
            "아울렛몰":0,
            "대형마트":0,
            "은행":0,
            "병원":0,
            "종합병원":100,
            "공원":100,
            "혐오시설":0,
            "인프라총점":23.0,
            "초등학군":90.02,
            "중학군":36.36,
            "학군총점":47.092,
            "인구수":30.57,
            "인구증감":-0.33,
            "인구총점":21.3,
            "일자리":14.99,
            "소득수준":53.05,
            "일자리총점":26.408,
            "가치 총점":28.848,
            "매매실거래년":20220218.0,
            "매매실거래가":18500.0,
            "전세실거래년":20201112.0,
            "전세실거래가":16500.0,
            "전세가율":89.19,
            "장기전세가율평균":79.35,
            "전세가율거품지수":-9.84,
            "검색코드":101797,
            "세대수":289.0,
            "준공년월":"2003-04-19",
            "준공년차":20.0,
            "가까운역이름":"NA",
            "가까운역거리":"NA",
            "역세권여부":"NA",
            "30분이내주요거점역":"NA",
            "30분거점역이름":"NA",
            "1시간이내주요거점역":"NA",
            "1시간거점역이름":"NA",
            "3km이내백화점수":0,
            "5km이내아울렛몰수":0,
            "1km이내대형먀트수":0,
            "500m이내은행수":0,
            "500m이내병원수":0,
            "5km이내대형병원수":6,
            "500m이내공원수":5,
            "3km이내혐오시설수":0,
            "초등학교학업성취도":90.02,
            "중학교학업성취도":58.6,
            "용적률":295,
            "건폐율":20,
            "Y":34.957305,
            "X":127.496131,
            "rank":112.0,
            "area_info":"36평(119.89)",
            "last_sales":"2022-02-18,18500.0,36평(119.89)",
            "rank_history":[
                [
                    "202203",
                    112
                ],
                [
                    "202202",
                    105
                ],
                [
                    "202201",
                    104
                ]
            ],
            "rank_gap":-7
        },
        {
            "index":95,
            "아파트명":"현대",
            "투자타입":"재건축",
            "전용면적(m2)":"89.2",
            "전용면적(평)":"26평",
            "법정동주소":"전라남도 순천시 생목동 28-1",
            "도로명주소":"전라남도 순천시",
            "세대수":50,
            "입주년차":"--",
            "용적률점수":0,
            "건폐율점수":0,
            "세대당주차수":"--",
            "난방방식":"--",
            "공급면적":70,
            "전용률":80,
            "욕실수":"--",
            "현관타입":"--",
            "주거총점":22.5,
            "지역구공급총점":0.0,
            "역세권":"NA",
            "30분내 이동가능 거점":"NA",
            "1시간내 이동가능 거점":"NA",
            "교통총점":"NA",
            "백화점":0,
            "아울렛몰":0,
            "대형마트":0,
            "은행":0,
            "병원":0,
            "종합병원":100,
            "공원":100,
            "혐오시설":0,
            "인프라총점":23.0,
            "초등학군":89.97,
            "중학군":36.36,
            "학군총점":47.082,
            "인구수":30.57,
            "인구증감":-0.33,
            "인구총점":21.3,
            "일자리":14.99,
            "소득수준":53.05,
            "일자리총점":26.408,
            "가치 총점":28.8455,
            "매매실거래년":20220211.0,
            "매매실거래가":10900.0,
            "전세실거래년":20210905.0,
            "전세실거래가":5000.0,
            "전세가율":59.88,
            "장기전세가율평균":79.35,
            "전세가율거품지수":19.47,
            "검색코드":4656,
            "세대수":499.0,
            "준공년월":"1990-09-28",
            "준공년차":33.0,
            "가까운역이름":"NA",
            "가까운역거리":"NA",
            "역세권여부":"NA",
            "30분이내주요거점역":"NA",
            "30분거점역이름":"NA",
            "1시간이내주요거점역":"NA",
            "1시간거점역이름":"NA",
            "3km이내백화점수":0,
            "5km이내아울렛몰수":0,
            "1km이내대형먀트수":0,
            "500m이내은행수":0,
            "500m이내병원수":0,
            "5km이내대형병원수":6,
            "500m이내공원수":7,
            "3km이내혐오시설수":0,
            "초등학교학업성취도":89.97,
            "중학교학업성취도":58.6,
            "용적률":0,
            "건폐율":0,
            "Y":34.951613,
            "X":127.504071,
            "rank":113.0,
            "area_info":"26평(89.2), 31평(104.85)",
            "last_sales":"2022-02-11,10900.0,31평(104.85)",
            "rank_history":[
                [
                    "202203",
                    113
                ],
                [
                    "202202",
                    106
                ],
                [
                    "202201",
                    105
                ]
            ],
            "rank_gap":-7
        },
        {
            "index":118,
            "아파트명":"중흥",
            "투자타입":"일반",
            "전용면적(m2)":"75.86",
            "전용면적(평)":"22평",
            "법정동주소":"전라남도 순천시 석현동 235",
            "도로명주소":"전라남도 순천시 석현북길 7",
            "세대수":0,
            "입주년차":0,
            "용적률점수":"--",
            "건폐율점수":"--",
            "세대당주차수":0,
            "난방방식":30,
            "공급면적":"--",
            "전용률":"--",
            "욕실수":50,
            "현관타입":100,
            "주거총점":18.0,
            "지역구공급총점":0.0,
            "역세권":"NA",
            "30분내 이동가능 거점":"NA",
            "1시간내 이동가능 거점":"NA",
            "교통총점":"NA",
            "백화점":0,
            "아울렛몰":0,
            "대형마트":0,
            "은행":0,
            "병원":0,
            "종합병원":100,
            "공원":100,
            "혐오시설":0,
            "인프라총점":23.0,
            "초등학군":90.01,
            "중학군":44.1,
            "학군총점":53.282,
            "인구수":30.57,
            "인구증감":-0.33,
            "인구총점":21.3,
            "일자리":14.99,
            "소득수준":53.05,
            "일자리총점":26.408,
            "가치 총점":28.8205,
            "매매실거래년":20220124.0,
            "매매실거래가":8300.0,
            "전세실거래년":20180705.0,
            "전세실거래가":4500.0,
            "전세가율":54.22,
            "장기전세가율평균":79.35,
            "전세가율거품지수":25.13,
            "검색코드":4662,
            "세대수":213.0,
            "준공년월":"1996-08-17",
            "준공년차":27.0,
            "가까운역이름":"NA",
            "가까운역거리":"NA",
            "역세권여부":"NA",
            "30분이내주요거점역":"NA",
            "30분거점역이름":"NA",
            "1시간이내주요거점역":"NA",
            "1시간거점역이름":"NA",
            "3km이내백화점수":0,
            "5km이내아울렛몰수":0,
            "1km이내대형먀트수":0,
            "500m이내은행수":0,
            "500m이내병원수":0,
            "5km이내대형병원수":5,
            "500m이내공원수":12,
            "3km이내혐오시설수":0,
            "초등학교학업성취도":90.01,
            "중학교학업성취도":73.5,
            "용적률":378,
            "건폐율":29,
            "Y":34.973278,
            "X":127.476868,
            "rank":114.0,
            "area_info":"22평(75.86), 32평(107.48), 50평(166.6)",
            "last_sales":"2022-01-24,8300.0,22평(75.86)",
            "rank_history":[
                [
                    "202203",
                    114
                ],
                [
                    "202202",
                    104
                ],
                [
                    "202201",
                    102
                ]
            ],
            "rank_gap":-10
        },
        {
            "index":243,
            "아파트명":"남산맨션",
            "투자타입":"일반",
            "전용면적(m2)":"91.31",
            "전용면적(평)":"27평",
            "법정동주소":"전라남도 순천시 인제동 248-2",
            "도로명주소":"전라남도 순천시 상인제1길 73",
            "세대수":0,
            "입주년차":0,
            "용적률점수":"--",
            "건폐율점수":"--",
            "세대당주차수":0,
            "난방방식":30,
            "공급면적":"--",
            "전용률":"--",
            "욕실수":100,
            "현관타입":100,
            "주거총점":23.0,
            "지역구공급총점":0.0,
            "역세권":"NA",
            "30분내 이동가능 거점":"NA",
            "1시간내 이동가능 거점":"NA",
            "교통총점":"NA",
            "백화점":0,
            "아울렛몰":0,
            "대형마트":0,
            "은행":0,
            "병원":0,
            "종합병원":100,
            "공원":100,
            "혐오시설":0,
            "인프라총점":23.0,
            "초등학군":89.97,
            "중학군":34.96,
            "학군총점":45.962,
            "인구수":30.57,
            "인구증감":-0.33,
            "인구총점":21.3,
            "일자리":14.99,
            "소득수준":53.05,
            "일자리총점":26.408,
            "가치 총점":28.7405,
            "매매실거래년":20211119.0,
            "매매실거래가":5450.0,
            "전세실거래년":20220204.0,
            "전세실거래가":4000.0,
            "전세가율":73.39,
            "장기전세가율평균":79.35,
            "전세가율거품지수":5.96,
            "검색코드":117364,
            "세대수":60.0,
            "준공년월":"1993-07-24",
            "준공년차":30.0,
            "가까운역이름":"NA",
            "가까운역거리":"NA",
            "역세권여부":"NA",
            "30분이내주요거점역":"NA",
            "30분거점역이름":"NA",
            "1시간이내주요거점역":"NA",
            "1시간거점역이름":"NA",
            "3km이내백화점수":0,
            "5km이내아울렛몰수":0,
            "1km이내대형먀트수":0,
            "500m이내은행수":0,
            "500m이내병원수":0,
            "5km이내대형병원수":5,
            "500m이내공원수":6,
            "3km이내혐오시설수":0,
            "초등학교학업성취도":89.97,
            "중학교학업성취도":57.2,
            "용적률":226,
            "건폐율":30,
            "Y":34.943802,
            "X":127.480103,
            "rank":115.0,
            "area_info":"27평(91.31)",
            "last_sales":"2021-11-19,5450.0,27평(91.31)",
            "rank_history":[
                [
                    "202203",
                    115
                ],
                [
                    "202202",
                    9999
                ]
            ],
            "rank_gap":9999
        },
        {
            "index":27,
            "아파트명":"한경",
            "투자타입":"재건축",
            "전용면적(m2)":"63.84",
            "전용면적(평)":"19평",
            "법정동주소":"전라남도 순천시 남정동 542-7",
            "도로명주소":"전라남도 순천시 동신흥3길 5",
            "세대수":0,
            "입주년차":"--",
            "용적률점수":0,
            "건폐율점수":0,
            "세대당주차수":"--",
            "난방방식":"--",
            "공급면적":50,
            "전용률":100,
            "욕실수":"--",
            "현관타입":"--",
            "주거총점":7.5,
            "지역구공급총점":0.0,
            "역세권":"NA",
            "30분내 이동가능 거점":"NA",
            "1시간내 이동가능 거점":"NA",
            "교통총점":"NA",
            "백화점":0,
            "아울렛몰":0,
            "대형마트":80,
            "은행":0,
            "병원":10,
            "종합병원":100,
            "공원":100,
            "혐오시설":0,
            "인프라총점":36.0,
            "초등학군":89.99,
            "중학군":34.96,
            "학군총점":45.966,
            "인구수":30.57,
            "인구증감":-0.33,
            "인구총점":21.3,
            "일자리":14.99,
            "소득수준":53.05,
            "일자리총점":26.408,
            "가치 총점":28.5165,
            "매매실거래년":20220112.0,
            "매매실거래가":7000.0,
            "전세실거래년":20161019.0,
            "전세실거래가":5000.0,
            "전세가율":66.67,
            "장기전세가율평균":79.35,
            "전세가율거품지수":12.68,
            "검색코드":4637,
            "세대수":90.0,
            "준공년월":"1987-03-31",
            "준공년차":36.0,
            "가까운역이름":"NA",
            "가까운역거리":"NA",
            "역세권여부":"NA",
            "30분이내주요거점역":"NA",
            "30분거점역이름":"NA",
            "1시간이내주요거점역":"NA",
            "1시간거점역이름":"NA",
            "3km이내백화점수":0,
            "5km이내아울렛몰수":0,
            "1km이내대형먀트수":1,
            "500m이내은행수":0,
            "500m이내병원수":2,
            "5km이내대형병원수":5,
            "500m이내공원수":8,
            "3km이내혐오시설수":0,
            "초등학교학업성취도":89.99,
            "중학교학업성취도":57.2,
            "용적률":0,
            "건폐율":0,
            "Y":34.938584,
            "X":127.490236,
            "rank":116.0,
            "area_info":"19평(63.84), 19평(63.12), 20평(68.85), 24평(82.29)",
            "last_sales":"2022-01-12,7000.0,24평(82.29)",
            "rank_history":[
                [
                    "202203",
                    116
                ],
                [
                    "202202",
                    9999
                ]
            ],
            "rank_gap":9999
        },
        {
            "index":125,
            "아파트명":"향림현대2차",
            "투자타입":"일반",
            "전용면적(m2)":"89.51",
            "전용면적(평)":"27평",
            "법정동주소":"전라남도 순천시 석현동 525",
            "도로명주소":"전라남도 순천시 석현길 57",
            "세대수":0,
            "입주년차":0,
            "용적률점수":"--",
            "건폐율점수":"--",
            "세대당주차수":0,
            "난방방식":30,
            "공급면적":"--",
            "전용률":"--",
            "욕실수":50,
            "현관타입":100,
            "주거총점":18.0,
            "지역구공급총점":0.0,
            "역세권":"NA",
            "30분내 이동가능 거점":"NA",
            "1시간내 이동가능 거점":"NA",
            "교통총점":"NA",
            "백화점":0,
            "아울렛몰":0,
            "대형마트":0,
            "은행":0,
            "병원":0,
            "종합병원":100,
            "공원":100,
            "혐오시설":0,
            "인프라총점":23.0,
            "초등학군":90.01,
            "중학군":42.56,
            "학군총점":52.05,
            "인구수":30.57,
            "인구증감":-0.33,
            "인구총점":21.3,
            "일자리":14.99,
            "소득수준":53.05,
            "일자리총점":26.408,
            "가치 총점":28.5125,
            "매매실거래년":20220203.0,
            "매매실거래가":9300.0,
            "전세실거래년":20110309.0,
            "전세실거래가":3500.0,
            "전세가율":37.63,
            "장기전세가율평균":79.35,
            "전세가율거품지수":41.72,
            "검색코드":4668,
            "세대수":137.0,
            "준공년월":"1993-09-24",
            "준공년차":30.0,
            "가까운역이름":"NA",
            "가까운역거리":"NA",
            "역세권여부":"NA",
            "30분이내주요거점역":"NA",
            "30분거점역이름":"NA",
            "1시간이내주요거점역":"NA",
            "1시간거점역이름":"NA",
            "3km이내백화점수":0,
            "5km이내아울렛몰수":0,
            "1km이내대형먀트수":0,
            "500m이내은행수":0,
            "500m이내병원수":0,
            "5km이내대형병원수":5,
            "500m이내공원수":10,
            "3km이내혐오시설수":0,
            "초등학교학업성취도":90.01,
            "중학교학업성취도":70.4,
            "용적률":279,
            "건폐율":26,
            "Y":34.97346,
            "X":127.47518,
            "rank":117.0,
            "area_info":"27평(89.51), 31평(103.4), 31평(103.48)",
            "last_sales":"2022-02-03,9300.0,27평(89.51)",
            "rank_history":[
                [
                    "202203",
                    117
                ],
                [
                    "202202",
                    107
                ],
                [
                    "202201",
                    102
                ]
            ],
            "rank_gap":-10
        },
        {
            "index":53,
            "아파트명":"매곡삼풍그린1차",
            "투자타입":"재건축",
            "전용면적(m2)":"93.84",
            "전용면적(평)":"28평",
            "법정동주소":"전라남도 순천시 매곡동 179-9",
            "도로명주소":"전라남도 순천시 매산큰길 5",
            "세대수":0,
            "입주년차":"--",
            "용적률점수":0,
            "건폐율점수":0,
            "세대당주차수":"--",
            "난방방식":"--",
            "공급면적":70,
            "전용률":80,
            "욕실수":"--",
            "현관타입":"--",
            "주거총점":7.5,
            "지역구공급총점":0.0,
            "역세권":"NA",
            "30분내 이동가능 거점":"NA",
            "1시간내 이동가능 거점":"NA",
            "교통총점":"NA",
            "백화점":0,
            "아울렛몰":0,
            "대형마트":0,
            "은행":0,
            "병원":60,
            "종합병원":100,
            "공원":100,
            "혐오시설":0,
            "인프라총점":29.0,
            "초등학군":90.02,
            "중학군":38.24,
            "학군총점":48.596,
            "인구수":30.57,
            "인구증감":-0.33,
            "인구총점":21.3,
            "일자리":14.99,
            "소득수준":53.05,
            "일자리총점":26.408,
            "가치 총점":26.374,
            "매매실거래년":20191214.0,
            "매매실거래가":15000.0,
            "전세실거래년":null,
            "전세실거래가":null,
            "전세가율":null,
            "장기전세가율평균":79.35,
            "전세가율거품지수":null,
            "검색코드":109081,
            "세대수":73.0,
            "준공년월":"1990-01-22",
            "준공년차":33.0,
            "가까운역이름":"NA",
            "가까운역거리":"NA",
            "역세권여부":"NA",
            "30분이내주요거점역":"NA",
            "30분거점역이름":"NA",
            "1시간이내주요거점역":"NA",
            "1시간거점역이름":"NA",
            "3km이내백화점수":0,
            "5km이내아울렛몰수":0,
            "1km이내대형먀트수":0,
            "500m이내은행수":1,
            "500m이내병원수":18,
            "5km이내대형병원수":5,
            "500m이내공원수":7,
            "3km이내혐오시설수":0,
            "초등학교학업성취도":90.02,
            "중학교학업성취도":63.0,
            "용적률":0,
            "건폐율":0,
            "Y":34.960396,
            "X":127.480892,
            "rank":118.0,
            "area_info":"28평(93.84), 29평(97.67), 30평(101.14), 42평(141.09), 47평(157.47)",
            "last_sales":"2019-12-14,15000.0,47평(157.47)",
            "rank_history":[
                [
                    "202203",
                    118
                ],
                [
                    "202202",
                    9999
                ]
            ],
            "rank_gap":9999
        },
        {
            "index":248,
            "아파트명":"로얄파크맨션",
            "투자타입":"재건축",
            "전용면적(m2)":"107.79",
            "전용면적(평)":"32평",
            "법정동주소":"전라남도 순천시 저전동 60-1",
            "도로명주소":"전라남도 순천시 서문로 45",
            "세대수":0,
            "입주년차":"--",
            "용적률점수":0,
            "건폐율점수":0,
            "세대당주차수":"--",
            "난방방식":"--",
            "공급면적":90,
            "전용률":60,
            "욕실수":"--",
            "현관타입":"--",
            "주거총점":7.5,
            "지역구공급총점":0.0,
            "역세권":"NA",
            "30분내 이동가능 거점":"NA",
            "1시간내 이동가능 거점":"NA",
            "교통총점":"NA",
            "백화점":0,
            "아울렛몰":0,
            "대형마트":0,
            "은행":0,
            "병원":30,
            "종합병원":100,
            "공원":100,
            "혐오시설":0,
            "인프라총점":26.0,
            "초등학군":90.01,
            "중학군":38.24,
            "학군총점":48.594,
            "인구수":30.57,
            "인구증감":-0.33,
            "인구총점":21.3,
            "일자리":14.99,
            "소득수준":53.05,
            "일자리총점":26.408,
            "가치 총점":25.1735,
            "매매실거래년":20210902.0,
            "매매실거래가":11000.0,
            "전세실거래년":20140912.0,
            "전세실거래가":7000.0,
            "전세가율":63.64,
            "장기전세가율평균":79.35,
            "전세가율거품지수":15.71,
            "검색코드":14924,
            "세대수":90.0,
            "준공년월":"1990-07-06",
            "준공년차":33.0,
            "가까운역이름":"NA",
            "가까운역거리":"NA",
            "역세권여부":"NA",
            "30분이내주요거점역":"NA",
            "30분거점역이름":"NA",
            "1시간이내주요거점역":"NA",
            "1시간거점역이름":"NA",
            "3km이내백화점수":0,
            "5km이내아울렛몰수":0,
            "1km이내대형먀트수":0,
            "500m이내은행수":0,
            "500m이내병원수":5,
            "5km이내대형병원수":5,
            "500m이내공원수":8,
            "3km이내혐오시설수":0,
            "초등학교학업성취도":90.01,
            "중학교학업성취도":63.0,
            "용적률":0,
            "건폐율":0,
            "Y":34.95089,
            "X":127.47847,
            "rank":119.0,
            "area_info":"32평(107.79), 43평(143.83)",
            "last_sales":"2021-09-02,11000.0,32평(107.79)",
            "rank_history":[
                [
                    "202203",
                    119
                ],
                [
                    "202202",
                    9999
                ]
            ],
            "rank_gap":9999
        },
        {
            "index":63,
            "아파트명":"삼풍그린파크2차",
            "투자타입":"재건축",
            "전용면적(m2)":"80.68",
            "전용면적(평)":"24평",
            "법정동주소":"전라남도 순천시 매곡동 179-1",
            "도로명주소":"전라남도 순천시 매산길 90",
            "세대수":0,
            "입주년차":"--",
            "용적률점수":0,
            "건폐율점수":0,
            "세대당주차수":"--",
            "난방방식":"--",
            "공급면적":50,
            "전용률":80,
            "욕실수":"--",
            "현관타입":"--",
            "주거총점":6.5,
            "지역구공급총점":0.0,
            "역세권":"NA",
            "30분내 이동가능 거점":"NA",
            "1시간내 이동가능 거점":"NA",
            "교통총점":"NA",
            "백화점":0,
            "아울렛몰":0,
            "대형마트":0,
            "은행":0,
            "병원":30,
            "종합병원":100,
            "공원":100,
            "혐오시설":0,
            "인프라총점":26.0,
            "초등학군":90.02,
            "중학군":38.24,
            "학군총점":48.596,
            "인구수":30.57,
            "인구증감":-0.33,
            "인구총점":21.3,
            "일자리":14.99,
            "소득수준":53.05,
            "일자리총점":26.408,
            "가치 총점":24.824,
            "매매실거래년":20210823.0,
            "매매실거래가":10500.0,
            "전세실거래년":null,
            "전세실거래가":null,
            "전세가율":null,
            "장기전세가율평균":79.35,
            "전세가율거품지수":null,
            "검색코드":4655,
            "세대수":182.0,
            "준공년월":"1991-10-26",
            "준공년차":32.0,
            "가까운역이름":"NA",
            "가까운역거리":"NA",
            "역세권여부":"NA",
            "30분이내주요거점역":"NA",
            "30분거점역이름":"NA",
            "1시간이내주요거점역":"NA",
            "1시간거점역이름":"NA",
            "3km이내백화점수":0,
            "5km이내아울렛몰수":0,
            "1km이내대형먀트수":0,
            "500m이내은행수":1,
            "500m이내병원수":8,
            "5km이내대형병원수":5,
            "500m이내공원수":3,
            "3km이내혐오시설수":0,
            "초등학교학업성취도":90.02,
            "중학교학업성취도":63.0,
            "용적률":0,
            "건폐율":0,
            "Y":34.961323,
            "X":127.480722,
            "rank":120.0,
            "area_info":"24평(80.68), 26평(86.7), 28평(95.43), 30평(101.07), 31평(103.5), 36평(120.7), 47평(155.97)",
            "last_sales":"2021-08-23,10500.0,47평(155.97)",
            "rank_history":[
                [
                    "202203",
                    120
                ],
                [
                    "202202",
                    108
                ],
                [
                    "202201",
                    107
                ]
            ],
            "rank_gap":-12
        },
        {
            "index":0,
            "아파트명":"가곡시영맨션",
            "투자타입":"재건축",
            "전용면적(m2)":"77.2",
            "전용면적(평)":"23평",
            "법정동주소":"전라남도 순천시 가곡동 972",
            "도로명주소":"전라남도 순천시 가곡길 95",
            "세대수":0,
            "입주년차":"--",
            "용적률점수":0,
            "건폐율점수":0,
            "세대당주차수":"--",
            "난방방식":"--",
            "공급면적":50,
            "전용률":60,
            "욕실수":"--",
            "현관타입":"--",
            "주거총점":5.5,
            "지역구공급총점":0.0,
            "역세권":"NA",
            "30분내 이동가능 거점":"NA",
            "1시간내 이동가능 거점":"NA",
            "교통총점":"NA",
            "백화점":0,
            "아울렛몰":0,
            "대형마트":0,
            "은행":0,
            "병원":0,
            "종합병원":100,
            "공원":100,
            "혐오시설":0,
            "인프라총점":23.0,
            "초등학군":89.97,
            "중학군":44.1,
            "학군총점":53.274,
            "인구수":30.57,
            "인구증감":-0.33,
            "인구총점":21.3,
            "일자리":14.99,
            "소득수준":53.05,
            "일자리총점":26.408,
            "가치 총점":24.4435,
            "매매실거래년":20220129.0,
            "매매실거래가":6400.0,
            "전세실거래년":20210903.0,
            "전세실거래가":6000.0,
            "전세가율":93.75,
            "장기전세가율평균":79.35,
            "전세가율거품지수":-14.4,
            "검색코드":4635,
            "세대수":250.0,
            "준공년월":"1991-05-31",
            "준공년차":32.0,
            "가까운역이름":"NA",
            "가까운역거리":"NA",
            "역세권여부":"NA",
            "30분이내주요거점역":"NA",
            "30분거점역이름":"NA",
            "1시간이내주요거점역":"NA",
            "1시간거점역이름":"NA",
            "3km이내백화점수":0,
            "5km이내아울렛몰수":0,
            "1km이내대형먀트수":0,
            "500m이내은행수":0,
            "500m이내병원수":1,
            "5km이내대형병원수":5,
            "500m이내공원수":9,
            "3km이내혐오시설수":0,
            "초등학교학업성취도":89.97,
            "중학교학업성취도":73.5,
            "용적률":0,
            "건폐율":0,
            "Y":34.979868,
            "X":127.481207,
            "rank":121.0,
            "area_info":"23평(77.2), 23평(77.19)",
            "last_sales":"2022-01-29,6400.0,23평(77.2)",
            "rank_history":[
                [
                    "202203",
                    121
                ],
                [
                    "202202",
                    109
                ],
                [
                    "202201",
                    106
                ]
            ],
            "rank_gap":-12
        },
        {
            "index":112,
            "아파트명":"예원",
            "투자타입":"재건축",
            "전용면적(m2)":"45.54",
            "전용면적(평)":"13평",
            "법정동주소":"전라남도 순천시 서면 압곡리 979-1",
            "도로명주소":"전라남도 순천시 산단2길 55",
            "세대수":0,
            "입주년차":"--",
            "용적률점수":0,
            "건폐율점수":0,
            "세대당주차수":"--",
            "난방방식":"--",
            "공급면적":50,
            "전용률":80,
            "욕실수":"--",
            "현관타입":"--",
            "주거총점":6.5,
            "지역구공급총점":0.0,
            "역세권":"NA",
            "30분내 이동가능 거점":"NA",
            "1시간내 이동가능 거점":"NA",
            "교통총점":"NA",
            "백화점":0,
            "아울렛몰":0,
            "대형마트":0,
            "은행":0,
            "병원":0,
            "종합병원":100,
            "공원":0,
            "혐오시설":0,
            "인프라총점":20.0,
            "초등학군":90.0,
            "중학군":47.18,
            "학군총점":55.744,
            "인구수":30.57,
            "인구증감":-0.33,
            "인구총점":21.3,
            "일자리":14.99,
            "소득수준":53.05,
            "일자리총점":26.408,
            "가치 총점":24.211,
            "매매실거래년":20220111.0,
            "매매실거래가":2200.0,
            "전세실거래년":20211126.0,
            "전세실거래가":3000.0,
            "전세가율":136.36,
            "장기전세가율평균":79.35,
            "전세가율거품지수":-57.01,
            "검색코드":117362,
            "세대수":89.0,
            "준공년월":"1988-08-05",
            "준공년차":35.0,
            "가까운역이름":"NA",
            "가까운역거리":"NA",
            "역세권여부":"NA",
            "30분이내주요거점역":"NA",
            "30분거점역이름":"NA",
            "1시간이내주요거점역":"NA",
            "1시간거점역이름":"NA",
            "3km이내백화점수":0,
            "5km이내아울렛몰수":0,
            "1km이내대형먀트수":0,
            "500m이내은행수":0,
            "500m이내병원수":0,
            "5km이내대형병원수":6,
            "500m이내공원수":0,
            "3km이내혐오시설수":0,
            "초등학교학업성취도":90.0,
            "중학교학업성취도":76.9,
            "용적률":0,
            "건폐율":0,
            "Y":34.979523,
            "X":127.5091,
            "rank":122.0,
            "area_info":"13평(45.54), 17평(57.06), 19평(64.8)",
            "last_sales":"2022-01-11,2200.0,13평(45.54)",
            "rank_history":[
                [
                    "202203",
                    122
                ],
                [
                    "202202",
                    9999
                ]
            ],
            "rank_gap":9999
        },
        {
            "index":176,
            "아파트명":"현대",
            "투자타입":"재건축",
            "전용면적(m2)":"94.8",
            "전용면적(평)":"28평",
            "법정동주소":"전라남도 순천시 옥천동 231-1",
            "도로명주소":"전라남도 순천시 옥천1길 3",
            "세대수":0,
            "입주년차":"--",
            "용적률점수":0,
            "건폐율점수":0,
            "세대당주차수":"--",
            "난방방식":"--",
            "공급면적":70,
            "전용률":60,
            "욕실수":"--",
            "현관타입":"--",
            "주거총점":6.5,
            "지역구공급총점":0.0,
            "역세권":"NA",
            "30분내 이동가능 거점":"NA",
            "1시간내 이동가능 거점":"NA",
            "교통총점":"NA",
            "백화점":0,
            "아울렛몰":0,
            "대형마트":0,
            "은행":0,
            "병원":10,
            "종합병원":100,
            "공원":100,
            "혐오시설":0,
            "인프라총점":24.0,
            "초등학군":90.01,
            "중학군":38.24,
            "학군총점":48.594,
            "인구수":30.57,
            "인구증감":-0.33,
            "인구총점":21.3,
            "일자리":14.99,
            "소득수준":53.05,
            "일자리총점":26.408,
            "가치 총점":24.0235,
            "매매실거래년":20220124.0,
            "매매실거래가":8500.0,
            "전세실거래년":20211125.0,
            "전세실거래가":13000.0,
            "전세가율":152.94,
            "장기전세가율평균":79.35,
            "전세가율거품지수":-73.59,
            "검색코드":4686,
            "세대수":168.0,
            "준공년월":"1990-11-16",
            "준공년차":33.0,
            "가까운역이름":"NA",
            "가까운역거리":"NA",
            "역세권여부":"NA",
            "30분이내주요거점역":"NA",
            "30분거점역이름":"NA",
            "1시간이내주요거점역":"NA",
            "1시간거점역이름":"NA",
            "3km이내백화점수":0,
            "5km이내아울렛몰수":0,
            "1km이내대형먀트수":0,
            "500m이내은행수":0,
            "500m이내병원수":2,
            "5km이내대형병원수":5,
            "500m이내공원수":8,
            "3km이내혐오시설수":0,
            "초등학교학업성취도":90.01,
            "중학교학업성취도":63.0,
            "용적률":0,
            "건폐율":0,
            "Y":34.95193,
            "X":127.4765,
            "rank":123.0,
            "area_info":"28평(94.8), 32평(105.91), 32평(106.03)",
            "last_sales":"2022-01-24,8500.0,28평(94.8)",
            "rank_history":[
                [
                    "202203",
                    123
                ],
                [
                    "202202",
                    110
                ],
                [
                    "202201",
                    108
                ]
            ],
            "rank_gap":-13
        },
        {
            "index":250,
            "아파트명":"성진",
            "투자타입":"재건축",
            "전용면적(m2)":"82.24",
            "전용면적(평)":"24평",
            "법정동주소":"전라남도 순천시 저전동 270-2",
            "도로명주소":"전라남도 순천시 상인제길 138-15",
            "세대수":0,
            "입주년차":"--",
            "용적률점수":0,
            "건폐율점수":0,
            "세대당주차수":"--",
            "난방방식":"--",
            "공급면적":70,
            "전용률":60,
            "욕실수":"--",
            "현관타입":"--",
            "주거총점":6.5,
            "지역구공급총점":0.0,
            "역세권":"NA",
            "30분내 이동가능 거점":"NA",
            "1시간내 이동가능 거점":"NA",
            "교통총점":"NA",
            "백화점":0,
            "아울렛몰":0,
            "대형마트":0,
            "은행":0,
            "병원":0,
            "종합병원":100,
            "공원":100,
            "혐오시설":0,
            "인프라총점":23.0,
            "초등학군":90.01,
            "중학군":38.24,
            "학군총점":48.594,
            "인구수":30.57,
            "인구증감":-0.33,
            "인구총점":21.3,
            "일자리":14.99,
            "소득수준":53.05,
            "일자리총점":26.408,
            "가치 총점":23.6235,
            "매매실거래년":20220218.0,
            "매매실거래가":6150.0,
            "전세실거래년":20210402.0,
            "전세실거래가":4500.0,
            "전세가율":73.17,
            "장기전세가율평균":79.35,
            "전세가율거품지수":6.18,
            "검색코드":102333,
            "세대수":205.0,
            "준공년월":"1991-11-27",
            "준공년차":32.0,
            "가까운역이름":"NA",
            "가까운역거리":"NA",
            "역세권여부":"NA",
            "30분이내주요거점역":"NA",
            "30분거점역이름":"NA",
            "1시간이내주요거점역":"NA",
            "1시간거점역이름":"NA",
            "3km이내백화점수":0,
            "5km이내아울렛몰수":0,
            "1km이내대형먀트수":0,
            "500m이내은행수":0,
            "500m이내병원수":0,
            "5km이내대형병원수":5,
            "500m이내공원수":9,
            "3km이내혐오시설수":0,
            "초등학교학업성취도":90.01,
            "중학교학업성취도":63.0,
            "용적률":0,
            "건폐율":0,
            "Y":34.946136,
            "X":127.481168,
            "rank":124.0,
            "area_info":"24평(82.24)",
            "last_sales":"2022-02-18,6150.0,24평(82.24)",
            "rank_history":[
                [
                    "202203",
                    124
                ],
                [
                    "202202",
                    111
                ],
                [
                    "202201",
                    108
                ]
            ],
            "rank_gap":-13
        }
    ]
}