{
    "schema":{
        "fields":[
            {
                "name":"index",
                "type":"integer"
            },
            {
                "name":"아파트명",
                "type":"string"
            },
            {
                "name":"투자타입",
                "type":"string"
            },
            {
                "name":"전용면적(m2)",
                "type":"string"
            },
            {
                "name":"전용면적(평)",
                "type":"string"
            },
            {
                "name":"법정동주소",
                "type":"string"
            },
            {
                "name":"도로명주소",
                "type":"string"
            },
            {
                "name":"세대수",
                "type":"integer"
            },
            {
                "name":"입주년차",
                "type":"string"
            },
            {
                "name":"용적률점수",
                "type":"string"
            },
            {
                "name":"건폐율점수",
                "type":"string"
            },
            {
                "name":"세대당주차수",
                "type":"string"
            },
            {
                "name":"난방방식",
                "type":"string"
            },
            {
                "name":"공급면적",
                "type":"string"
            },
            {
                "name":"전용률",
                "type":"string"
            },
            {
                "name":"욕실수",
                "type":"string"
            },
            {
                "name":"현관타입",
                "type":"string"
            },
            {
                "name":"주거총점",
                "type":"number"
            },
            {
                "name":"지역구공급총점",
                "type":"number"
            },
            {
                "name":"역세권",
                "type":"string"
            },
            {
                "name":"30분내 이동가능 거점",
                "type":"string"
            },
            {
                "name":"1시간내 이동가능 거점",
                "type":"string"
            },
            {
                "name":"교통총점",
                "type":"string"
            },
            {
                "name":"백화점",
                "type":"integer"
            },
            {
                "name":"아울렛몰",
                "type":"integer"
            },
            {
                "name":"대형마트",
                "type":"integer"
            },
            {
                "name":"은행",
                "type":"integer"
            },
            {
                "name":"병원",
                "type":"integer"
            },
            {
                "name":"종합병원",
                "type":"integer"
            },
            {
                "name":"공원",
                "type":"integer"
            },
            {
                "name":"혐오시설",
                "type":"integer"
            },
            {
                "name":"인프라총점",
                "type":"number"
            },
            {
                "name":"초등학군",
                "type":"number"
            },
            {
                "name":"중학군",
                "type":"number"
            },
            {
                "name":"학군총점",
                "type":"number"
            },
            {
                "name":"인구수",
                "type":"number"
            },
            {
                "name":"인구증감",
                "type":"number"
            },
            {
                "name":"인구총점",
                "type":"number"
            },
            {
                "name":"일자리",
                "type":"number"
            },
            {
                "name":"소득수준",
                "type":"number"
            },
            {
                "name":"일자리총점",
                "type":"number"
            },
            {
                "name":"가치 총점",
                "type":"number"
            },
            {
                "name":"매매실거래년",
                "type":"string"
            },
            {
                "name":"매매실거래가",
                "type":"number"
            },
            {
                "name":"전세실거래년",
                "type":"number"
            },
            {
                "name":"전세실거래가",
                "type":"number"
            },
            {
                "name":"전세가율",
                "type":"number"
            },
            {
                "name":"장기전세가율평균",
                "type":"number"
            },
            {
                "name":"전세가율거품지수",
                "type":"number"
            },
            {
                "name":"검색코드",
                "type":"integer"
            },
            {
                "name":"세대수",
                "type":"number"
            },
            {
                "name":"준공년월",
                "type":"string"
            },
            {
                "name":"준공년차",
                "type":"number"
            },
            {
                "name":"가까운역이름",
                "type":"string"
            },
            {
                "name":"가까운역거리",
                "type":"string"
            },
            {
                "name":"역세권여부",
                "type":"string"
            },
            {
                "name":"30분이내주요거점역",
                "type":"string"
            },
            {
                "name":"30분거점역이름",
                "type":"string"
            },
            {
                "name":"1시간이내주요거점역",
                "type":"string"
            },
            {
                "name":"1시간거점역이름",
                "type":"string"
            },
            {
                "name":"3km이내백화점수",
                "type":"integer"
            },
            {
                "name":"5km이내아울렛몰수",
                "type":"integer"
            },
            {
                "name":"1km이내대형먀트수",
                "type":"integer"
            },
            {
                "name":"500m이내은행수",
                "type":"integer"
            },
            {
                "name":"500m이내병원수",
                "type":"integer"
            },
            {
                "name":"5km이내대형병원수",
                "type":"integer"
            },
            {
                "name":"500m이내공원수",
                "type":"integer"
            },
            {
                "name":"3km이내혐오시설수",
                "type":"integer"
            },
            {
                "name":"초등학교학업성취도",
                "type":"number"
            },
            {
                "name":"중학교학업성취도",
                "type":"number"
            },
            {
                "name":"용적률",
                "type":"integer"
            },
            {
                "name":"건폐율",
                "type":"integer"
            },
            {
                "name":"Y",
                "type":"number"
            },
            {
                "name":"X",
                "type":"number"
            },
            {
                "name":"rank",
                "type":"number"
            },
            {
                "name":"area_info",
                "type":"string"
            },
            {
                "name":"last_sales",
                "type":"string"
            },
            {
                "name":"rank_history",
                "type":"string"
            },
            {
                "name":"rank_gap",
                "type":"integer"
            }
        ],
        "primaryKey":[
            "index"
        ],
        "pandas_version":"1.4.0"
    },
    "data":[
        {
            "index":227,
            "아파트명":"김천혁신도시골드클래스",
            "투자타입":"일반",
            "전용면적(m2)":"95.66",
            "전용면적(평)":"28평",
            "법정동주소":"경상북도 김천시 율곡동 409",
            "도로명주소":"경상북도 김천시 혁신2로 76",
            "세대수":50,
            "입주년차":80,
            "용적률점수":"--",
            "건폐율점수":"--",
            "세대당주차수":60,
            "난방방식":30,
            "공급면적":"--",
            "전용률":"--",
            "욕실수":100,
            "현관타입":100,
            "주거총점":65.5,
            "지역구공급총점":0.0,
            "역세권":"NA",
            "30분내 이동가능 거점":"NA",
            "1시간내 이동가능 거점":"NA",
            "교통총점":"NA",
            "백화점":0,
            "아울렛몰":0,
            "대형마트":80,
            "은행":70,
            "병원":60,
            "종합병원":80,
            "공원":80,
            "혐오시설":0,
            "인프라총점":43.4,
            "초등학군":90.01,
            "중학군":48.2,
            "학군총점":56.562,
            "인구수":14.14,
            "인구증감":2.21,
            "인구총점":10.561,
            "일자리":9.88,
            "소득수준":70.22,
            "일자리총점":27.982,
            "가치 총점":54.4255,
            "매매실거래년":20220213.0,
            "매매실거래가":29800.0,
            "전세실거래년":20210718.0,
            "전세실거래가":28000.0,
            "전세가율":93.96,
            "장기전세가율평균":77.29,
            "전세가율거품지수":-16.67,
            "검색코드":108797,
            "세대수":512.0,
            "준공년월":"2016-07-14",
            "준공년차":7.0,
            "가까운역이름":"NA",
            "가까운역거리":"NA",
            "역세권여부":"NA",
            "30분이내주요거점역":"NA",
            "30분거점역이름":"NA",
            "1시간이내주요거점역":"NA",
            "1시간거점역이름":"NA",
            "3km이내백화점수":0,
            "5km이내아울렛몰수":0,
            "1km이내대형먀트수":1,
            "500m이내은행수":3,
            "500m이내병원수":11,
            "5km이내대형병원수":1,
            "500m이내공원수":1,
            "3km이내혐오시설수":0,
            "초등학교학업성취도":90.01,
            "중학교학업성취도":79.2,
            "용적률":174,
            "건폐율":13,
            "Y":36.118474,
            "X":128.1799,
            "rank":1.0,
            "area_info":"28평(95.66), 30평(99.34), 33평(111.17), 40평(134.47)",
            "last_sales":"2022-02-13,29800.0,28평(95.66)",
            "rank_history":[
                [
                    "202203",
                    1
                ],
                [
                    "202202",
                    1
                ],
                [
                    "202201",
                    1
                ]
            ],
            "rank_gap":0
        },
        {
            "index":158,
            "아파트명":"김천삼도뷰엔빌W2단지",
            "투자타입":"일반",
            "전용면적(m2)":"84.93",
            "전용면적(평)":"25평",
            "법정동주소":"경상북도 김천시 신음동 1319",
            "도로명주소":"경상북도 김천시 시청7길 60",
            "세대수":50,
            "입주년차":100,
            "용적률점수":"--",
            "건폐율점수":"--",
            "세대당주차수":30,
            "난방방식":30,
            "공급면적":"--",
            "전용률":"--",
            "욕실수":100,
            "현관타입":100,
            "주거총점":65.0,
            "지역구공급총점":0.0,
            "역세권":"NA",
            "30분내 이동가능 거점":"NA",
            "1시간내 이동가능 거점":"NA",
            "교통총점":"NA",
            "백화점":0,
            "아울렛몰":0,
            "대형마트":100,
            "은행":20,
            "병원":60,
            "종합병원":100,
            "공원":0,
            "혐오시설":0,
            "인프라총점":43.0,
            "초등학군":90.01,
            "중학군":46.64,
            "학군총점":55.314,
            "인구수":14.14,
            "인구증감":2.21,
            "인구총점":10.561,
            "일자리":9.88,
            "소득수준":70.22,
            "일자리총점":27.982,
            "가치 총점":53.7785,
            "매매실거래년":20220121.0,
            "매매실거래가":32800.0,
            "전세실거래년":20220210.0,
            "전세실거래가":16000.0,
            "전세가율":87.62,
            "장기전세가율평균":77.29,
            "전세가율거품지수":-10.33,
            "검색코드":114095,
            "세대수":417.0,
            "준공년월":"2019-08-30",
            "준공년차":4.0,
            "가까운역이름":"NA",
            "가까운역거리":"NA",
            "역세권여부":"NA",
            "30분이내주요거점역":"NA",
            "30분거점역이름":"NA",
            "1시간이내주요거점역":"NA",
            "1시간거점역이름":"NA",
            "3km이내백화점수":0,
            "5km이내아울렛몰수":0,
            "1km이내대형먀트수":2,
            "500m이내은행수":2,
            "500m이내병원수":11,
            "5km이내대형병원수":2,
            "500m이내공원수":0,
            "3km이내혐오시설수":0,
            "초등학교학업성취도":90.01,
            "중학교학업성취도":76.6,
            "용적률":233,
            "건폐율":20,
            "Y":36.13615,
            "X":128.113195,
            "rank":2.0,
            "area_info":"25평(84.93), 26평(87.8), 30평(99.34), 32평(108.58), 33평(110.29)",
            "last_sales":"2022-01-21,32800.0,32평(108.58)",
            "rank_history":[
                [
                    "202203",
                    2
                ],
                [
                    "202202",
                    2
                ],
                [
                    "202201",
                    4
                ]
            ],
            "rank_gap":0
        },
        {
            "index":54,
            "아파트명":"코아루푸르나임",
            "투자타입":"일반",
            "전용면적(m2)":"80.61",
            "전용면적(평)":"24평",
            "법정동주소":"경상북도 김천시 덕곡동 1467",
            "도로명주소":"경상북도 김천시 무실7길 45",
            "세대수":80,
            "입주년차":80,
            "용적률점수":"--",
            "건폐율점수":"--",
            "세대당주차수":30,
            "난방방식":30,
            "공급면적":"--",
            "전용률":"--",
            "욕실수":100,
            "현관타입":100,
            "주거총점":71.5,
            "지역구공급총점":0.0,
            "역세권":"NA",
            "30분내 이동가능 거점":"NA",
            "1시간내 이동가능 거점":"NA",
            "교통총점":"NA",
            "백화점":0,
            "아울렛몰":0,
            "대형마트":80,
            "은행":0,
            "병원":0,
            "종합병원":100,
            "공원":0,
            "혐오시설":0,
            "인프라총점":32.0,
            "초등학군":90.0,
            "중학군":55.98,
            "학군총점":62.784,
            "인구수":14.14,
            "인구증감":2.21,
            "인구총점":10.561,
            "일자리":9.88,
            "소득수준":70.22,
            "일자리총점":27.982,
            "가치 총점":53.521,
            "매매실거래년":20220221.0,
            "매매실거래가":17700.0,
            "전세실거래년":20220127.0,
            "전세실거래가":16000.0,
            "전세가율":90.4,
            "장기전세가율평균":77.29,
            "전세가율거품지수":-13.11,
            "검색코드":111926,
            "세대수":700.0,
            "준공년월":"2018-10-26",
            "준공년차":5.0,
            "가까운역이름":"NA",
            "가까운역거리":"NA",
            "역세권여부":"NA",
            "30분이내주요거점역":"NA",
            "30분거점역이름":"NA",
            "1시간이내주요거점역":"NA",
            "1시간거점역이름":"NA",
            "3km이내백화점수":0,
            "5km이내아울렛몰수":0,
            "1km이내대형먀트수":1,
            "500m이내은행수":0,
            "500m이내병원수":0,
            "5km이내대형병원수":2,
            "500m이내공원수":0,
            "3km이내혐오시설수":0,
            "초등학교학업성취도":90.0,
            "중학교학업성취도":93.3,
            "용적률":173,
            "건폐율":56,
            "Y":36.11186,
            "X":128.157973,
            "rank":3.0,
            "area_info":"24평(80.61), 24평(80.78), 28평(93.48), 28평(93.28), 28평(93.63), 34평(112.41), 34평(113.0), 34평(113.02)",
            "last_sales":"2022-02-21,17700.0,24평(80.61)",
            "rank_history":[
                [
                    "202203",
                    3
                ],
                [
                    "202202",
                    3
                ],
                [
                    "202201",
                    10
                ]
            ],
            "rank_gap":0
        },
        {
            "index":153,
            "아파트명":"김천삼도뷰엔빌W1단지",
            "투자타입":"일반",
            "전용면적(m2)":"83.47",
            "전용면적(평)":"25평",
            "법정동주소":"경상북도 김천시 신음동 1318",
            "도로명주소":"경상북도 김천시 시청7길 62",
            "세대수":50,
            "입주년차":100,
            "용적률점수":"--",
            "건폐율점수":"--",
            "세대당주차수":60,
            "난방방식":30,
            "공급면적":"--",
            "전용률":"--",
            "욕실수":100,
            "현관타입":100,
            "주거총점":69.5,
            "지역구공급총점":0.0,
            "역세권":"NA",
            "30분내 이동가능 거점":"NA",
            "1시간내 이동가능 거점":"NA",
            "교통총점":"NA",
            "백화점":0,
            "아울렛몰":0,
            "대형마트":100,
            "은행":20,
            "병원":10,
            "종합병원":100,
            "공원":0,
            "혐오시설":0,
            "인프라총점":38.0,
            "초등학군":90.01,
            "중학군":46.64,
            "학군총점":55.314,
            "인구수":14.14,
            "인구증감":2.21,
            "인구총점":10.561,
            "일자리":9.88,
            "소득수준":70.22,
            "일자리총점":27.982,
            "가치 총점":53.3535,
            "매매실거래년":20220210.0,
            "매매실거래가":17340.0,
            "전세실거래년":20211116.0,
            "전세실거래가":11000.0,
            "전세가율":63.44,
            "장기전세가율평균":77.29,
            "전세가율거품지수":13.85,
            "검색코드":114093,
            "세대수":534.0,
            "준공년월":"2019-08-30",
            "준공년차":4.0,
            "가까운역이름":"NA",
            "가까운역거리":"NA",
            "역세권여부":"NA",
            "30분이내주요거점역":"NA",
            "30분거점역이름":"NA",
            "1시간이내주요거점역":"NA",
            "1시간거점역이름":"NA",
            "3km이내백화점수":0,
            "5km이내아울렛몰수":0,
            "1km이내대형먀트수":2,
            "500m이내은행수":2,
            "500m이내병원수":3,
            "5km이내대형병원수":2,
            "500m이내공원수":0,
            "3km이내혐오시설수":0,
            "초등학교학업성취도":90.01,
            "중학교학업성취도":76.6,
            "용적률":232,
            "건폐율":19,
            "Y":36.136563,
            "X":128.112151,
            "rank":4.0,
            "area_info":"25평(83.47), 27평(92.45), 29평(99.07), 32평(108.45), 43평(144.28)",
            "last_sales":"2022-02-10,17340.0,25평(83.47)",
            "rank_history":[
                [
                    "202203",
                    4
                ],
                [
                    "202202",
                    4
                ],
                [
                    "202201",
                    2
                ]
            ],
            "rank_gap":0
        },
        {
            "index":265,
            "아파트명":"힐스테이트율곡",
            "투자타입":"일반",
            "전용면적(m2)":"100.79",
            "전용면적(평)":"30평",
            "법정동주소":"경상북도 김천시 율곡동 773",
            "도로명주소":"경상북도 김천시 용전1로 9",
            "세대수":90,
            "입주년차":80,
            "용적률점수":"--",
            "건폐율점수":"--",
            "세대당주차수":60,
            "난방방식":30,
            "공급면적":"--",
            "전용률":"--",
            "욕실수":100,
            "현관타입":100,
            "주거총점":79.5,
            "지역구공급총점":0.0,
            "역세권":"NA",
            "30분내 이동가능 거점":"NA",
            "1시간내 이동가능 거점":"NA",
            "교통총점":"NA",
            "백화점":0,
            "아울렛몰":0,
            "대형마트":80,
            "은행":70,
            "병원":60,
            "종합병원":0,
            "공원":100,
            "혐오시설":0,
            "인프라총점":28.0,
            "초등학군":89.99,
            "중학군":48.2,
            "학군총점":56.558,
            "인구수":14.14,
            "인구증감":2.21,
            "인구총점":10.561,
            "일자리":9.88,
            "소득수준":70.22,
            "일자리총점":27.982,
            "가치 총점":53.1645,
            "매매실거래년":20220129.0,
            "매매실거래가":40000.0,
            "전세실거래년":20211223.0,
            "전세실거래가":28000.0,
            "전세가율":90.91,
            "장기전세가율평균":77.29,
            "전세가율거품지수":-13.62,
            "검색코드":106544,
            "세대수":1119.0,
            "준공년월":"2015-06-17",
            "준공년차":8.0,
            "가까운역이름":"NA",
            "가까운역거리":"NA",
            "역세권여부":"NA",
            "30분이내주요거점역":"NA",
            "30분거점역이름":"NA",
            "1시간이내주요거점역":"NA",
            "1시간거점역이름":"NA",
            "3km이내백화점수":0,
            "5km이내아울렛몰수":0,
            "1km이내대형먀트수":1,
            "500m이내은행수":3,
            "500m이내병원수":14,
            "5km이내대형병원수":0,
            "500m이내공원수":2,
            "3km이내혐오시설수":0,
            "초등학교학업성취도":89.99,
            "중학교학업성취도":79.2,
            "용적률":174,
            "건폐율":11,
            "Y":36.118563,
            "X":128.186032,
            "rank":5.0,
            "area_info":"30평(100.79), 30평(102.23), 34평(112.4), 34평(113.25)",
            "last_sales":"2022-01-29,40000.0,34평(112.4)",
            "rank_history":[
                [
                    "202203",
                    5
                ],
                [
                    "202202",
                    5
                ],
                [
                    "202201",
                    3
                ]
            ],
            "rank_gap":0
        },
        {
            "index":261,
            "아파트명":"한신더휴퍼스트리움",
            "투자타입":"일반",
            "전용면적(m2)":"102.97",
            "전용면적(평)":"31평",
            "법정동주소":"경상북도 김천시 율곡동 772",
            "도로명주소":"경상북도 김천시 혁신4로 46",
            "세대수":80,
            "입주년차":80,
            "용적률점수":"--",
            "건폐율점수":"--",
            "세대당주차수":60,
            "난방방식":30,
            "공급면적":"--",
            "전용률":"--",
            "욕실수":100,
            "현관타입":100,
            "주거총점":76.0,
            "지역구공급총점":0.0,
            "역세권":"NA",
            "30분내 이동가능 거점":"NA",
            "1시간내 이동가능 거점":"NA",
            "교통총점":"NA",
            "백화점":0,
            "아울렛몰":0,
            "대형마트":80,
            "은행":70,
            "병원":60,
            "종합병원":0,
            "공원":100,
            "혐오시설":0,
            "인프라총점":28.0,
            "초등학군":89.99,
            "중학군":48.2,
            "학군총점":56.558,
            "인구수":14.14,
            "인구증감":2.21,
            "인구총점":10.561,
            "일자리":9.88,
            "소득수준":70.22,
            "일자리총점":27.982,
            "가치 총점":51.9395,
            "매매실거래년":20220106.0,
            "매매실거래가":40500.0,
            "전세실거래년":20220224.0,
            "전세실거래가":22500.0,
            "전세가율":58.44,
            "장기전세가율평균":77.29,
            "전세가율거품지수":18.85,
            "검색코드":107697,
            "세대수":811.0,
            "준공년월":"2016-02-01",
            "준공년차":7.0,
            "가까운역이름":"NA",
            "가까운역거리":"NA",
            "역세권여부":"NA",
            "30분이내주요거점역":"NA",
            "30분거점역이름":"NA",
            "1시간이내주요거점역":"NA",
            "1시간거점역이름":"NA",
            "3km이내백화점수":0,
            "5km이내아울렛몰수":0,
            "1km이내대형먀트수":1,
            "500m이내은행수":3,
            "500m이내병원수":14,
            "5km이내대형병원수":0,
            "500m이내공원수":4,
            "3km이내혐오시설수":0,
            "초등학교학업성취도":89.99,
            "중학교학업성취도":79.2,
            "용적률":174,
            "건폐율":11,
            "Y":36.120393,
            "X":128.186181,
            "rank":6.0,
            "area_info":"31평(102.97), 31평(103.96), 34평(113.62), 34평(113.94)",
            "last_sales":"2022-01-06,40500.0,34평(113.94)",
            "rank_history":[
                [
                    "202203",
                    6
                ],
                [
                    "202202",
                    6
                ],
                [
                    "202201",
                    5
                ]
            ],
            "rank_gap":0
        },
        {
            "index":209,
            "아파트명":"경북혁신KCC스위첸",
            "투자타입":"일반",
            "전용면적(m2)":"98.2",
            "전용면적(평)":"29평",
            "법정동주소":"경상북도 김천시 율곡동 408",
            "도로명주소":"경상북도 김천시 혁신5로 11",
            "세대수":50,
            "입주년차":60,
            "용적률점수":"--",
            "건폐율점수":"--",
            "세대당주차수":60,
            "난방방식":30,
            "공급면적":"--",
            "전용률":"--",
            "욕실수":100,
            "현관타입":100,
            "주거총점":61.5,
            "지역구공급총점":0.0,
            "역세권":"NA",
            "30분내 이동가능 거점":"NA",
            "1시간내 이동가능 거점":"NA",
            "교통총점":"NA",
            "백화점":0,
            "아울렛몰":0,
            "대형마트":80,
            "은행":20,
            "병원":60,
            "종합병원":80,
            "공원":100,
            "혐오시설":0,
            "인프라총점":39.0,
            "초등학군":90.01,
            "중학군":48.2,
            "학군총점":56.562,
            "인구수":14.14,
            "인구증감":2.21,
            "인구총점":10.561,
            "일자리":9.88,
            "소득수준":70.22,
            "일자리총점":27.982,
            "가치 총점":51.2655,
            "매매실거래년":20220214.0,
            "매매실거래가":28000.0,
            "전세실거래년":20211025.0,
            "전세실거래가":24000.0,
            "전세가율":85.71,
            "장기전세가율평균":77.29,
            "전세가율거품지수":-8.42,
            "검색코드":104995,
            "세대수":660.0,
            "준공년월":"2013-11-11",
            "준공년차":10.0,
            "가까운역이름":"NA",
            "가까운역거리":"NA",
            "역세권여부":"NA",
            "30분이내주요거점역":"NA",
            "30분거점역이름":"NA",
            "1시간이내주요거점역":"NA",
            "1시간거점역이름":"NA",
            "3km이내백화점수":0,
            "5km이내아울렛몰수":0,
            "1km이내대형먀트수":1,
            "500m이내은행수":2,
            "500m이내병원수":10,
            "5km이내대형병원수":1,
            "500m이내공원수":3,
            "3km이내혐오시설수":0,
            "초등학교학업성취도":90.01,
            "중학교학업성취도":79.2,
            "용적률":178,
            "건폐율":18,
            "Y":36.120412,
            "X":128.179838,
            "rank":7.0,
            "area_info":"29평(98.2), 29평(98.29), 29평(98.2), 33평(111.32), 33평(111.37), 33평(111.4), 33평(111.37), 33평(111.2), 33평(111.39), 33평(111.4)",
            "last_sales":"2022-02-14,28000.0,29평(98.2)",
            "rank_history":[
                [
                    "202203",
                    7
                ],
                [
                    "202202",
                    7
                ],
                [
                    "202201",
                    7
                ]
            ],
            "rank_gap":0
        },
        {
            "index":87,
            "아파트명":"김천센트럴자이",
            "투자타입":"일반",
            "전용면적(m2)":"79.36",
            "전용면적(평)":"24평",
            "법정동주소":"경상북도 김천시 부곡동 1558",
            "도로명주소":"경상북도 김천시 부곡길 137",
            "세대수":90,
            "입주년차":100,
            "용적률점수":"--",
            "건폐율점수":"--",
            "세대당주차수":30,
            "난방방식":30,
            "공급면적":"--",
            "전용률":"--",
            "욕실수":100,
            "현관타입":100,
            "주거총점":79.0,
            "지역구공급총점":0.0,
            "역세권":"NA",
            "30분내 이동가능 거점":"NA",
            "1시간내 이동가능 거점":"NA",
            "교통총점":"NA",
            "백화점":0,
            "아울렛몰":0,
            "대형마트":0,
            "은행":0,
            "병원":10,
            "종합병원":100,
            "공원":100,
            "혐오시설":0,
            "인프라총점":24.0,
            "초등학군":90.01,
            "중학군":45.76,
            "학군총점":54.61,
            "인구수":14.14,
            "인구증감":2.21,
            "인구총점":10.561,
            "일자리":9.88,
            "소득수준":70.22,
            "일자리총점":27.982,
            "가치 총점":50.9025,
            "매매실거래년":20220102.0,
            "매매실거래가":33500.0,
            "전세실거래년":20211107.0,
            "전세실거래가":14700.0,
            "전세가율":54.85,
            "장기전세가율평균":77.29,
            "전세가율거품지수":22.44,
            "검색코드":114230,
            "세대수":930.0,
            "준공년월":"2019-03-25",
            "준공년차":4.0,
            "가까운역이름":"NA",
            "가까운역거리":"NA",
            "역세권여부":"NA",
            "30분이내주요거점역":"NA",
            "30분거점역이름":"NA",
            "1시간이내주요거점역":"NA",
            "1시간거점역이름":"NA",
            "3km이내백화점수":0,
            "5km이내아울렛몰수":0,
            "1km이내대형먀트수":0,
            "500m이내은행수":0,
            "500m이내병원수":4,
            "5km이내대형병원수":2,
            "500m이내공원수":3,
            "3km이내혐오시설수":0,
            "초등학교학업성취도":90.01,
            "중학교학업성취도":73.8,
            "용적률":249,
            "건폐율":18,
            "Y":36.126602,
            "X":128.096528,
            "rank":8.0,
            "area_info":"24평(79.36), 24평(79.36), 29평(98.32), 29평(99.09), 33평(110.78), 33평(111.32), 39평(130.2)",
            "last_sales":"2022-01-02,33500.0,33평(110.78)",
            "rank_history":[
                [
                    "202203",
                    8
                ],
                [
                    "202202",
                    8
                ],
                [
                    "202201",
                    6
                ]
            ],
            "rank_gap":0
        },
        {
            "index":274,
            "아파트명":"덕일2",
            "투자타입":"재건축",
            "전용면적(m2)":"56.17",
            "전용면적(평)":"16평",
            "법정동주소":"경상북도 김천시 지좌동 482-3",
            "도로명주소":"경상북도 김천시 지좌길 13",
            "세대수":0,
            "입주년차":"--",
            "용적률점수":100,
            "건폐율점수":60,
            "세대당주차수":"--",
            "난방방식":"--",
            "공급면적":50,
            "전용률":80,
            "욕실수":"--",
            "현관타입":"--",
            "주거총점":58.5,
            "지역구공급총점":0.0,
            "역세권":"NA",
            "30분내 이동가능 거점":"NA",
            "1시간내 이동가능 거점":"NA",
            "교통총점":"NA",
            "백화점":0,
            "아울렛몰":0,
            "대형마트":80,
            "은행":0,
            "병원":0,
            "종합병원":100,
            "공원":0,
            "혐오시설":0,
            "인프라총점":32.0,
            "초등학군":90.0,
            "중학군":55.98,
            "학군총점":62.784,
            "인구수":14.14,
            "인구증감":2.21,
            "인구총점":10.561,
            "일자리":9.88,
            "소득수준":70.22,
            "일자리총점":27.982,
            "가치 총점":48.971,
            "매매실거래년":20211111.0,
            "매매실거래가":2400.0,
            "전세실거래년":20210826.0,
            "전세실거래가":2700.0,
            "전세가율":112.5,
            "장기전세가율평균":77.29,
            "전세가율거품지수":-35.21,
            "검색코드":106487,
            "세대수":204.0,
            "준공년월":"1988-10-08",
            "준공년차":35.0,
            "가까운역이름":"NA",
            "가까운역거리":"NA",
            "역세권여부":"NA",
            "30분이내주요거점역":"NA",
            "30분거점역이름":"NA",
            "1시간이내주요거점역":"NA",
            "1시간거점역이름":"NA",
            "3km이내백화점수":0,
            "5km이내아울렛몰수":0,
            "1km이내대형먀트수":1,
            "500m이내은행수":0,
            "500m이내병원수":1,
            "5km이내대형병원수":2,
            "500m이내공원수":0,
            "3km이내혐오시설수":0,
            "초등학교학업성취도":90.0,
            "중학교학업성취도":93.3,
            "용적률":148,
            "건폐율":31,
            "Y":36.121083,
            "X":128.143435,
            "rank":9.0,
            "area_info":"16평(56.17), 16평(56.14)",
            "last_sales":"2021-11-11,2400.0,16평(56.17)",
            "rank_history":[
                [
                    "202203",
                    9
                ],
                [
                    "202202",
                    9
                ],
                [
                    "202201",
                    14
                ]
            ],
            "rank_gap":0
        },
        {
            "index":172,
            "아파트명":"김천주공해돋이타운",
            "투자타입":"일반",
            "전용면적(m2)":"68.39",
            "전용면적(평)":"20평",
            "법정동주소":"경상북도 김천시 신음동 1307",
            "도로명주소":"경상북도 김천시 신음새동네길 110",
            "세대수":80,
            "입주년차":20,
            "용적률점수":"--",
            "건폐율점수":"--",
            "세대당주차수":0,
            "난방방식":30,
            "공급면적":"--",
            "전용률":"--",
            "욕실수":50,
            "현관타입":100,
            "주거총점":50.0,
            "지역구공급총점":0.0,
            "역세권":"NA",
            "30분내 이동가능 거점":"NA",
            "1시간내 이동가능 거점":"NA",
            "교통총점":"NA",
            "백화점":0,
            "아울렛몰":0,
            "대형마트":100,
            "은행":0,
            "병원":60,
            "종합병원":100,
            "공원":100,
            "혐오시설":0,
            "인프라총점":44.0,
            "초등학군":90.01,
            "중학군":46.64,
            "학군총점":55.314,
            "인구수":14.14,
            "인구증감":2.21,
            "인구총점":10.561,
            "일자리":9.88,
            "소득수준":70.22,
            "일자리총점":27.982,
            "가치 총점":48.9285,
            "매매실거래년":20220218.0,
            "매매실거래가":12000.0,
            "전세실거래년":20181006.0,
            "전세실거래가":7000.0,
            "전세가율":115.7,
            "장기전세가율평균":77.29,
            "전세가율거품지수":-38.41,
            "검색코드":15925,
            "세대수":714.0,
            "준공년월":"2002-07-05",
            "준공년차":21.0,
            "가까운역이름":"NA",
            "가까운역거리":"NA",
            "역세권여부":"NA",
            "30분이내주요거점역":"NA",
            "30분거점역이름":"NA",
            "1시간이내주요거점역":"NA",
            "1시간거점역이름":"NA",
            "3km이내백화점수":0,
            "5km이내아울렛몰수":0,
            "1km이내대형먀트수":2,
            "500m이내은행수":1,
            "500m이내병원수":11,
            "5km이내대형병원수":2,
            "500m이내공원수":3,
            "3km이내혐오시설수":0,
            "초등학교학업성취도":90.01,
            "중학교학업성취도":76.6,
            "용적률":176,
            "건폐율":17,
            "Y":36.132373,
            "X":128.121268,
            "rank":10.0,
            "area_info":"20평(68.39), 21평(71.39), 23평(78.09)",
            "last_sales":"2022-02-18,12000.0,23평(78.09)",
            "rank_history":[
                [
                    "202203",
                    10
                ],
                [
                    "202202",
                    10
                ],
                [
                    "202201",
                    8
                ]
            ],
            "rank_gap":0
        },
        {
            "index":188,
            "아파트명":"현대1차",
            "투자타입":"일반",
            "전용면적(m2)":"72.9",
            "전용면적(평)":"22평",
            "법정동주소":"경상북도 김천시 신음동 394-3",
            "도로명주소":"경상북도 김천시 시청로 46",
            "세대수":90,
            "입주년차":0,
            "용적률점수":"--",
            "건폐율점수":"--",
            "세대당주차수":0,
            "난방방식":30,
            "공급면적":"--",
            "전용률":"--",
            "욕실수":50,
            "현관타입":100,
            "주거총점":49.5,
            "지역구공급총점":0.0,
            "역세권":"NA",
            "30분내 이동가능 거점":"NA",
            "1시간내 이동가능 거점":"NA",
            "교통총점":"NA",
            "백화점":0,
            "아울렛몰":0,
            "대형마트":100,
            "은행":0,
            "병원":60,
            "종합병원":100,
            "공원":100,
            "혐오시설":0,
            "인프라총점":44.0,
            "초등학군":90.01,
            "중학군":46.64,
            "학군총점":55.314,
            "인구수":14.14,
            "인구증감":2.21,
            "인구총점":10.561,
            "일자리":9.88,
            "소득수준":70.22,
            "일자리총점":27.982,
            "가치 총점":48.7535,
            "매매실거래년":20220217.0,
            "매매실거래가":16850.0,
            "전세실거래년":20210812.0,
            "전세실거래가":10500.0,
            "전세가율":100.0,
            "장기전세가율평균":77.29,
            "전세가율거품지수":-22.71,
            "검색코드":4294,
            "세대수":959.0,
            "준공년월":"1996-12-20",
            "준공년차":27.0,
            "가까운역이름":"NA",
            "가까운역거리":"NA",
            "역세권여부":"NA",
            "30분이내주요거점역":"NA",
            "30분거점역이름":"NA",
            "1시간이내주요거점역":"NA",
            "1시간거점역이름":"NA",
            "3km이내백화점수":0,
            "5km이내아울렛몰수":0,
            "1km이내대형먀트수":2,
            "500m이내은행수":1,
            "500m이내병원수":14,
            "5km이내대형병원수":2,
            "500m이내공원수":3,
            "3km이내혐오시설수":0,
            "초등학교학업성취도":90.01,
            "중학교학업성취도":76.6,
            "용적률":275,
            "건폐율":18,
            "Y":36.133367,
            "X":128.118836,
            "rank":11.0,
            "area_info":"22평(72.9), 22평(72.84), 31평(102.84), 49평(163.06)",
            "last_sales":"2022-02-17,16850.0,31평(102.84)",
            "rank_history":[
                [
                    "202203",
                    11
                ],
                [
                    "202202",
                    11
                ],
                [
                    "202201",
                    9
                ]
            ],
            "rank_gap":0
        },
        {
            "index":239,
            "아파트명":"김천혁신도시이지더원",
            "투자타입":"일반",
            "전용면적(m2)":"108.71",
            "전용면적(평)":"32평",
            "법정동주소":"경상북도 김천시 율곡동 8",
            "도로명주소":"경상북도 김천시 해오름1로 37",
            "세대수":50,
            "입주년차":80,
            "용적률점수":"--",
            "건폐율점수":"--",
            "세대당주차수":60,
            "난방방식":30,
            "공급면적":"--",
            "전용률":"--",
            "욕실수":100,
            "현관타입":100,
            "주거총점":65.5,
            "지역구공급총점":0.0,
            "역세권":"NA",
            "30분내 이동가능 거점":"NA",
            "1시간내 이동가능 거점":"NA",
            "교통총점":"NA",
            "백화점":0,
            "아울렛몰":0,
            "대형마트":80,
            "은행":0,
            "병원":0,
            "종합병원":80,
            "공원":0,
            "혐오시설":0,
            "인프라총점":28.0,
            "초등학군":90.01,
            "중학군":48.2,
            "학군총점":56.562,
            "인구수":14.14,
            "인구증감":2.21,
            "인구총점":10.561,
            "일자리":9.88,
            "소득수준":70.22,
            "일자리총점":27.982,
            "가치 총점":48.2655,
            "매매실거래년":20211217.0,
            "매매실거래가":40970.0,
            "전세실거래년":20211218.0,
            "전세실거래가":30000.0,
            "전세가율":76.92,
            "장기전세가율평균":77.29,
            "전세가율거품지수":0.37,
            "검색코드":108826,
            "세대수":486.0,
            "준공년월":"2016-10-28",
            "준공년차":7.0,
            "가까운역이름":"NA",
            "가까운역거리":"NA",
            "역세권여부":"NA",
            "30분이내주요거점역":"NA",
            "30분거점역이름":"NA",
            "1시간이내주요거점역":"NA",
            "1시간거점역이름":"NA",
            "3km이내백화점수":0,
            "5km이내아울렛몰수":0,
            "1km이내대형먀트수":1,
            "500m이내은행수":0,
            "500m이내병원수":0,
            "5km이내대형병원수":1,
            "500m이내공원수":0,
            "3km이내혐오시설수":0,
            "초등학교학업성취도":90.01,
            "중학교학업성취도":79.2,
            "용적률":178,
            "건폐율":12,
            "Y":36.123036,
            "X":128.172722,
            "rank":12.0,
            "area_info":"32평(108.71), 33평(109.43), 42평(140.93)",
            "last_sales":"2021-12-17,40970.0,33평(109.43)",
            "rank_history":[
                [
                    "202203",
                    12
                ],
                [
                    "202202",
                    12
                ],
                [
                    "202201",
                    11
                ]
            ],
            "rank_gap":0
        },
        {
            "index":242,
            "아파트명":"센트럴파크한신휴플러스2차",
            "투자타입":"일반",
            "전용면적(m2)":"110.47",
            "전용면적(평)":"33평",
            "법정동주소":"경상북도 김천시 율곡동 411",
            "도로명주소":"경상북도 김천시 혁신4로 12",
            "세대수":50,
            "입주년차":80,
            "용적률점수":"--",
            "건폐율점수":"--",
            "세대당주차수":60,
            "난방방식":30,
            "공급면적":"--",
            "전용률":"--",
            "욕실수":100,
            "현관타입":100,
            "주거총점":65.5,
            "지역구공급총점":0.0,
            "역세권":"NA",
            "30분내 이동가능 거점":"NA",
            "1시간내 이동가능 거점":"NA",
            "교통총점":"NA",
            "백화점":0,
            "아울렛몰":0,
            "대형마트":80,
            "은행":70,
            "병원":60,
            "종합병원":0,
            "공원":100,
            "혐오시설":0,
            "인프라총점":28.0,
            "초등학군":89.99,
            "중학군":48.2,
            "학군총점":56.558,
            "인구수":14.14,
            "인구증감":2.21,
            "인구총점":10.561,
            "일자리":9.88,
            "소득수준":70.22,
            "일자리총점":27.982,
            "가치 총점":48.2645,
            "매매실거래년":20220207.0,
            "매매실거래가":44500.0,
            "전세실거래년":20211220.0,
            "전세실거래가":37000.0,
            "전세가율":83.15,
            "장기전세가율평균":77.29,
            "전세가율거품지수":-5.86,
            "검색코드":108428,
            "세대수":410.0,
            "준공년월":"2016-06-02",
            "준공년차":7.0,
            "가까운역이름":"NA",
            "가까운역거리":"NA",
            "역세권여부":"NA",
            "30분이내주요거점역":"NA",
            "30분거점역이름":"NA",
            "1시간이내주요거점역":"NA",
            "1시간거점역이름":"NA",
            "3km이내백화점수":0,
            "5km이내아울렛몰수":0,
            "1km이내대형먀트수":1,
            "500m이내은행수":3,
            "500m이내병원수":14,
            "5km이내대형병원수":0,
            "500m이내공원수":3,
            "3km이내혐오시설수":0,
            "초등학교학업성취도":89.99,
            "중학교학업성취도":79.2,
            "용적률":175,
            "건폐율":13,
            "Y":36.120421,
            "X":128.182644,
            "rank":13.0,
            "area_info":"33평(110.47), 33평(110.15), 33평(111.08), 39평(129.87), 43평(143.03)",
            "last_sales":"2022-02-07,44500.0,33평(110.47)",
            "rank_history":[
                [
                    "202203",
                    13
                ],
                [
                    "202202",
                    13
                ],
                [
                    "202201",
                    12
                ]
            ],
            "rank_gap":0
        },
        {
            "index":26,
            "아파트명":"김천덕곡월드메르디앙",
            "투자타입":"일반",
            "전용면적(m2)":"103.32",
            "전용면적(평)":"31평",
            "법정동주소":"경상북도 김천시 덕곡동 1466",
            "도로명주소":"경상북도 김천시 영남대로 2040-20",
            "세대수":30,
            "입주년차":60,
            "용적률점수":"--",
            "건폐율점수":"--",
            "세대당주차수":30,
            "난방방식":30,
            "공급면적":"--",
            "전용률":"--",
            "욕실수":100,
            "현관타입":100,
            "주거총점":50.0,
            "지역구공급총점":0.0,
            "역세권":"NA",
            "30분내 이동가능 거점":"NA",
            "1시간내 이동가능 거점":"NA",
            "교통총점":"NA",
            "백화점":0,
            "아울렛몰":0,
            "대형마트":80,
            "은행":0,
            "병원":0,
            "종합병원":100,
            "공원":0,
            "혐오시설":0,
            "인프라총점":32.0,
            "초등학군":90.0,
            "중학군":55.98,
            "학군총점":62.784,
            "인구수":14.14,
            "인구증감":2.21,
            "인구총점":10.561,
            "일자리":9.88,
            "소득수준":70.22,
            "일자리총점":27.982,
            "가치 총점":45.996,
            "매매실거래년":20220126.0,
            "매매실거래가":25000.0,
            "전세실거래년":20200629.0,
            "전세실거래가":12000.0,
            "전세가율":69.36,
            "장기전세가율평균":77.29,
            "전세가율거품지수":7.93,
            "검색코드":103975,
            "세대수":360.0,
            "준공년월":"2012-01-25",
            "준공년차":11.0,
            "가까운역이름":"NA",
            "가까운역거리":"NA",
            "역세권여부":"NA",
            "30분이내주요거점역":"NA",
            "30분거점역이름":"NA",
            "1시간이내주요거점역":"NA",
            "1시간거점역이름":"NA",
            "3km이내백화점수":0,
            "5km이내아울렛몰수":0,
            "1km이내대형먀트수":1,
            "500m이내은행수":0,
            "500m이내병원수":0,
            "5km이내대형병원수":2,
            "500m이내공원수":0,
            "3km이내혐오시설수":0,
            "초등학교학업성취도":90.0,
            "중학교학업성취도":93.3,
            "용적률":165,
            "건폐율":21,
            "Y":36.116208,
            "X":128.149658,
            "rank":14.0,
            "area_info":"31평(103.32), 34평(113.72), 34평(114.71), 34평(114.34), 34평(115.61), 44평(148.09)",
            "last_sales":"2022-01-26,25000.0,44평(148.09)",
            "rank_history":[
                [
                    "202203",
                    14
                ],
                [
                    "202202",
                    14
                ],
                [
                    "202201",
                    20
                ]
            ],
            "rank_gap":0
        },
        {
            "index":62,
            "아파트명":"한마음타운",
            "투자타입":"일반",
            "전용면적(m2)":"48.13",
            "전용면적(평)":"14평",
            "법정동주소":"경상북도 김천시 덕곡동 1196-1",
            "도로명주소":"경상북도 김천시 한마음길 8",
            "세대수":80,
            "입주년차":20,
            "용적률점수":"--",
            "건폐율점수":"--",
            "세대당주차수":0,
            "난방방식":30,
            "공급면적":"--",
            "전용률":"--",
            "욕실수":50,
            "현관타입":100,
            "주거총점":50.0,
            "지역구공급총점":0.0,
            "역세권":"NA",
            "30분내 이동가능 거점":"NA",
            "1시간내 이동가능 거점":"NA",
            "교통총점":"NA",
            "백화점":0,
            "아울렛몰":0,
            "대형마트":80,
            "은행":0,
            "병원":0,
            "종합병원":100,
            "공원":0,
            "혐오시설":0,
            "인프라총점":32.0,
            "초등학군":90.0,
            "중학군":55.98,
            "학군총점":62.784,
            "인구수":14.14,
            "인구증감":2.21,
            "인구총점":10.561,
            "일자리":9.88,
            "소득수준":70.22,
            "일자리총점":27.982,
            "가치 총점":45.996,
            "매매실거래년":20220218.0,
            "매매실거래가":8150.0,
            "전세실거래년":20211102.0,
            "전세실거래가":2300.0,
            "전세가율":66.09,
            "장기전세가율평균":77.29,
            "전세가율거품지수":11.2,
            "검색코드":15924,
            "세대수":793.0,
            "준공년월":"1999-08-10",
            "준공년차":24.0,
            "가까운역이름":"NA",
            "가까운역거리":"NA",
            "역세권여부":"NA",
            "30분이내주요거점역":"NA",
            "30분거점역이름":"NA",
            "1시간이내주요거점역":"NA",
            "1시간거점역이름":"NA",
            "3km이내백화점수":0,
            "5km이내아울렛몰수":0,
            "1km이내대형먀트수":1,
            "500m이내은행수":0,
            "500m이내병원수":0,
            "5km이내대형병원수":2,
            "500m이내공원수":0,
            "3km이내혐오시설수":0,
            "초등학교학업성취도":90.0,
            "중학교학업성취도":93.3,
            "용적률":163,
            "건폐율":18,
            "Y":36.115719,
            "X":128.151268,
            "rank":14.0,
            "area_info":"14평(48.13), 18평(61.63), 21평(70.59), 21평(70.66)",
            "last_sales":"2022-02-18,8150.0,21평(70.59)",
            "rank_history":[
                [
                    "202203",
                    14
                ],
                [
                    "202202",
                    14
                ],
                [
                    "202201",
                    20
                ]
            ],
            "rank_gap":0
        },
        {
            "index":192,
            "아파트명":"현대2차",
            "투자타입":"일반",
            "전용면적(m2)":"72.88",
            "전용면적(평)":"22평",
            "법정동주소":"경상북도 김천시 신음동 394-9",
            "도로명주소":"경상북도 김천시 시청로 42",
            "세대수":50,
            "입주년차":20,
            "용적률점수":"--",
            "건폐율점수":"--",
            "세대당주차수":0,
            "난방방식":30,
            "공급면적":"--",
            "전용률":"--",
            "욕실수":50,
            "현관타입":100,
            "주거총점":39.5,
            "지역구공급총점":0.0,
            "역세권":"NA",
            "30분내 이동가능 거점":"NA",
            "1시간내 이동가능 거점":"NA",
            "교통총점":"NA",
            "백화점":0,
            "아울렛몰":0,
            "대형마트":100,
            "은행":0,
            "병원":60,
            "종합병원":100,
            "공원":100,
            "혐오시설":0,
            "인프라총점":44.0,
            "초등학군":90.01,
            "중학군":46.64,
            "학군총점":55.314,
            "인구수":14.14,
            "인구증감":2.21,
            "인구총점":10.561,
            "일자리":9.88,
            "소득수준":70.22,
            "일자리총점":27.982,
            "가치 총점":45.2535,
            "매매실거래년":20220219.0,
            "매매실거래가":13000.0,
            "전세실거래년":20220210.0,
            "전세실거래가":12000.0,
            "전세가율":86.96,
            "장기전세가율평균":77.29,
            "전세가율거품지수":-9.67,
            "검색코드":4295,
            "세대수":440.0,
            "준공년월":"1999-04-28",
            "준공년차":24.0,
            "가까운역이름":"NA",
            "가까운역거리":"NA",
            "역세권여부":"NA",
            "30분이내주요거점역":"NA",
            "30분거점역이름":"NA",
            "1시간이내주요거점역":"NA",
            "1시간거점역이름":"NA",
            "3km이내백화점수":0,
            "5km이내아울렛몰수":0,
            "1km이내대형먀트수":2,
            "500m이내은행수":1,
            "500m이내병원수":15,
            "5km이내대형병원수":2,
            "500m이내공원수":3,
            "3km이내혐오시설수":0,
            "초등학교학업성취도":90.01,
            "중학교학업성취도":76.6,
            "용적률":226,
            "건폐율":18,
            "Y":36.13215,
            "X":128.119101,
            "rank":15.0,
            "area_info":"22평(72.88), 22평(72.8), 28평(94.52), 31평(102.84), 36평(121.55)",
            "last_sales":"2022-02-19,13000.0,22평(72.8)",
            "rank_history":[
                [
                    "202203",
                    15
                ],
                [
                    "202202",
                    15
                ],
                [
                    "202201",
                    13
                ]
            ],
            "rank_gap":0
        },
        {
            "index":231,
            "아파트명":"김천혁신도시사랑으로부영1단지",
            "투자타입":"일반",
            "전용면적(m2)":"81.28",
            "전용면적(평)":"24평",
            "법정동주소":"경상북도 김천시 율곡동 771",
            "도로명주소":"경상북도 김천시 용전로 47",
            "세대수":90,
            "입주년차":80,
            "용적률점수":"--",
            "건폐율점수":"--",
            "세대당주차수":60,
            "난방방식":30,
            "공급면적":"--",
            "전용률":"--",
            "욕실수":100,
            "현관타입":100,
            "주거총점":79.5,
            "지역구공급총점":0.0,
            "역세권":"NA",
            "30분내 이동가능 거점":"NA",
            "1시간내 이동가능 거점":"NA",
            "교통총점":"NA",
            "백화점":0,
            "아울렛몰":0,
            "대형마트":0,
            "은행":0,
            "병원":30,
            "종합병원":0,
            "공원":80,
            "혐오시설":0,
            "인프라총점":5.4,
            "초등학군":89.99,
            "중학군":48.2,
            "학군총점":56.558,
            "인구수":14.14,
            "인구증감":2.21,
            "인구총점":10.561,
            "일자리":9.88,
            "소득수준":70.22,
            "일자리총점":27.982,
            "가치 총점":44.1245,
            "매매실거래년":20220225.0,
            "매매실거래가":22225.0,
            "전세실거래년":20220216.0,
            "전세실거래가":12600.0,
            "전세가율":53.85,
            "장기전세가율평균":77.29,
            "전세가율거품지수":23.44,
            "검색코드":115452,
            "세대수":916.0,
            "준공년월":"2016-12-13",
            "준공년차":7.0,
            "가까운역이름":"NA",
            "가까운역거리":"NA",
            "역세권여부":"NA",
            "30분이내주요거점역":"NA",
            "30분거점역이름":"NA",
            "1시간이내주요거점역":"NA",
            "1시간거점역이름":"NA",
            "3km이내백화점수":0,
            "5km이내아울렛몰수":0,
            "1km이내대형먀트수":0,
            "500m이내은행수":0,
            "500m이내병원수":5,
            "5km이내대형병원수":0,
            "500m이내공원수":1,
            "3km이내혐오시설수":0,
            "초등학교학업성취도":89.99,
            "중학교학업성취도":79.2,
            "용적률":179,
            "건폐율":13,
            "Y":36.118765,
            "X":128.189721,
            "rank":16.0,
            "area_info":"24평(81.28), 33평(111.37), 33평(112.13), 33평(112.05)",
            "last_sales":"2022-02-25,22225.0,33평(111.37)",
            "rank_history":[
                [
                    "202203",
                    16
                ],
                [
                    "202202",
                    16
                ],
                [
                    "202201",
                    15
                ]
            ],
            "rank_gap":0
        },
        {
            "index":100,
            "아파트명":"부곡우방타운",
            "투자타입":"일반",
            "전용면적(m2)":"74.37",
            "전용면적(평)":"22평",
            "법정동주소":"경상북도 김천시 부곡동 1530",
            "도로명주소":"경상북도 김천시 부곡길 206",
            "세대수":80,
            "입주년차":20,
            "용적률점수":"--",
            "건폐율점수":"--",
            "세대당주차수":30,
            "난방방식":30,
            "공급면적":"--",
            "전용률":"--",
            "욕실수":50,
            "현관타입":100,
            "주거총점":54.5,
            "지역구공급총점":0.0,
            "역세권":"NA",
            "30분내 이동가능 거점":"NA",
            "1시간내 이동가능 거점":"NA",
            "교통총점":"NA",
            "백화점":0,
            "아울렛몰":0,
            "대형마트":0,
            "은행":0,
            "병원":30,
            "종합병원":100,
            "공원":100,
            "혐오시설":0,
            "인프라총점":26.0,
            "초등학군":90.01,
            "중학군":45.76,
            "학군총점":54.61,
            "인구수":14.14,
            "인구증감":2.21,
            "인구총점":10.561,
            "일자리":9.88,
            "소득수준":70.22,
            "일자리총점":27.982,
            "가치 총점":43.1275,
            "매매실거래년":20220210.0,
            "매매실거래가":13600.0,
            "전세실거래년":20220115.0,
            "전세실거래가":9000.0,
            "전세가율":66.18,
            "장기전세가율평균":77.29,
            "전세가율거품지수":11.11,
            "검색코드":4278,
            "세대수":896.0,
            "준공년월":"1999-02-24",
            "준공년차":24.0,
            "가까운역이름":"NA",
            "가까운역거리":"NA",
            "역세권여부":"NA",
            "30분이내주요거점역":"NA",
            "30분거점역이름":"NA",
            "1시간이내주요거점역":"NA",
            "1시간거점역이름":"NA",
            "3km이내백화점수":0,
            "5km이내아울렛몰수":0,
            "1km이내대형먀트수":0,
            "500m이내은행수":0,
            "500m이내병원수":5,
            "5km이내대형병원수":2,
            "500m이내공원수":2,
            "3km이내혐오시설수":0,
            "초등학교학업성취도":90.01,
            "중학교학업성취도":73.8,
            "용적률":235,
            "건폐율":24,
            "Y":36.124858,
            "X":128.099538,
            "rank":17.0,
            "area_info":"22평(74.37), 28평(93.21), 31평(102.89), 37평(123.76), 48평(160.07)",
            "last_sales":"2022-02-10,13600.0,22평(74.37)",
            "rank_history":[
                [
                    "202203",
                    17
                ],
                [
                    "202202",
                    18
                ],
                [
                    "202201",
                    18
                ]
            ],
            "rank_gap":1
        },
        {
            "index":269,
            "아파트명":"김천대신코아루",
            "투자타입":"일반",
            "전용면적(m2)":"80.95",
            "전용면적(평)":"24평",
            "법정동주소":"경상북도 김천시 응명동 1028",
            "도로명주소":"경상북도 김천시 아홉사리길 130",
            "세대수":50,
            "입주년차":80,
            "용적률점수":"--",
            "건폐율점수":"--",
            "세대당주차수":30,
            "난방방식":30,
            "공급면적":"--",
            "전용률":"--",
            "욕실수":100,
            "현관타입":100,
            "주거총점":61.0,
            "지역구공급총점":0.0,
            "역세권":"NA",
            "30분내 이동가능 거점":"NA",
            "1시간내 이동가능 거점":"NA",
            "교통총점":"NA",
            "백화점":0,
            "아울렛몰":0,
            "대형마트":0,
            "은행":0,
            "병원":0,
            "종합병원":100,
            "공원":0,
            "혐오시설":0,
            "인프라총점":20.0,
            "초등학군":89.99,
            "중학군":45.74,
            "학군총점":54.59,
            "인구수":14.14,
            "인구증감":2.21,
            "인구총점":10.561,
            "일자리":9.88,
            "소득수준":70.22,
            "일자리총점":27.982,
            "가치 총점":42.9975,
            "매매실거래년":20220218.0,
            "매매실거래가":23000.0,
            "전세실거래년":20220120.0,
            "전세실거래가":10500.0,
            "전세가율":73.43,
            "장기전세가율평균":77.29,
            "전세가율거품지수":3.86,
            "검색코드":105155,
            "세대수":417.0,
            "준공년월":"2014-08-20",
            "준공년차":9.0,
            "가까운역이름":"NA",
            "가까운역거리":"NA",
            "역세권여부":"NA",
            "30분이내주요거점역":"NA",
            "30분거점역이름":"NA",
            "1시간이내주요거점역":"NA",
            "1시간거점역이름":"NA",
            "3km이내백화점수":0,
            "5km이내아울렛몰수":0,
            "1km이내대형먀트수":0,
            "500m이내은행수":0,
            "500m이내병원수":0,
            "5km이내대형병원수":2,
            "500m이내공원수":0,
            "3km이내혐오시설수":0,
            "초등학교학업성취도":89.99,
            "중학교학업성취도":75.5,
            "용적률":221,
            "건폐율":55,
            "Y":36.149449,
            "X":128.11616,
            "rank":18.0,
            "area_info":"24평(80.95), 24평(81.98), 34평(112.66), 34평(113.95), 34평(114.41)",
            "last_sales":"2022-02-18,23000.0,34평(112.66)",
            "rank_history":[
                [
                    "202203",
                    18
                ],
                [
                    "202202",
                    17
                ],
                [
                    "202201",
                    16
                ]
            ],
            "rank_gap":-1
        },
        {
            "index":185,
            "아파트명":"이원베르빌",
            "투자타입":"일반",
            "전용면적(m2)":"94.31",
            "전용면적(평)":"28평",
            "법정동주소":"경상북도 김천시 신음동 1030",
            "도로명주소":"경상북도 김천시 신양3길 3",
            "세대수":0,
            "입주년차":20,
            "용적률점수":"--",
            "건폐율점수":"--",
            "세대당주차수":30,
            "난방방식":30,
            "공급면적":"--",
            "전용률":"--",
            "욕실수":100,
            "현관타입":100,
            "주거총점":31.5,
            "지역구공급총점":0.0,
            "역세권":"NA",
            "30분내 이동가능 거점":"NA",
            "1시간내 이동가능 거점":"NA",
            "교통총점":"NA",
            "백화점":0,
            "아울렛몰":0,
            "대형마트":100,
            "은행":0,
            "병원":60,
            "종합병원":100,
            "공원":100,
            "혐오시설":0,
            "인프라총점":44.0,
            "초등학군":90.01,
            "중학군":46.64,
            "학군총점":55.314,
            "인구수":14.14,
            "인구증감":2.21,
            "인구총점":10.561,
            "일자리":9.88,
            "소득수준":70.22,
            "일자리총점":27.982,
            "가치 총점":42.4535,
            "매매실거래년":20211213.0,
            "매매실거래가":18300.0,
            "전세실거래년":20210705.0,
            "전세실거래가":13000.0,
            "전세가율":100.0,
            "장기전세가율평균":77.29,
            "전세가율거품지수":-22.71,
            "검색코드":25113,
            "세대수":179.0,
            "준공년월":"2003-12-31",
            "준공년차":20.0,
            "가까운역이름":"NA",
            "가까운역거리":"NA",
            "역세권여부":"NA",
            "30분이내주요거점역":"NA",
            "30분거점역이름":"NA",
            "1시간이내주요거점역":"NA",
            "1시간거점역이름":"NA",
            "3km이내백화점수":0,
            "5km이내아울렛몰수":0,
            "1km이내대형먀트수":2,
            "500m이내은행수":1,
            "500m이내병원수":14,
            "5km이내대형병원수":2,
            "500m이내공원수":2,
            "3km이내혐오시설수":0,
            "초등학교학업성취도":90.01,
            "중학교학업성취도":76.6,
            "용적률":199,
            "건폐율":18,
            "Y":36.134137,
            "X":128.114849,
            "rank":19.0,
            "area_info":"28평(94.31), 32평(106.31)",
            "last_sales":"2021-12-13,18300.0,32평(106.31)",
            "rank_history":[
                [
                    "202203",
                    19
                ],
                [
                    "202202",
                    19
                ],
                [
                    "202201",
                    17
                ]
            ],
            "rank_gap":0
        },
        {
            "index":163,
            "아파트명":"김천신음그린빌",
            "투자타입":"일반",
            "전용면적(m2)":"77.68",
            "전용면적(평)":"23평",
            "법정동주소":"경상북도 김천시 신음동 1309",
            "도로명주소":"경상북도 김천시 신음새동네길 111",
            "세대수":30,
            "입주년차":20,
            "용적률점수":"--",
            "건폐율점수":"--",
            "세대당주차수":30,
            "난방방식":30,
            "공급면적":"--",
            "전용률":"--",
            "욕실수":100,
            "현관타입":50,
            "주거총점":37.0,
            "지역구공급총점":0.0,
            "역세권":"NA",
            "30분내 이동가능 거점":"NA",
            "1시간내 이동가능 거점":"NA",
            "교통총점":"NA",
            "백화점":0,
            "아울렛몰":0,
            "대형마트":100,
            "은행":0,
            "병원":0,
            "종합병원":100,
            "공원":100,
            "혐오시설":0,
            "인프라총점":38.0,
            "초등학군":90.01,
            "중학군":46.64,
            "학군총점":55.314,
            "인구수":14.14,
            "인구증감":2.21,
            "인구총점":10.561,
            "일자리":9.88,
            "소득수준":70.22,
            "일자리총점":27.982,
            "가치 총점":41.9785,
            "매매실거래년":20220128.0,
            "매매실거래가":21000.0,
            "전세실거래년":20200701.0,
            "전세실거래가":7000.0,
            "전세가율":84.34,
            "장기전세가율평균":77.29,
            "전세가율거품지수":-7.05,
            "검색코드":101127,
            "세대수":390.0,
            "준공년월":"2003-05-12",
            "준공년차":20.0,
            "가까운역이름":"NA",
            "가까운역거리":"NA",
            "역세권여부":"NA",
            "30분이내주요거점역":"NA",
            "30분거점역이름":"NA",
            "1시간이내주요거점역":"NA",
            "1시간거점역이름":"NA",
            "3km이내백화점수":0,
            "5km이내아울렛몰수":0,
            "1km이내대형먀트수":2,
            "500m이내은행수":0,
            "500m이내병원수":1,
            "5km이내대형병원수":2,
            "500m이내공원수":2,
            "3km이내혐오시설수":0,
            "초등학교학업성취도":90.01,
            "중학교학업성취도":76.6,
            "용적률":160,
            "건폐율":14,
            "Y":36.13174,
            "X":128.123378,
            "rank":20.0,
            "area_info":"23평(77.68), 28평(95.11), 32평(106.13)",
            "last_sales":"2022-01-28,21000.0,32평(106.13)",
            "rank_history":[
                [
                    "202203",
                    20
                ],
                [
                    "202202",
                    20
                ],
                [
                    "202201",
                    19
                ]
            ],
            "rank_gap":0
        },
        {
            "index":219,
            "아파트명":"경북혁신LH천년나무2단지",
            "투자타입":"일반",
            "전용면적(m2)":"83.31",
            "전용면적(평)":"25평",
            "법정동주소":"경상북도 김천시 율곡동 770",
            "도로명주소":"경상북도 김천시 혁신4로 72",
            "세대수":80,
            "입주년차":80,
            "용적률점수":"--",
            "건폐율점수":"--",
            "세대당주차수":30,
            "난방방식":30,
            "공급면적":"--",
            "전용률":"--",
            "욕실수":100,
            "현관타입":100,
            "주거총점":71.5,
            "지역구공급총점":0.0,
            "역세권":"NA",
            "30분내 이동가능 거점":"NA",
            "1시간내 이동가능 거점":"NA",
            "교통총점":"NA",
            "백화점":0,
            "아울렛몰":0,
            "대형마트":0,
            "은행":0,
            "병원":30,
            "종합병원":0,
            "공원":100,
            "혐오시설":0,
            "인프라총점":6.0,
            "초등학군":89.99,
            "중학군":48.2,
            "학군총점":56.558,
            "인구수":14.14,
            "인구증감":2.21,
            "인구총점":10.561,
            "일자리":9.88,
            "소득수준":70.22,
            "일자리총점":27.982,
            "가치 총점":41.5645,
            "매매실거래년":"18000101",
            "매매실거래가":null,
            "전세실거래년":null,
            "전세실거래가":null,
            "전세가율":null,
            "장기전세가율평균":77.29,
            "전세가율거품지수":null,
            "검색코드":138175,
            "세대수":783.0,
            "준공년월":"2015-05-21",
            "준공년차":8.0,
            "가까운역이름":"NA",
            "가까운역거리":"NA",
            "역세권여부":"NA",
            "30분이내주요거점역":"NA",
            "30분거점역이름":"NA",
            "1시간이내주요거점역":"NA",
            "1시간거점역이름":"NA",
            "3km이내백화점수":0,
            "5km이내아울렛몰수":0,
            "1km이내대형먀트수":0,
            "500m이내은행수":0,
            "500m이내병원수":5,
            "5km이내대형병원수":0,
            "500m이내공원수":3,
            "3km이내혐오시설수":0,
            "초등학교학업성취도":89.99,
            "중학교학업성취도":79.2,
            "용적률":174,
            "건폐율":15,
            "Y":36.120475,
            "X":128.189312,
            "rank":21.0,
            "area_info":"25평(83.31), 25평(83.37), 31평(104.09), 35평(118.1)",
            "last_sales":"1800-01-01,nan,25평(83.31)",
            "rank_history":[
                [
                    "202203",
                    21
                ],
                [
                    "202202",
                    21
                ],
                [
                    "202201",
                    22
                ]
            ],
            "rank_gap":0
        },
        {
            "index":127,
            "아파트명":"현대",
            "투자타입":"재건축",
            "전용면적(m2)":"87.12",
            "전용면적(평)":"26평",
            "법정동주소":"경상북도 김천시 부곡동 1050",
            "도로명주소":"경상북도 김천시 문지왈길 38",
            "세대수":0,
            "입주년차":"--",
            "용적률점수":60,
            "건폐율점수":100,
            "세대당주차수":"--",
            "난방방식":"--",
            "공급면적":70,
            "전용률":80,
            "욕실수":"--",
            "현관타입":"--",
            "주거총점":51.5,
            "지역구공급총점":0.0,
            "역세권":"NA",
            "30분내 이동가능 거점":"NA",
            "1시간내 이동가능 거점":"NA",
            "교통총점":"NA",
            "백화점":0,
            "아울렛몰":0,
            "대형마트":0,
            "은행":0,
            "병원":10,
            "종합병원":100,
            "공원":100,
            "혐오시설":0,
            "인프라총점":24.0,
            "초등학군":90.01,
            "중학군":45.76,
            "학군총점":54.61,
            "인구수":14.14,
            "인구증감":2.21,
            "인구총점":10.561,
            "일자리":9.88,
            "소득수준":70.22,
            "일자리총점":27.982,
            "가치 총점":41.2775,
            "매매실거래년":20211123.0,
            "매매실거래가":7800.0,
            "전세실거래년":20170816.0,
            "전세실거래가":6500.0,
            "전세가율":73.03,
            "장기전세가율평균":77.29,
            "전세가율거품지수":4.26,
            "검색코드":4281,
            "세대수":299.0,
            "준공년월":"1991-06-29",
            "준공년차":32.0,
            "가까운역이름":"NA",
            "가까운역거리":"NA",
            "역세권여부":"NA",
            "30분이내주요거점역":"NA",
            "30분거점역이름":"NA",
            "1시간이내주요거점역":"NA",
            "1시간거점역이름":"NA",
            "3km이내백화점수":0,
            "5km이내아울렛몰수":0,
            "1km이내대형먀트수":0,
            "500m이내은행수":0,
            "500m이내병원수":4,
            "5km이내대형병원수":2,
            "500m이내공원수":3,
            "3km이내혐오시설수":0,
            "초등학교학업성취도":90.01,
            "중학교학업성취도":73.8,
            "용적률":192,
            "건폐율":17,
            "Y":36.122164,
            "X":128.087803,
            "rank":22.0,
            "area_info":"26평(87.12), 31평(103.98)",
            "last_sales":"2021-11-23,7800.0,31평(103.98)",
            "rank_history":[
                [
                    "202203",
                    22
                ],
                [
                    "202202",
                    22
                ],
                [
                    "202201",
                    21
                ]
            ],
            "rank_gap":0
        },
        {
            "index":105,
            "아파트명":"부곡화성타운",
            "투자타입":"일반",
            "전용면적(m2)":"74.88",
            "전용면적(평)":"22평",
            "법정동주소":"경상북도 김천시 부곡동 1529",
            "도로명주소":"경상북도 김천시 부곡길 162",
            "세대수":80,
            "입주년차":20,
            "용적률점수":"--",
            "건폐율점수":"--",
            "세대당주차수":0,
            "난방방식":30,
            "공급면적":"--",
            "전용률":"--",
            "욕실수":50,
            "현관타입":100,
            "주거총점":50.0,
            "지역구공급총점":0.0,
            "역세권":"NA",
            "30분내 이동가능 거점":"NA",
            "1시간내 이동가능 거점":"NA",
            "교통총점":"NA",
            "백화점":0,
            "아울렛몰":0,
            "대형마트":0,
            "은행":0,
            "병원":10,
            "종합병원":100,
            "공원":100,
            "혐오시설":0,
            "인프라총점":24.0,
            "초등학군":90.01,
            "중학군":45.76,
            "학군총점":54.61,
            "인구수":14.14,
            "인구증감":2.21,
            "인구총점":10.561,
            "일자리":9.88,
            "소득수준":70.22,
            "일자리총점":27.982,
            "가치 총점":40.7525,
            "매매실거래년":20220222.0,
            "매매실거래가":12800.0,
            "전세실거래년":20211013.0,
            "전세실거래가":10000.0,
            "전세가율":91.74,
            "장기전세가율평균":77.29,
            "전세가율거품지수":-14.45,
            "검색코드":4282,
            "세대수":896.0,
            "준공년월":"1999-01-01",
            "준공년차":24.0,
            "가까운역이름":"NA",
            "가까운역거리":"NA",
            "역세권여부":"NA",
            "30분이내주요거점역":"NA",
            "30분거점역이름":"NA",
            "1시간이내주요거점역":"NA",
            "1시간거점역이름":"NA",
            "3km이내백화점수":0,
            "5km이내아울렛몰수":0,
            "1km이내대형먀트수":0,
            "500m이내은행수":0,
            "500m이내병원수":4,
            "5km이내대형병원수":2,
            "500m이내공원수":3,
            "3km이내혐오시설수":0,
            "초등학교학업성취도":90.01,
            "중학교학업성취도":73.8,
            "용적률":232,
            "건폐율":25,
            "Y":36.124879,
            "X":128.097027,
            "rank":23.0,
            "area_info":"22평(74.88), 26평(89.05), 30평(100.06), 39평(131.11), 47평(158.67)",
            "last_sales":"2022-02-22,12800.0,26평(89.05)",
            "rank_history":[
                [
                    "202203",
                    23
                ],
                [
                    "202202",
                    23
                ],
                [
                    "202201",
                    23
                ]
            ],
            "rank_gap":0
        },
        {
            "index":247,
            "아파트명":"중흥S-클래스프라디움",
            "투자타입":"일반",
            "전용면적(m2)":"115.7",
            "전용면적(평)":"34평",
            "법정동주소":"경상북도 김천시 율곡동 416",
            "도로명주소":"경상북도 김천시 혁신6로 57",
            "세대수":50,
            "입주년차":80,
            "용적률점수":"--",
            "건폐율점수":"--",
            "세대당주차수":60,
            "난방방식":30,
            "공급면적":"--",
            "전용률":"--",
            "욕실수":100,
            "현관타입":100,
            "주거총점":65.5,
            "지역구공급총점":0.0,
            "역세권":"NA",
            "30분내 이동가능 거점":"NA",
            "1시간내 이동가능 거점":"NA",
            "교통총점":"NA",
            "백화점":0,
            "아울렛몰":0,
            "대형마트":0,
            "은행":0,
            "병원":30,
            "종합병원":0,
            "공원":100,
            "혐오시설":0,
            "인프라총점":6.0,
            "초등학군":89.99,
            "중학군":48.2,
            "학군총점":56.558,
            "인구수":14.14,
            "인구증감":2.21,
            "인구총점":10.561,
            "일자리":9.88,
            "소득수준":70.22,
            "일자리총점":27.982,
            "가치 총점":39.4645,
            "매매실거래년":20211231.0,
            "매매실거래가":45500.0,
            "전세실거래년":20220120.0,
            "전세실거래가":38000.0,
            "전세가율":83.52,
            "장기전세가율평균":77.29,
            "전세가율거품지수":-6.23,
            "검색코드":108806,
            "세대수":452.0,
            "준공년월":"2016-04-29",
            "준공년차":7.0,
            "가까운역이름":"NA",
            "가까운역거리":"NA",
            "역세권여부":"NA",
            "30분이내주요거점역":"NA",
            "30분거점역이름":"NA",
            "1시간이내주요거점역":"NA",
            "1시간거점역이름":"NA",
            "3km이내백화점수":0,
            "5km이내아울렛몰수":0,
            "1km이내대형먀트수":0,
            "500m이내은행수":0,
            "500m이내병원수":5,
            "5km이내대형병원수":0,
            "500m이내공원수":3,
            "3km이내혐오시설수":0,
            "초등학교학업성취도":89.99,
            "중학교학업성취도":79.2,
            "용적률":153,
            "건폐율":15,
            "Y":36.125041,
            "X":128.188036,
            "rank":24.0,
            "area_info":"34평(115.7), 36평(119.06), 39평(128.97), 40평(132.42), 40평(133.11), 43평(142.16), 43평(142.39), 43평(143.66), 43평(143.53), 43평(143.33), 44평(146.79), 44평(147.79), 45평(149.34), 49평(163.59)",
            "last_sales":"2021-12-31,45500.0,34평(115.7)",
            "rank_history":[
                [
                    "202203",
                    24
                ],
                [
                    "202202",
                    24
                ],
                [
                    "202201",
                    24
                ]
            ],
            "rank_gap":0
        },
        {
            "index":72,
            "아파트명":"건화백옥타운",
            "투자타입":"재건축",
            "전용면적(m2)":"56.24",
            "전용면적(평)":"17평",
            "법정동주소":"경상북도 김천시 백옥동 243-1",
            "도로명주소":"경상북도 김천시 백옥길 50",
            "세대수":0,
            "입주년차":"--",
            "용적률점수":80,
            "건폐율점수":60,
            "세대당주차수":"--",
            "난방방식":"--",
            "공급면적":50,
            "전용률":80,
            "욕실수":"--",
            "현관타입":"--",
            "주거총점":50.5,
            "지역구공급총점":0.0,
            "역세권":"NA",
            "30분내 이동가능 거점":"NA",
            "1시간내 이동가능 거점":"NA",
            "교통총점":"NA",
            "백화점":0,
            "아울렛몰":0,
            "대형마트":0,
            "은행":0,
            "병원":0,
            "종합병원":100,
            "공원":0,
            "혐오시설":0,
            "인프라총점":20.0,
            "초등학군":89.99,
            "중학군":45.76,
            "학군총점":54.606,
            "인구수":14.14,
            "인구증감":2.21,
            "인구총점":10.561,
            "일자리":9.88,
            "소득수준":70.22,
            "일자리총점":27.982,
            "가치 총점":39.3265,
            "매매실거래년":20211005.0,
            "매매실거래가":5000.0,
            "전세실거래년":20110213.0,
            "전세실거래가":2000.0,
            "전세가율":80.0,
            "장기전세가율평균":77.29,
            "전세가율거품지수":-2.71,
            "검색코드":141219,
            "세대수":60.0,
            "준공년월":"1992-06-30",
            "준공년차":31.0,
            "가까운역이름":"NA",
            "가까운역거리":"NA",
            "역세권여부":"NA",
            "30분이내주요거점역":"NA",
            "30분거점역이름":"NA",
            "1시간이내주요거점역":"NA",
            "1시간거점역이름":"NA",
            "3km이내백화점수":0,
            "5km이내아울렛몰수":0,
            "1km이내대형먀트수":0,
            "500m이내은행수":0,
            "500m이내병원수":0,
            "5km이내대형병원수":2,
            "500m이내공원수":0,
            "3km이내혐오시설수":0,
            "초등학교학업성취도":89.99,
            "중학교학업성취도":73.8,
            "용적률":179,
            "건폐율":34,
            "Y":36.123921,
            "X":128.078568,
            "rank":25.0,
            "area_info":"17평(56.24), 22평(75.23), 23평(77.03), 23평(78.72), 28평(93.22), 28평(93.24), 33평(110.76), 34평(113.65)",
            "last_sales":"2021-10-05,5000.0,28평(93.22)",
            "rank_history":[
                [
                    "202203",
                    25
                ],
                [
                    "202202",
                    9999
                ]
            ],
            "rank_gap":9999
        },
        {
            "index":7,
            "아파트명":"코아루1차",
            "투자타입":"일반",
            "전용면적(m2)":"76.82",
            "전용면적(평)":"23평",
            "법정동주소":"경상북도 김천시 교동 950",
            "도로명주소":"경상북도 김천시 삼락택지길 132",
            "세대수":50,
            "입주년차":40,
            "용적률점수":"--",
            "건폐율점수":"--",
            "세대당주차수":0,
            "난방방식":30,
            "공급면적":"--",
            "전용률":"--",
            "욕실수":50,
            "현관타입":100,
            "주거총점":43.5,
            "지역구공급총점":0.0,
            "역세권":"NA",
            "30분내 이동가능 거점":"NA",
            "1시간내 이동가능 거점":"NA",
            "교통총점":"NA",
            "백화점":0,
            "아울렛몰":0,
            "대형마트":0,
            "은행":0,
            "병원":0,
            "종합병원":100,
            "공원":100,
            "혐오시설":0,
            "인프라총점":23.0,
            "초등학군":90.0,
            "중학군":45.74,
            "학군총점":54.592,
            "인구수":14.14,
            "인구증감":2.21,
            "인구총점":10.561,
            "일자리":9.88,
            "소득수준":70.22,
            "일자리총점":27.982,
            "가치 총점":38.073,
            "매매실거래년":20220224.0,
            "매매실거래가":10400.0,
            "전세실거래년":20220224.0,
            "전세실거래가":9000.0,
            "전세가율":86.54,
            "장기전세가율평균":77.29,
            "전세가율거품지수":-9.25,
            "검색코드":23919,
            "세대수":690.0,
            "준공년월":"2006-03-17",
            "준공년차":17.0,
            "가까운역이름":"NA",
            "가까운역거리":"NA",
            "역세권여부":"NA",
            "30분이내주요거점역":"NA",
            "30분거점역이름":"NA",
            "1시간이내주요거점역":"NA",
            "1시간거점역이름":"NA",
            "3km이내백화점수":0,
            "5km이내아울렛몰수":0,
            "1km이내대형먀트수":0,
            "500m이내은행수":0,
            "500m이내병원수":1,
            "5km이내대형병원수":2,
            "500m이내공원수":3,
            "3km이내혐오시설수":0,
            "초등학교학업성취도":90.0,
            "중학교학업성취도":75.5,
            "용적률":161,
            "건폐율":14,
            "Y":36.143605,
            "X":128.099717,
            "rank":26.0,
            "area_info":"23평(76.82), 33평(109.28)",
            "last_sales":"2022-02-24,10400.0,23평(76.82)",
            "rank_history":[
                [
                    "202203",
                    26
                ],
                [
                    "202202",
                    25
                ],
                [
                    "202201",
                    25
                ]
            ],
            "rank_gap":-1
        },
        {
            "index":235,
            "아파트명":"김천혁신도시영무예다음1차",
            "투자타입":"일반",
            "전용면적(m2)":"108.41",
            "전용면적(평)":"32평",
            "법정동주소":"경상북도 김천시 율곡동 415",
            "도로명주소":"경상북도 김천시 혁신8로 66",
            "세대수":50,
            "입주년차":80,
            "용적률점수":"--",
            "건폐율점수":"--",
            "세대당주차수":60,
            "난방방식":30,
            "공급면적":"--",
            "전용률":"--",
            "욕실수":100,
            "현관타입":100,
            "주거총점":65.5,
            "지역구공급총점":0.0,
            "역세권":"NA",
            "30분내 이동가능 거점":"NA",
            "1시간내 이동가능 거점":"NA",
            "교통총점":"NA",
            "백화점":0,
            "아울렛몰":0,
            "대형마트":0,
            "은행":0,
            "병원":0,
            "종합병원":0,
            "공원":80,
            "혐오시설":0,
            "인프라총점":2.4,
            "초등학군":90.0,
            "중학군":48.2,
            "학군총점":56.56,
            "인구수":14.14,
            "인구증감":2.21,
            "인구총점":10.561,
            "일자리":9.88,
            "소득수준":70.22,
            "일자리총점":27.982,
            "가치 총점":38.025,
            "매매실거래년":20211018.0,
            "매매실거래가":32000.0,
            "전세실거래년":20211218.0,
            "전세실거래가":17325.0,
            "전세가율":54.14,
            "장기전세가율평균":77.29,
            "전세가율거품지수":23.15,
            "검색코드":106161,
            "세대수":642.0,
            "준공년월":"2014-12-03",
            "준공년차":9.0,
            "가까운역이름":"NA",
            "가까운역거리":"NA",
            "역세권여부":"NA",
            "30분이내주요거점역":"NA",
            "30분거점역이름":"NA",
            "1시간이내주요거점역":"NA",
            "1시간거점역이름":"NA",
            "3km이내백화점수":0,
            "5km이내아울렛몰수":0,
            "1km이내대형먀트수":0,
            "500m이내은행수":0,
            "500m이내병원수":0,
            "5km이내대형병원수":0,
            "500m이내공원수":1,
            "3km이내혐오시설수":0,
            "초등학교학업성취도":90.0,
            "중학교학업성취도":79.2,
            "용적률":180,
            "건폐율":12,
            "Y":36.126527,
            "X":128.188706,
            "rank":27.0,
            "area_info":"32평(108.41), 33평(109.9)",
            "last_sales":"2021-10-18,32000.0,32평(108.41)",
            "rank_history":[
                [
                    "202203",
                    27
                ],
                [
                    "202202",
                    27
                ],
                [
                    "202201",
                    27
                ]
            ],
            "rank_gap":0
        },
        {
            "index":169,
            "아파트명":"김천우방타운2차",
            "투자타입":"일반",
            "전용면적(m2)":"79.28",
            "전용면적(평)":"23평",
            "법정동주소":"경상북도 김천시 신음동 470-6",
            "도로명주소":"경상북도 김천시 신음2길 42",
            "세대수":30,
            "입주년차":0,
            "용적률점수":"--",
            "건폐율점수":"--",
            "세대당주차수":0,
            "난방방식":30,
            "공급면적":"--",
            "전용률":"--",
            "욕실수":50,
            "현관타입":10,
            "주거총점":19.5,
            "지역구공급총점":0.0,
            "역세권":"NA",
            "30분내 이동가능 거점":"NA",
            "1시간내 이동가능 거점":"NA",
            "교통총점":"NA",
            "백화점":0,
            "아울렛몰":0,
            "대형마트":100,
            "은행":0,
            "병원":60,
            "종합병원":100,
            "공원":80,
            "혐오시설":0,
            "인프라총점":43.4,
            "초등학군":90.01,
            "중학군":46.64,
            "학군총점":55.314,
            "인구수":14.14,
            "인구증감":2.21,
            "인구총점":10.561,
            "일자리":9.88,
            "소득수준":70.22,
            "일자리총점":27.982,
            "가치 총점":38.0135,
            "매매실거래년":20220119.0,
            "매매실거래가":11900.0,
            "전세실거래년":20220115.0,
            "전세실거래가":8000.0,
            "전세가율":105.26,
            "장기전세가율평균":77.29,
            "전세가율거품지수":-27.97,
            "검색코드":4293,
            "세대수":374.0,
            "준공년월":"1996-05-29",
            "준공년차":27.0,
            "가까운역이름":"NA",
            "가까운역거리":"NA",
            "역세권여부":"NA",
            "30분이내주요거점역":"NA",
            "30분거점역이름":"NA",
            "1시간이내주요거점역":"NA",
            "1시간거점역이름":"NA",
            "3km이내백화점수":0,
            "5km이내아울렛몰수":0,
            "1km이내대형먀트수":2,
            "500m이내은행수":1,
            "500m이내병원수":12,
            "5km이내대형병원수":2,
            "500m이내공원수":1,
            "3km이내혐오시설수":0,
            "초등학교학업성취도":90.01,
            "중학교학업성취도":76.6,
            "용적률":345,
            "건폐율":29,
            "Y":36.136819,
            "X":128.119053,
            "rank":28.0,
            "area_info":"23평(79.28), 30평(100.02), 30평(100.02)",
            "last_sales":"2022-01-19,11900.0,30평(100.02)",
            "rank_history":[
                [
                    "202203",
                    28
                ],
                [
                    "202202",
                    26
                ],
                [
                    "202201",
                    26
                ]
            ],
            "rank_gap":-2
        },
        {
            "index":223,
            "아파트명":"경북혁신LH천년나무3단지",
            "투자타입":"일반",
            "전용면적(m2)":"82.15",
            "전용면적(평)":"24평",
            "법정동주소":"경상북도 김천시 율곡동 768",
            "도로명주소":"경상북도 김천시 용전3로 10",
            "세대수":50,
            "입주년차":80,
            "용적률점수":"--",
            "건폐율점수":"--",
            "세대당주차수":30,
            "난방방식":30,
            "공급면적":"--",
            "전용률":"--",
            "욕실수":100,
            "현관타입":100,
            "주거총점":61.0,
            "지역구공급총점":0.0,
            "역세권":"NA",
            "30분내 이동가능 거점":"NA",
            "1시간내 이동가능 거점":"NA",
            "교통총점":"NA",
            "백화점":0,
            "아울렛몰":0,
            "대형마트":0,
            "은행":0,
            "병원":30,
            "종합병원":0,
            "공원":100,
            "혐오시설":0,
            "인프라총점":6.0,
            "초등학군":90.0,
            "중학군":48.2,
            "학군총점":56.56,
            "인구수":14.14,
            "인구증감":2.21,
            "인구총점":10.561,
            "일자리":9.88,
            "소득수준":70.22,
            "일자리총점":27.982,
            "가치 총점":37.89,
            "매매실거래년":"18000101",
            "매매실거래가":null,
            "전세실거래년":null,
            "전세실거래가":null,
            "전세가율":null,
            "장기전세가율평균":77.29,
            "전세가율거품지수":null,
            "검색코드":140399,
            "세대수":488.0,
            "준공년월":"2015-05-22",
            "준공년차":8.0,
            "가까운역이름":"NA",
            "가까운역거리":"NA",
            "역세권여부":"NA",
            "30분이내주요거점역":"NA",
            "30분거점역이름":"NA",
            "1시간이내주요거점역":"NA",
            "1시간거점역이름":"NA",
            "3km이내백화점수":0,
            "5km이내아울렛몰수":0,
            "1km이내대형먀트수":0,
            "500m이내은행수":0,
            "500m이내병원수":5,
            "5km이내대형병원수":0,
            "500m이내공원수":4,
            "3km이내혐오시설수":0,
            "초등학교학업성취도":90.0,
            "중학교학업성취도":79.2,
            "용적률":176,
            "건폐율":17,
            "Y":36.120451,
            "X":128.1918,
            "rank":29.0,
            "area_info":"24평(82.15), 24평(82.2), 31평(102.63), 31평(102.74)",
            "last_sales":"1800-01-01,nan,24평(82.15)",
            "rank_history":[
                [
                    "202203",
                    29
                ],
                [
                    "202202",
                    28
                ],
                [
                    "202201",
                    28
                ]
            ],
            "rank_gap":-1
        },
        {
            "index":94,
            "아파트명":"김천한성사랑채",
            "투자타입":"일반",
            "전용면적(m2)":"103.91",
            "전용면적(평)":"31평",
            "법정동주소":"경상북도 김천시 부곡동 416-7",
            "도로명주소":"경상북도 김천시 부곡중앙5길 14",
            "세대수":0,
            "입주년차":60,
            "용적률점수":"--",
            "건폐율점수":"--",
            "세대당주차수":30,
            "난방방식":30,
            "공급면적":"--",
            "전용률":"--",
            "욕실수":100,
            "현관타입":100,
            "주거총점":39.5,
            "지역구공급총점":0.0,
            "역세권":"NA",
            "30분내 이동가능 거점":"NA",
            "1시간내 이동가능 거점":"NA",
            "교통총점":"NA",
            "백화점":0,
            "아울렛몰":0,
            "대형마트":0,
            "은행":0,
            "병원":30,
            "종합병원":100,
            "공원":80,
            "혐오시설":0,
            "인프라총점":25.4,
            "초등학군":90.01,
            "중학군":45.76,
            "학군총점":54.61,
            "인구수":14.14,
            "인구증감":2.21,
            "인구총점":10.561,
            "일자리":9.88,
            "소득수준":70.22,
            "일자리총점":27.982,
            "가치 총점":37.6375,
            "매매실거래년":20220211.0,
            "매매실거래가":17300.0,
            "전세실거래년":20220211.0,
            "전세실거래가":14300.0,
            "전세가율":82.66,
            "장기전세가율평균":77.29,
            "전세가율거품지수":-5.37,
            "검색코드":109451,
            "세대수":126.0,
            "준공년월":"2011-01-11",
            "준공년차":12.0,
            "가까운역이름":"NA",
            "가까운역거리":"NA",
            "역세권여부":"NA",
            "30분이내주요거점역":"NA",
            "30분거점역이름":"NA",
            "1시간이내주요거점역":"NA",
            "1시간거점역이름":"NA",
            "3km이내백화점수":0,
            "5km이내아울렛몰수":0,
            "1km이내대형먀트수":0,
            "500m이내은행수":0,
            "500m이내병원수":5,
            "5km이내대형병원수":2,
            "500m이내공원수":1,
            "3km이내혐오시설수":0,
            "초등학교학업성취도":90.01,
            "중학교학업성취도":73.8,
            "용적률":397,
            "건폐율":56,
            "Y":36.126839,
            "X":128.101706,
            "rank":30.0,
            "area_info":"31평(103.91), 32평(106.5), 43평(144.4)",
            "last_sales":"2022-02-11,17300.0,31평(103.91)",
            "rank_history":[
                [
                    "202203",
                    30
                ],
                [
                    "202202",
                    29
                ],
                [
                    "202201",
                    31
                ]
            ],
            "rank_gap":-1
        },
        {
            "index":32,
            "아파트명":"이화마을(도시형)",
            "투자타입":"일반",
            "전용면적(m2)":"26.69",
            "전용면적(평)":"8평",
            "법정동주소":"경상북도 김천시 덕곡동 697-12",
            "도로명주소":"경상북도 김천시 영남대로 2083-16",
            "세대수":0,
            "입주년차":80,
            "용적률점수":"--",
            "건폐율점수":"--",
            "세대당주차수":0,
            "난방방식":30,
            "공급면적":"--",
            "전용률":"--",
            "욕실수":50,
            "현관타입":10,
            "주거총점":25.0,
            "지역구공급총점":0.0,
            "역세권":"NA",
            "30분내 이동가능 거점":"NA",
            "1시간내 이동가능 거점":"NA",
            "교통총점":"NA",
            "백화점":0,
            "아울렛몰":0,
            "대형마트":80,
            "은행":0,
            "병원":0,
            "종합병원":100,
            "공원":0,
            "혐오시설":0,
            "인프라총점":32.0,
            "초등학군":90.0,
            "중학군":55.98,
            "학군총점":62.784,
            "인구수":14.14,
            "인구증감":2.21,
            "인구총점":10.561,
            "일자리":9.88,
            "소득수준":70.22,
            "일자리총점":27.982,
            "가치 총점":37.246,
            "매매실거래년":"18000101",
            "매매실거래가":null,
            "전세실거래년":null,
            "전세실거래가":null,
            "전세가율":null,
            "장기전세가율평균":77.29,
            "전세가율거품지수":null,
            "검색코드":139245,
            "세대수":68.0,
            "준공년월":"2015-01-20",
            "준공년차":8.0,
            "가까운역이름":"NA",
            "가까운역거리":"NA",
            "역세권여부":"NA",
            "30분이내주요거점역":"NA",
            "30분거점역이름":"NA",
            "1시간이내주요거점역":"NA",
            "1시간거점역이름":"NA",
            "3km이내백화점수":0,
            "5km이내아울렛몰수":0,
            "1km이내대형먀트수":1,
            "500m이내은행수":0,
            "500m이내병원수":0,
            "5km이내대형병원수":2,
            "500m이내공원수":0,
            "3km이내혐오시설수":0,
            "초등학교학업성취도":90.0,
            "중학교학업성취도":93.3,
            "용적률":311,
            "건폐율":56,
            "Y":36.115406,
            "X":128.157018,
            "rank":31.0,
            "area_info":"8평(26.69), 8평(27.37), 8평(27.99), 9평(30.73), 10평(35.55), 10평(35.18), 10평(36.21), 11평(37.07), 11평(37.78), 11평(37.0), 11평(38.26), 11평(39.17), 12평(39.75), 12평(39.89), 12평(40.15), 13평(43.44), 13평(43.48), 13평(43.86), 13평(43.55), 13평(45.05), 14평(46.92), 14평(49.3)",
            "last_sales":"1800-01-01,nan,8평(26.69)",
            "rank_history":[
                [
                    "202203",
                    31
                ],
                [
                    "202202",
                    9999
                ]
            ],
            "rank_gap":9999
        },
        {
            "index":183,
            "아파트명":"신음금류3차",
            "투자타입":"일반",
            "전용면적(m2)":"75.91",
            "전용면적(평)":"22평",
            "법정동주소":"경상북도 김천시 신음동 860-5",
            "도로명주소":"경상북도 김천시 시청2길 30",
            "세대수":0,
            "입주년차":0,
            "용적률점수":"--",
            "건폐율점수":"--",
            "세대당주차수":0,
            "난방방식":30,
            "공급면적":"--",
            "전용률":"--",
            "욕실수":100,
            "현관타입":100,
            "주거총점":23.0,
            "지역구공급총점":0.0,
            "역세권":"NA",
            "30분내 이동가능 거점":"NA",
            "1시간내 이동가능 거점":"NA",
            "교통총점":"NA",
            "백화점":0,
            "아울렛몰":0,
            "대형마트":100,
            "은행":20,
            "병원":10,
            "종합병원":100,
            "공원":0,
            "혐오시설":0,
            "인프라총점":38.0,
            "초등학군":90.01,
            "중학군":46.64,
            "학군총점":55.314,
            "인구수":14.14,
            "인구증감":2.21,
            "인구총점":10.561,
            "일자리":9.88,
            "소득수준":70.22,
            "일자리총점":27.982,
            "가치 총점":37.0785,
            "매매실거래년":20220110.0,
            "매매실거래가":10000.0,
            "전세실거래년":20200612.0,
            "전세실거래가":3800.0,
            "전세가율":62.81,
            "장기전세가율평균":77.29,
            "전세가율거품지수":14.48,
            "검색코드":114170,
            "세대수":99.0,
            "준공년월":"1995-09-16",
            "준공년차":28.0,
            "가까운역이름":"NA",
            "가까운역거리":"NA",
            "역세권여부":"NA",
            "30분이내주요거점역":"NA",
            "30분거점역이름":"NA",
            "1시간이내주요거점역":"NA",
            "1시간거점역이름":"NA",
            "3km이내백화점수":0,
            "5km이내아울렛몰수":0,
            "1km이내대형먀트수":2,
            "500m이내은행수":2,
            "500m이내병원수":3,
            "5km이내대형병원수":2,
            "500m이내공원수":0,
            "3km이내혐오시설수":0,
            "초등학교학업성취도":90.01,
            "중학교학업성취도":76.6,
            "용적률":235,
            "건폐율":32,
            "Y":36.137212,
            "X":128.112742,
            "rank":32.0,
            "area_info":"22평(75.91), 32평(106.72)",
            "last_sales":"2022-01-10,10000.0,32평(106.72)",
            "rank_history":[
                [
                    "202203",
                    32
                ],
                [
                    "202202",
                    9999
                ]
            ],
            "rank_gap":9999
        },
        {
            "index":110,
            "아파트명":"아트빌",
            "투자타입":"일반",
            "전용면적(m2)":"86.73",
            "전용면적(평)":"26평",
            "법정동주소":"경상북도 김천시 부곡동 765",
            "도로명주소":"경상북도 김천시 문지왈3길 22",
            "세대수":50,
            "입주년차":20,
            "용적률점수":"--",
            "건폐율점수":"--",
            "세대당주차수":0,
            "난방방식":30,
            "공급면적":"--",
            "전용률":"--",
            "욕실수":50,
            "현관타입":100,
            "주거총점":39.5,
            "지역구공급총점":0.0,
            "역세권":"NA",
            "30분내 이동가능 거점":"NA",
            "1시간내 이동가능 거점":"NA",
            "교통총점":"NA",
            "백화점":0,
            "아울렛몰":0,
            "대형마트":0,
            "은행":0,
            "병원":10,
            "종합병원":100,
            "공원":100,
            "혐오시설":0,
            "인프라총점":24.0,
            "초등학군":90.01,
            "중학군":45.76,
            "학군총점":54.61,
            "인구수":14.14,
            "인구증감":2.21,
            "인구총점":10.561,
            "일자리":9.88,
            "소득수준":70.22,
            "일자리총점":27.982,
            "가치 총점":37.0775,
            "매매실거래년":20220210.0,
            "매매실거래가":12000.0,
            "전세실거래년":20211014.0,
            "전세실거래가":7500.0,
            "전세가율":91.46,
            "장기전세가율평균":77.29,
            "전세가율거품지수":-14.17,
            "검색코드":100779,
            "세대수":430.0,
            "준공년월":"2002-03-27",
            "준공년차":21.0,
            "가까운역이름":"NA",
            "가까운역거리":"NA",
            "역세권여부":"NA",
            "30분이내주요거점역":"NA",
            "30분거점역이름":"NA",
            "1시간이내주요거점역":"NA",
            "1시간거점역이름":"NA",
            "3km이내백화점수":0,
            "5km이내아울렛몰수":0,
            "1km이내대형먀트수":0,
            "500m이내은행수":0,
            "500m이내병원수":4,
            "5km이내대형병원수":2,
            "500m이내공원수":4,
            "3km이내혐오시설수":0,
            "초등학교학업성취도":90.01,
            "중학교학업성취도":73.8,
            "용적률":268,
            "건폐율":22,
            "Y":36.121756,
            "X":128.090624,
            "rank":33.0,
            "area_info":"26평(86.73), 37평(122.86)",
            "last_sales":"2022-02-10,12000.0,37평(122.86)",
            "rank_history":[
                [
                    "202203",
                    33
                ],
                [
                    "202202",
                    30
                ],
                [
                    "202201",
                    29
                ]
            ],
            "rank_gap":-3
        },
        {
            "index":181,
            "아파트명":"신음금류",
            "투자타입":"일반",
            "전용면적(m2)":"77.32",
            "전용면적(평)":"23평",
            "법정동주소":"경상북도 김천시 신음동 847-2",
            "도로명주소":"경상북도 김천시 시청2길 40",
            "세대수":30,
            "입주년차":0,
            "용적률점수":"--",
            "건폐율점수":"--",
            "세대당주차수":0,
            "난방방식":30,
            "공급면적":"--",
            "전용률":"--",
            "욕실수":50,
            "현관타입":10,
            "주거총점":19.5,
            "지역구공급총점":0.0,
            "역세권":"NA",
            "30분내 이동가능 거점":"NA",
            "1시간내 이동가능 거점":"NA",
            "교통총점":"NA",
            "백화점":0,
            "아울렛몰":0,
            "대형마트":100,
            "은행":20,
            "병원":10,
            "종합병원":100,
            "공원":80,
            "혐오시설":0,
            "인프라총점":40.4,
            "초등학군":89.99,
            "중학군":46.64,
            "학군총점":55.31,
            "인구수":14.14,
            "인구증감":2.21,
            "인구총점":10.561,
            "일자리":9.88,
            "소득수준":70.22,
            "일자리총점":27.982,
            "가치 총점":36.8125,
            "매매실거래년":20220120.0,
            "매매실거래가":6735.0,
            "전세실거래년":20210607.0,
            "전세실거래가":5000.0,
            "전세가율":74.24,
            "장기전세가율평균":77.29,
            "전세가율거품지수":3.05,
            "검색코드":4285,
            "세대수":325.0,
            "준공년월":"1994-08-20",
            "준공년차":29.0,
            "가까운역이름":"NA",
            "가까운역거리":"NA",
            "역세권여부":"NA",
            "30분이내주요거점역":"NA",
            "30분거점역이름":"NA",
            "1시간이내주요거점역":"NA",
            "1시간거점역이름":"NA",
            "3km이내백화점수":0,
            "5km이내아울렛몰수":0,
            "1km이내대형먀트수":2,
            "500m이내은행수":2,
            "500m이내병원수":4,
            "5km이내대형병원수":2,
            "500m이내공원수":1,
            "3km이내혐오시설수":0,
            "초등학교학업성취도":89.99,
            "중학교학업성취도":76.6,
            "용적률":286,
            "건폐율":27,
            "Y":36.137645,
            "X":128.113287,
            "rank":34.0,
            "area_info":"23평(77.32), 29평(96.76)",
            "last_sales":"2022-01-20,6735.0,23평(77.32)",
            "rank_history":[
                [
                    "202203",
                    34
                ],
                [
                    "202202",
                    31
                ],
                [
                    "202201",
                    30
                ]
            ],
            "rank_gap":-3
        },
        {
            "index":166,
            "아파트명":"김천우방타운",
            "투자타입":"일반",
            "전용면적(m2)":"110.24",
            "전용면적(평)":"33평",
            "법정동주소":"경상북도 김천시 신음동 1272",
            "도로명주소":"경상북도 김천시 시청6길 43",
            "세대수":0,
            "입주년차":0,
            "용적률점수":"--",
            "건폐율점수":"--",
            "세대당주차수":0,
            "난방방식":30,
            "공급면적":"--",
            "전용률":"--",
            "욕실수":100,
            "현관타입":100,
            "주거총점":23.0,
            "지역구공급총점":0.0,
            "역세권":"NA",
            "30분내 이동가능 거점":"NA",
            "1시간내 이동가능 거점":"NA",
            "교통총점":"NA",
            "백화점":0,
            "아울렛몰":0,
            "대형마트":100,
            "은행":0,
            "병원":0,
            "종합병원":100,
            "공원":80,
            "혐오시설":0,
            "인프라총점":37.4,
            "초등학군":89.99,
            "중학군":45.74,
            "학군총점":54.59,
            "인구수":14.14,
            "인구증감":2.21,
            "인구총점":10.561,
            "일자리":9.88,
            "소득수준":70.22,
            "일자리총점":27.982,
            "가치 총점":36.6575,
            "매매실거래년":20211225.0,
            "매매실거래가":11800.0,
            "전세실거래년":20210807.0,
            "전세실거래가":12500.0,
            "전세가율":105.93,
            "장기전세가율평균":77.29,
            "전세가율거품지수":-28.64,
            "검색코드":4292,
            "세대수":180.0,
            "준공년월":"1993-11-25",
            "준공년차":30.0,
            "가까운역이름":"NA",
            "가까운역거리":"NA",
            "역세권여부":"NA",
            "30분이내주요거점역":"NA",
            "30분거점역이름":"NA",
            "1시간이내주요거점역":"NA",
            "1시간거점역이름":"NA",
            "3km이내백화점수":0,
            "5km이내아울렛몰수":0,
            "1km이내대형먀트수":2,
            "500m이내은행수":1,
            "500m이내병원수":0,
            "5km이내대형병원수":2,
            "500m이내공원수":1,
            "3km이내혐오시설수":0,
            "초등학교학업성취도":89.99,
            "중학교학업성취도":75.5,
            "용적률":51,
            "건폐율":58,
            "Y":36.142745,
            "X":128.114039,
            "rank":35.0,
            "area_info":"33평(110.24), 38평(127.17), 51평(168.73)",
            "last_sales":"2021-12-25,11800.0,33평(110.24)",
            "rank_history":[
                [
                    "202203",
                    35
                ],
                [
                    "202202",
                    32
                ],
                [
                    "202201",
                    32
                ]
            ],
            "rank_gap":-3
        },
        {
            "index":120,
            "아파트명":"주공3단지",
            "투자타입":"일반",
            "전용면적(m2)":"56.12",
            "전용면적(평)":"16평",
            "법정동주소":"경상북도 김천시 부곡동 1328",
            "도로명주소":"경상북도 김천시 문지왈길 68",
            "세대수":50,
            "입주년차":0,
            "용적률점수":"--",
            "건폐율점수":"--",
            "세대당주차수":0,
            "난방방식":30,
            "공급면적":"--",
            "전용률":"--",
            "욕실수":50,
            "현관타입":100,
            "주거총점":35.5,
            "지역구공급총점":0.0,
            "역세권":"NA",
            "30분내 이동가능 거점":"NA",
            "1시간내 이동가능 거점":"NA",
            "교통총점":"NA",
            "백화점":0,
            "아울렛몰":0,
            "대형마트":0,
            "은행":0,
            "병원":10,
            "종합병원":100,
            "공원":100,
            "혐오시설":0,
            "인프라총점":24.0,
            "초등학군":90.01,
            "중학군":45.76,
            "학군총점":54.61,
            "인구수":14.14,
            "인구증감":2.21,
            "인구총점":10.561,
            "일자리":9.88,
            "소득수준":70.22,
            "일자리총점":27.982,
            "가치 총점":35.6775,
            "매매실거래년":20220208.0,
            "매매실거래가":3700.0,
            "전세실거래년":20211230.0,
            "전세실거래가":3300.0,
            "전세가율":73.33,
            "장기전세가율평균":77.29,
            "전세가율거품지수":3.96,
            "검색코드":15618,
            "세대수":534.0,
            "준공년월":"1995-10-05",
            "준공년차":28.0,
            "가까운역이름":"NA",
            "가까운역거리":"NA",
            "역세권여부":"NA",
            "30분이내주요거점역":"NA",
            "30분거점역이름":"NA",
            "1시간이내주요거점역":"NA",
            "1시간거점역이름":"NA",
            "3km이내백화점수":0,
            "5km이내아울렛몰수":0,
            "1km이내대형먀트수":0,
            "500m이내은행수":0,
            "500m이내병원수":4,
            "5km이내대형병원수":2,
            "500m이내공원수":2,
            "3km이내혐오시설수":0,
            "초등학교학업성취도":90.01,
            "중학교학업성취도":73.8,
            "용적률":203,
            "건폐율":18,
            "Y":36.121136,
            "X":128.08758,
            "rank":36.0,
            "area_info":"16평(56.12), 19평(64.67)",
            "last_sales":"2022-02-08,3700.0,19평(64.67)",
            "rank_history":[
                [
                    "202203",
                    36
                ],
                [
                    "202202",
                    33
                ],
                [
                    "202201",
                    33
                ]
            ],
            "rank_gap":-3
        },
        {
            "index":309,
            "아파트명":"한일장미타운",
            "투자타입":"일반",
            "전용면적(m2)":"79.95",
            "전용면적(평)":"24평",
            "법정동주소":"경상북도 김천시 평화동 72-9",
            "도로명주소":"경상북도 김천시 평화장미3길 25",
            "세대수":0,
            "입주년차":0,
            "용적률점수":"--",
            "건폐율점수":"--",
            "세대당주차수":0,
            "난방방식":30,
            "공급면적":"--",
            "전용률":"--",
            "욕실수":50,
            "현관타입":10,
            "주거총점":9.0,
            "지역구공급총점":0.0,
            "역세권":"NA",
            "30분내 이동가능 거점":"NA",
            "1시간내 이동가능 거점":"NA",
            "교통총점":"NA",
            "백화점":0,
            "아울렛몰":0,
            "대형마트":100,
            "은행":20,
            "병원":60,
            "종합병원":100,
            "공원":100,
            "혐오시설":0,
            "인프라총점":46.0,
            "초등학군":90.01,
            "중학군":46.64,
            "학군총점":55.314,
            "인구수":14.14,
            "인구증감":2.21,
            "인구총점":10.561,
            "일자리":9.88,
            "소득수준":70.22,
            "일자리총점":27.982,
            "가치 총점":35.3785,
            "매매실거래년":20211217.0,
            "매매실거래가":5400.0,
            "전세실거래년":20200324.0,
            "전세실거래가":2000.0,
            "전세가율":37.04,
            "장기전세가율평균":77.29,
            "전세가율거품지수":40.25,
            "검색코드":4305,
            "세대수":284.0,
            "준공년월":"1993-10-30",
            "준공년차":30.0,
            "가까운역이름":"NA",
            "가까운역거리":"NA",
            "역세권여부":"NA",
            "30분이내주요거점역":"NA",
            "30분거점역이름":"NA",
            "1시간이내주요거점역":"NA",
            "1시간거점역이름":"NA",
            "3km이내백화점수":0,
            "5km이내아울렛몰수":0,
            "1km이내대형먀트수":3,
            "500m이내은행수":2,
            "500m이내병원수":17,
            "5km이내대형병원수":2,
            "500m이내공원수":2,
            "3km이내혐오시설수":0,
            "초등학교학업성취도":90.01,
            "중학교학업성취도":76.6,
            "용적률":323,
            "건폐율":27,
            "Y":36.127801,
            "X":128.114851,
            "rank":37.0,
            "area_info":"24평(79.95), 29평(97.85), 31평(103.57), 34평(112.82)",
            "last_sales":"2021-12-17,5400.0,24평(79.95)",
            "rank_history":[
                [
                    "202203",
                    37
                ],
                [
                    "202202",
                    34
                ],
                [
                    "202201",
                    34
                ]
            ],
            "rank_gap":-3
        },
        {
            "index":129,
            "아파트명":"코아루2차",
            "투자타입":"일반",
            "전용면적(m2)":"115.84",
            "전용면적(평)":"35평",
            "법정동주소":"경상북도 김천시 삼락동 1299",
            "도로명주소":"경상북도 김천시 삼락택지길 137",
            "세대수":0,
            "입주년차":40,
            "용적률점수":"--",
            "건폐율점수":"--",
            "세대당주차수":30,
            "난방방식":30,
            "공급면적":"--",
            "전용률":"--",
            "욕실수":100,
            "현관타입":100,
            "주거총점":35.5,
            "지역구공급총점":0.0,
            "역세권":"NA",
            "30분내 이동가능 거점":"NA",
            "1시간내 이동가능 거점":"NA",
            "교통총점":"NA",
            "백화점":0,
            "아울렛몰":0,
            "대형마트":0,
            "은행":0,
            "병원":0,
            "종합병원":100,
            "공원":100,
            "혐오시설":0,
            "인프라총점":23.0,
            "초등학군":90.0,
            "중학군":45.74,
            "학군총점":54.592,
            "인구수":14.14,
            "인구증감":2.21,
            "인구총점":10.561,
            "일자리":9.88,
            "소득수준":70.22,
            "일자리총점":27.982,
            "가치 총점":35.273,
            "매매실거래년":20220214.0,
            "매매실거래가":26800.0,
            "전세실거래년":20211229.0,
            "전세실거래가":13000.0,
            "전세가율":72.22,
            "장기전세가율평균":77.29,
            "전세가율거품지수":5.07,
            "검색코드":23917,
            "세대수":276.0,
            "준공년월":"2006-12-11",
            "준공년차":17.0,
            "가까운역이름":"NA",
            "가까운역거리":"NA",
            "역세권여부":"NA",
            "30분이내주요거점역":"NA",
            "30분거점역이름":"NA",
            "1시간이내주요거점역":"NA",
            "1시간거점역이름":"NA",
            "3km이내백화점수":0,
            "5km이내아울렛몰수":0,
            "1km이내대형먀트수":0,
            "500m이내은행수":0,
            "500m이내병원수":1,
            "5km이내대형병원수":2,
            "500m이내공원수":3,
            "3km이내혐오시설수":0,
            "초등학교학업성취도":90.0,
            "중학교학업성취도":75.5,
            "용적률":239,
            "건폐율":23,
            "Y":36.144678,
            "X":128.098885,
            "rank":38.0,
            "area_info":"35평(115.84), 48평(158.76)",
            "last_sales":"2022-02-14,26800.0,48평(158.76)",
            "rank_history":[
                [
                    "202203",
                    38
                ],
                [
                    "202202",
                    35
                ],
                [
                    "202201",
                    35
                ]
            ],
            "rank_gap":-3
        },
        {
            "index":208,
            "아파트명":"범신상가",
            "투자타입":"일반",
            "전용면적(m2)":"86.09",
            "전용면적(평)":"26평",
            "법정동주소":"경상북도 김천시 용두동 61",
            "도로명주소":"경상북도 김천시 아랫장터길 45",
            "세대수":0,
            "입주년차":0,
            "용적률점수":"--",
            "건폐율점수":"--",
            "세대당주차수":0,
            "난방방식":30,
            "공급면적":"--",
            "전용률":"--",
            "욕실수":50,
            "현관타입":100,
            "주거총점":18.0,
            "지역구공급총점":0.0,
            "역세권":"NA",
            "30분내 이동가능 거점":"NA",
            "1시간내 이동가능 거점":"NA",
            "교통총점":"NA",
            "백화점":0,
            "아울렛몰":0,
            "대형마트":80,
            "은행":0,
            "병원":60,
            "종합병원":100,
            "공원":80,
            "혐오시설":0,
            "인프라총점":40.4,
            "초등학군":89.99,
            "중학군":41.4,
            "학군총점":51.118,
            "인구수":14.14,
            "인구증감":2.21,
            "인구총점":10.561,
            "일자리":9.88,
            "소득수준":70.22,
            "일자리총점":27.982,
            "가치 총점":35.2395,
            "매매실거래년":20220207.0,
            "매매실거래가":7100.0,
            "전세실거래년":20190420.0,
            "전세실거래가":4500.0,
            "전세가율":63.38,
            "장기전세가율평균":77.29,
            "전세가율거품지수":13.91,
            "검색코드":127522,
            "세대수":60.0,
            "준공년월":"1997-12-30",
            "준공년차":26.0,
            "가까운역이름":"NA",
            "가까운역거리":"NA",
            "역세권여부":"NA",
            "30분이내주요거점역":"NA",
            "30분거점역이름":"NA",
            "1시간이내주요거점역":"NA",
            "1시간거점역이름":"NA",
            "3km이내백화점수":0,
            "5km이내아울렛몰수":0,
            "1km이내대형먀트수":1,
            "500m이내은행수":1,
            "500m이내병원수":20,
            "5km이내대형병원수":2,
            "500m이내공원수":1,
            "3km이내혐오시설수":0,
            "초등학교학업성취도":89.99,
            "중학교학업성취도":69.0,
            "용적률":413,
            "건폐율":69,
            "Y":36.121573,
            "X":128.128434,
            "rank":39.0,
            "area_info":"26평(86.09)",
            "last_sales":"2022-02-07,7100.0,26평(86.09)",
            "rank_history":[
                [
                    "202203",
                    39
                ],
                [
                    "202202",
                    9999
                ]
            ],
            "rank_gap":9999
        },
        {
            "index":177,
            "아파트명":"목련",
            "투자타입":"일반",
            "전용면적(m2)":"55.92",
            "전용면적(평)":"16평",
            "법정동주소":"경상북도 김천시 신음동 1276",
            "도로명주소":"경상북도 김천시 시청4길 6",
            "세대수":0,
            "입주년차":0,
            "용적률점수":"--",
            "건폐율점수":"--",
            "세대당주차수":0,
            "난방방식":30,
            "공급면적":"--",
            "전용률":"--",
            "욕실수":50,
            "현관타입":100,
            "주거총점":18.0,
            "지역구공급총점":0.0,
            "역세권":"NA",
            "30분내 이동가능 거점":"NA",
            "1시간내 이동가능 거점":"NA",
            "교통총점":"NA",
            "백화점":0,
            "아울렛몰":0,
            "대형마트":100,
            "은행":0,
            "병원":0,
            "종합병원":100,
            "공원":80,
            "혐오시설":0,
            "인프라총점":37.4,
            "초등학군":89.99,
            "중학군":46.64,
            "학군총점":55.31,
            "인구수":14.14,
            "인구증감":2.21,
            "인구총점":10.561,
            "일자리":9.88,
            "소득수준":70.22,
            "일자리총점":27.982,
            "가치 총점":35.0875,
            "매매실거래년":20220110.0,
            "매매실거래가":2800.0,
            "전세실거래년":20201102.0,
            "전세실거래가":3000.0,
            "전세가율":107.14,
            "장기전세가율평균":77.29,
            "전세가율거품지수":-29.85,
            "검색코드":4290,
            "세대수":100.0,
            "준공년월":"1993-09-25",
            "준공년차":30.0,
            "가까운역이름":"NA",
            "가까운역거리":"NA",
            "역세권여부":"NA",
            "30분이내주요거점역":"NA",
            "30분거점역이름":"NA",
            "1시간이내주요거점역":"NA",
            "1시간거점역이름":"NA",
            "3km이내백화점수":0,
            "5km이내아울렛몰수":0,
            "1km이내대형먀트수":2,
            "500m이내은행수":1,
            "500m이내병원수":0,
            "5km이내대형병원수":2,
            "500m이내공원수":1,
            "3km이내혐오시설수":0,
            "초등학교학업성취도":89.99,
            "중학교학업성취도":76.6,
            "용적률":136,
            "건폐율":30,
            "Y":36.142347,
            "X":128.116139,
            "rank":40.0,
            "area_info":"16평(55.92)",
            "last_sales":"2022-01-10,2800.0,16평(55.92)",
            "rank_history":[
                [
                    "202203",
                    40
                ],
                [
                    "202202",
                    36
                ],
                [
                    "202201",
                    37
                ]
            ],
            "rank_gap":-4
        },
        {
            "index":125,
            "아파트명":"한일부곡타운",
            "투자타입":"일반",
            "전용면적(m2)":"73.81",
            "전용면적(평)":"22평",
            "법정동주소":"경상북도 김천시 부곡동 960-8",
            "도로명주소":"경상북도 김천시 고래실3길 45-14",
            "세대수":50,
            "입주년차":0,
            "용적률점수":"--",
            "건폐율점수":"--",
            "세대당주차수":0,
            "난방방식":30,
            "공급면적":"--",
            "전용률":"--",
            "욕실수":50,
            "현관타입":100,
            "주거총점":35.5,
            "지역구공급총점":0.0,
            "역세권":"NA",
            "30분내 이동가능 거점":"NA",
            "1시간내 이동가능 거점":"NA",
            "교통총점":"NA",
            "백화점":0,
            "아울렛몰":0,
            "대형마트":0,
            "은행":0,
            "병원":0,
            "종합병원":100,
            "공원":80,
            "혐오시설":0,
            "인프라총점":22.4,
            "초등학군":89.99,
            "중학군":45.76,
            "학군총점":54.606,
            "인구수":14.14,
            "인구증감":2.21,
            "인구총점":10.561,
            "일자리":9.88,
            "소득수준":70.22,
            "일자리총점":27.982,
            "가치 총점":35.0365,
            "매매실거래년":20220219.0,
            "매매실거래가":5200.0,
            "전세실거래년":20220216.0,
            "전세실거래가":4200.0,
            "전세가율":76.36,
            "장기전세가율평균":77.29,
            "전세가율거품지수":0.93,
            "검색코드":15623,
            "세대수":499.0,
            "준공년월":"1998-04-17",
            "준공년차":25.0,
            "가까운역이름":"NA",
            "가까운역거리":"NA",
            "역세권여부":"NA",
            "30분이내주요거점역":"NA",
            "30분거점역이름":"NA",
            "1시간이내주요거점역":"NA",
            "1시간거점역이름":"NA",
            "3km이내백화점수":0,
            "5km이내아울렛몰수":0,
            "1km이내대형먀트수":0,
            "500m이내은행수":0,
            "500m이내병원수":0,
            "5km이내대형병원수":2,
            "500m이내공원수":1,
            "3km이내혐오시설수":0,
            "초등학교학업성취도":89.99,
            "중학교학업성취도":73.8,
            "용적률":259,
            "건폐율":22,
            "Y":36.122365,
            "X":128.08316,
            "rank":41.0,
            "area_info":"22평(73.81), 22평(73.85)",
            "last_sales":"2022-02-19,5200.0,22평(73.85)",
            "rank_history":[
                [
                    "202203",
                    41
                ],
                [
                    "202202",
                    38
                ],
                [
                    "202201",
                    38
                ]
            ],
            "rank_gap":-3
        },
        {
            "index":178,
            "아파트명":"삼보타운",
            "투자타입":"일반",
            "전용면적(m2)":"70.87",
            "전용면적(평)":"21평",
            "법정동주소":"경상북도 김천시 신음동 1275",
            "도로명주소":"경상북도 김천시 시청6길 42",
            "세대수":0,
            "입주년차":0,
            "용적률점수":"--",
            "건폐율점수":"--",
            "세대당주차수":0,
            "난방방식":30,
            "공급면적":"--",
            "전용률":"--",
            "욕실수":50,
            "현관타입":100,
            "주거총점":18.0,
            "지역구공급총점":0.0,
            "역세권":"NA",
            "30분내 이동가능 거점":"NA",
            "1시간내 이동가능 거점":"NA",
            "교통총점":"NA",
            "백화점":0,
            "아울렛몰":0,
            "대형마트":100,
            "은행":0,
            "병원":0,
            "종합병원":100,
            "공원":80,
            "혐오시설":0,
            "인프라총점":37.4,
            "초등학군":89.99,
            "중학군":45.74,
            "학군총점":54.59,
            "인구수":14.14,
            "인구증감":2.21,
            "인구총점":10.561,
            "일자리":9.88,
            "소득수준":70.22,
            "일자리총점":27.982,
            "가치 총점":34.9075,
            "매매실거래년":20211203.0,
            "매매실거래가":8700.0,
            "전세실거래년":20211018.0,
            "전세실거래가":5500.0,
            "전세가율":63.22,
            "장기전세가율평균":77.29,
            "전세가율거품지수":14.07,
            "검색코드":4291,
            "세대수":218.0,
            "준공년월":"1994-12-24",
            "준공년차":29.0,
            "가까운역이름":"NA",
            "가까운역거리":"NA",
            "역세권여부":"NA",
            "30분이내주요거점역":"NA",
            "30분거점역이름":"NA",
            "1시간이내주요거점역":"NA",
            "1시간거점역이름":"NA",
            "3km이내백화점수":0,
            "5km이내아울렛몰수":0,
            "1km이내대형먀트수":2,
            "500m이내은행수":1,
            "500m이내병원수":0,
            "5km이내대형병원수":2,
            "500m이내공원수":1,
            "3km이내혐오시설수":0,
            "초등학교학업성취도":89.99,
            "중학교학업성취도":75.5,
            "용적률":225,
            "건폐율":29,
            "Y":36.142447,
            "X":128.115305,
            "rank":42.0,
            "area_info":"21평(70.87), 29평(97.15), 33평(110.06)",
            "last_sales":"2021-12-03,8700.0,21평(70.87)",
            "rank_history":[
                [
                    "202203",
                    42
                ],
                [
                    "202202",
                    37
                ],
                [
                    "202201",
                    37
                ]
            ],
            "rank_gap":-5
        },
        {
            "index":292,
            "아파트명":"발트하임",
            "투자타입":"일반",
            "전용면적(m2)":"90.51",
            "전용면적(평)":"27평",
            "법정동주소":"경상북도 김천시 지좌동 759-7",
            "도로명주소":"경상북도 김천시 황산3길 45-17",
            "세대수":0,
            "입주년차":80,
            "용적률점수":"--",
            "건폐율점수":"--",
            "세대당주차수":0,
            "난방방식":30,
            "공급면적":"--",
            "전용률":"--",
            "욕실수":100,
            "현관타입":100,
            "주거총점":39.0,
            "지역구공급총점":0.0,
            "역세권":"NA",
            "30분내 이동가능 거점":"NA",
            "1시간내 이동가능 거점":"NA",
            "교통총점":"NA",
            "백화점":0,
            "아울렛몰":0,
            "대형마트":0,
            "은행":0,
            "병원":0,
            "종합병원":100,
            "공원":0,
            "혐오시설":0,
            "인프라총점":20.0,
            "초등학군":90.0,
            "중학군":42.42,
            "학군총점":51.936,
            "인구수":14.14,
            "인구증감":2.21,
            "인구총점":10.561,
            "일자리":9.88,
            "소득수준":70.22,
            "일자리총점":27.982,
            "가치 총점":34.634,
            "매매실거래년":20220131.0,
            "매매실거래가":11200.0,
            "전세실거래년":20220225.0,
            "전세실거래가":12300.0,
            "전세가율":109.82,
            "장기전세가율평균":77.29,
            "전세가율거품지수":-32.53,
            "검색코드":120539,
            "세대수":56.0,
            "준공년월":"2016-11-04",
            "준공년차":7.0,
            "가까운역이름":"NA",
            "가까운역거리":"NA",
            "역세권여부":"NA",
            "30분이내주요거점역":"NA",
            "30분거점역이름":"NA",
            "1시간이내주요거점역":"NA",
            "1시간거점역이름":"NA",
            "3km이내백화점수":0,
            "5km이내아울렛몰수":0,
            "1km이내대형먀트수":0,
            "500m이내은행수":0,
            "500m이내병원수":0,
            "5km이내대형병원수":2,
            "500m이내공원수":0,
            "3km이내혐오시설수":0,
            "초등학교학업성취도":90.0,
            "중학교학업성취도":70.7,
            "용적률":0,
            "건폐율":0,
            "Y":36.115787,
            "X":128.132263,
            "rank":43.0,
            "area_info":"27평(90.51)",
            "last_sales":"2022-01-31,11200.0,27평(90.51)",
            "rank_history":[
                [
                    "202203",
                    43
                ],
                [
                    "202202",
                    9999
                ]
            ],
            "rank_gap":9999
        },
        {
            "index":201,
            "아파트명":"더테라스휴",
            "투자타입":"일반",
            "전용면적(m2)":"92.1",
            "전용면적(평)":"27평",
            "법정동주소":"경상북도 김천시 어모면 중왕리 817",
            "도로명주소":"경상북도 김천시 어모로 345-5",
            "세대수":0,
            "입주년차":100,
            "용적률점수":"--",
            "건폐율점수":"--",
            "세대당주차수":60,
            "난방방식":30,
            "공급면적":"--",
            "전용률":"--",
            "욕실수":100,
            "현관타입":100,
            "주거총점":52.0,
            "지역구공급총점":0.0,
            "역세권":"NA",
            "30분내 이동가능 거점":"NA",
            "1시간내 이동가능 거점":"NA",
            "교통총점":"NA",
            "백화점":0,
            "아울렛몰":0,
            "대형마트":80,
            "은행":0,
            "병원":0,
            "종합병원":0,
            "공원":0,
            "혐오시설":0,
            "인프라총점":12.0,
            "초등학군":89.98,
            "중학군":33.84,
            "학군총점":45.068,
            "인구수":14.14,
            "인구증감":2.21,
            "인구총점":10.561,
            "일자리":9.88,
            "소득수준":70.22,
            "일자리총점":27.982,
            "가치 총점":34.267,
            "매매실거래년":"18000101",
            "매매실거래가":null,
            "전세실거래년":null,
            "전세실거래가":null,
            "전세가율":null,
            "장기전세가율평균":77.29,
            "전세가율거품지수":null,
            "검색코드":140041,
            "세대수":176.0,
            "준공년월":"2021-07-01",
            "준공년차":2.0,
            "가까운역이름":"NA",
            "가까운역거리":"NA",
            "역세권여부":"NA",
            "30분이내주요거점역":"NA",
            "30분거점역이름":"NA",
            "1시간이내주요거점역":"NA",
            "1시간거점역이름":"NA",
            "3km이내백화점수":0,
            "5km이내아울렛몰수":0,
            "1km이내대형먀트수":1,
            "500m이내은행수":0,
            "500m이내병원수":0,
            "5km이내대형병원수":0,
            "500m이내공원수":0,
            "3km이내혐오시설수":0,
            "초등학교학업성취도":89.98,
            "중학교학업성취도":56.4,
            "용적률":63,
            "건폐율":22,
            "Y":36.183595,
            "X":128.116193,
            "rank":44.0,
            "area_info":"27평(92.1), 33평(109.2)",
            "last_sales":"1800-01-01,nan,27평(92.1)",
            "rank_history":[
                [
                    "202203",
                    44
                ],
                [
                    "202202",
                    39
                ],
                [
                    "202201",
                    46
                ]
            ],
            "rank_gap":-5
        },
        {
            "index":295,
            "아파트명":"한일(245-98)",
            "투자타입":"재건축",
            "전용면적(m2)":"49.56",
            "전용면적(평)":"14평",
            "법정동주소":"경상북도 김천시 평화동 245-98",
            "도로명주소":"경상북도 김천시 평화11길 14",
            "세대수":0,
            "입주년차":"--",
            "용적률점수":0,
            "건폐율점수":0,
            "세대당주차수":"--",
            "난방방식":"--",
            "공급면적":50,
            "전용률":100,
            "욕실수":"--",
            "현관타입":"--",
            "주거총점":7.5,
            "지역구공급총점":0.0,
            "역세권":"NA",
            "30분내 이동가능 거점":"NA",
            "1시간내 이동가능 거점":"NA",
            "교통총점":"NA",
            "백화점":0,
            "아울렛몰":0,
            "대형마트":80,
            "은행":20,
            "병원":60,
            "종합병원":100,
            "공원":80,
            "혐오시설":0,
            "인프라총점":42.4,
            "초등학군":90.0,
            "중학군":49.5,
            "학군총점":57.6,
            "인구수":14.14,
            "인구증감":2.21,
            "인구총점":10.561,
            "일자리":9.88,
            "소득수준":70.22,
            "일자리총점":27.982,
            "가치 총점":33.985,
            "매매실거래년":"18000101",
            "매매실거래가":null,
            "전세실거래년":null,
            "전세실거래가":null,
            "전세가율":null,
            "장기전세가율평균":77.29,
            "전세가율거품지수":null,
            "검색코드":4302,
            "세대수":106.0,
            "준공년월":"1986-10-08",
            "준공년차":37.0,
            "가까운역이름":"NA",
            "가까운역거리":"NA",
            "역세권여부":"NA",
            "30분이내주요거점역":"NA",
            "30분거점역이름":"NA",
            "1시간이내주요거점역":"NA",
            "1시간거점역이름":"NA",
            "3km이내백화점수":0,
            "5km이내아울렛몰수":0,
            "1km이내대형먀트수":1,
            "500m이내은행수":2,
            "500m이내병원수":16,
            "5km이내대형병원수":2,
            "500m이내공원수":1,
            "3km이내혐오시설수":0,
            "초등학교학업성취도":90.0,
            "중학교학업성취도":82.5,
            "용적률":0,
            "건폐율":0,
            "Y":36.124917,
            "X":128.110483,
            "rank":45.0,
            "area_info":"14평(49.56), 19평(63.0), 19평(65.52), 19평(65.94), 20평(66.9), 23평(77.7), 23평(77.76), 23평(77.67), 23평(78.66), 23평(78.12), 23평(79.26), 24평(80.64), 25평(82.98), 34평(115.02)",
            "last_sales":"1800-01-01,nan,14평(49.56)",
            "rank_history":[
                [
                    "202203",
                    45
                ],
                [
                    "202202",
                    40
                ],
                [
                    "202201",
                    36
                ]
            ],
            "rank_gap":-5
        },
        {
            "index":187,
            "아파트명":"지브로타운",
            "투자타입":"일반",
            "전용면적(m2)":"86.04",
            "전용면적(평)":"26평",
            "법정동주소":"경상북도 김천시 신음동 588-2",
            "도로명주소":"경상북도 김천시 아홉사리길 139",
            "세대수":0,
            "입주년차":60,
            "용적률점수":"--",
            "건폐율점수":"--",
            "세대당주차수":0,
            "난방방식":30,
            "공급면적":"--",
            "전용률":"--",
            "욕실수":100,
            "현관타입":100,
            "주거총점":35.0,
            "지역구공급총점":0.0,
            "역세권":"NA",
            "30분내 이동가능 거점":"NA",
            "1시간내 이동가능 거점":"NA",
            "교통총점":"NA",
            "백화점":0,
            "아울렛몰":0,
            "대형마트":0,
            "은행":0,
            "병원":0,
            "종합병원":100,
            "공원":0,
            "혐오시설":0,
            "인프라총점":20.0,
            "초등학군":89.99,
            "중학군":45.74,
            "학군총점":54.59,
            "인구수":14.14,
            "인구증감":2.21,
            "인구총점":10.561,
            "일자리":9.88,
            "소득수준":70.22,
            "일자리총점":27.982,
            "가치 총점":33.8975,
            "매매실거래년":20211220.0,
            "매매실거래가":8900.0,
            "전세실거래년":20210719.0,
            "전세실거래가":9000.0,
            "전세가율":101.12,
            "장기전세가율평균":77.29,
            "전세가율거품지수":-23.83,
            "검색코드":112041,
            "세대수":84.0,
            "준공년월":"2013-06-25",
            "준공년차":10.0,
            "가까운역이름":"NA",
            "가까운역거리":"NA",
            "역세권여부":"NA",
            "30분이내주요거점역":"NA",
            "30분거점역이름":"NA",
            "1시간이내주요거점역":"NA",
            "1시간거점역이름":"NA",
            "3km이내백화점수":0,
            "5km이내아울렛몰수":0,
            "1km이내대형먀트수":0,
            "500m이내은행수":0,
            "500m이내병원수":0,
            "5km이내대형병원수":2,
            "500m이내공원수":0,
            "3km이내혐오시설수":0,
            "초등학교학업성취도":89.99,
            "중학교학업성취도":75.5,
            "용적률":106,
            "건폐율":30,
            "Y":36.148798,
            "X":128.117526,
            "rank":46.0,
            "area_info":"26평(86.04)",
            "last_sales":"2021-12-20,8900.0,26평(86.04)",
            "rank_history":[
                [
                    "202203",
                    46
                ],
                [
                    "202202",
                    9999
                ]
            ],
            "rank_gap":9999
        },
        {
            "index":131,
            "아파트명":"정휘맨션",
            "투자타입":"재건축",
            "전용면적(m2)":"71.54",
            "전용면적(평)":"21평",
            "법정동주소":"경상북도 김천시 성내동 22-4",
            "도로명주소":"경상북도 김천시 모암길 190",
            "세대수":0,
            "입주년차":"--",
            "용적률점수":0,
            "건폐율점수":0,
            "세대당주차수":"--",
            "난방방식":"--",
            "공급면적":50,
            "전용률":100,
            "욕실수":"--",
            "현관타입":"--",
            "주거총점":7.5,
            "지역구공급총점":0.0,
            "역세권":"NA",
            "30분내 이동가능 거점":"NA",
            "1시간내 이동가능 거점":"NA",
            "교통총점":"NA",
            "백화점":0,
            "아울렛몰":0,
            "대형마트":100,
            "은행":0,
            "병원":60,
            "종합병원":100,
            "공원":80,
            "혐오시설":0,
            "인프라총점":43.4,
            "초등학군":89.99,
            "중학군":46.64,
            "학군총점":55.31,
            "인구수":14.14,
            "인구증감":2.21,
            "인구총점":10.561,
            "일자리":9.88,
            "소득수준":70.22,
            "일자리총점":27.982,
            "가치 총점":33.8125,
            "매매실거래년":20220209.0,
            "매매실거래가":3300.0,
            "전세실거래년":null,
            "전세실거래가":null,
            "전세가율":null,
            "장기전세가율평균":77.29,
            "전세가율거품지수":null,
            "검색코드":140317,
            "세대수":80.0,
            "준공년월":"1985-12-31",
            "준공년차":38.0,
            "가까운역이름":"NA",
            "가까운역거리":"NA",
            "역세권여부":"NA",
            "30분이내주요거점역":"NA",
            "30분거점역이름":"NA",
            "1시간이내주요거점역":"NA",
            "1시간거점역이름":"NA",
            "3km이내백화점수":0,
            "5km이내아울렛몰수":0,
            "1km이내대형먀트수":3,
            "500m이내은행수":0,
            "500m이내병원수":11,
            "5km이내대형병원수":2,
            "500m이내공원수":1,
            "3km이내혐오시설수":0,
            "초등학교학업성취도":89.99,
            "중학교학업성취도":76.6,
            "용적률":0,
            "건폐율":0,
            "Y":36.127313,
            "X":128.120326,
            "rank":47.0,
            "area_info":"21평(71.54), 26평(86.17)",
            "last_sales":"2022-02-09,3300.0,21평(71.54)",
            "rank_history":[
                [
                    "202203",
                    47
                ],
                [
                    "202202",
                    9999
                ]
            ],
            "rank_gap":9999
        },
        {
            "index":84,
            "아파트명":"금류",
            "투자타입":"재건축",
            "전용면적(m2)":"92.64",
            "전용면적(평)":"28평",
            "법정동주소":"경상북도 김천시 부곡동 584-1",
            "도로명주소":"경상북도 김천시 가메실2길 36",
            "세대수":0,
            "입주년차":"--",
            "용적률점수":20,
            "건폐율점수":60,
            "세대당주차수":"--",
            "난방방식":"--",
            "공급면적":70,
            "전용률":80,
            "욕실수":"--",
            "현관타입":"--",
            "주거총점":27.5,
            "지역구공급총점":0.0,
            "역세권":"NA",
            "30분내 이동가능 거점":"NA",
            "1시간내 이동가능 거점":"NA",
            "교통총점":"NA",
            "백화점":0,
            "아울렛몰":0,
            "대형마트":0,
            "은행":0,
            "병원":30,
            "종합병원":100,
            "공원":80,
            "혐오시설":0,
            "인프라총점":25.4,
            "초등학군":90.01,
            "중학군":45.76,
            "학군총점":54.61,
            "인구수":14.14,
            "인구증감":2.21,
            "인구총점":10.561,
            "일자리":9.88,
            "소득수준":70.22,
            "일자리총점":27.982,
            "가치 총점":33.4375,
            "매매실거래년":20220223.0,
            "매매실거래가":8700.0,
            "전세실거래년":20180122.0,
            "전세실거래가":5000.0,
            "전세가율":84.03,
            "장기전세가율평균":77.29,
            "전세가율거품지수":-6.74,
            "검색코드":4277,
            "세대수":186.0,
            "준공년월":"1991-04-30",
            "준공년차":32.0,
            "가까운역이름":"NA",
            "가까운역거리":"NA",
            "역세권여부":"NA",
            "30분이내주요거점역":"NA",
            "30분거점역이름":"NA",
            "1시간이내주요거점역":"NA",
            "1시간거점역이름":"NA",
            "3km이내백화점수":0,
            "5km이내아울렛몰수":0,
            "1km이내대형먀트수":0,
            "500m이내은행수":0,
            "500m이내병원수":5,
            "5km이내대형병원수":2,
            "500m이내공원수":1,
            "3km이내혐오시설수":0,
            "초등학교학업성취도":90.01,
            "중학교학업성취도":73.8,
            "용적률":209,
            "건폐율":30,
            "Y":36.12178,
            "X":128.1003,
            "rank":48.0,
            "area_info":"28평(92.64), 30평(101.41), 31평(102.53)",
            "last_sales":"2022-02-23,8700.0,30평(101.41)",
            "rank_history":[
                [
                    "202203",
                    48
                ],
                [
                    "202202",
                    42
                ],
                [
                    "202201",
                    41
                ]
            ],
            "rank_gap":-6
        },
        {
            "index":139,
            "아파트명":"한일(한일점보맨션)",
            "투자타입":"재건축",
            "전용면적(m2)":"56.97",
            "전용면적(평)":"17평",
            "법정동주소":"경상북도 김천시 성내동 75-1",
            "도로명주소":"경상북도 김천시 성모길 6",
            "세대수":0,
            "입주년차":"--",
            "용적률점수":0,
            "건폐율점수":0,
            "세대당주차수":"--",
            "난방방식":"--",
            "공급면적":50,
            "전용률":100,
            "욕실수":"--",
            "현관타입":"--",
            "주거총점":7.5,
            "지역구공급총점":0.0,
            "역세권":"NA",
            "30분내 이동가능 거점":"NA",
            "1시간내 이동가능 거점":"NA",
            "교통총점":"NA",
            "백화점":0,
            "아울렛몰":0,
            "대형마트":80,
            "은행":0,
            "병원":80,
            "종합병원":100,
            "공원":80,
            "혐오시설":0,
            "인프라총점":42.4,
            "초등학군":90.03,
            "중학군":46.64,
            "학군총점":55.318,
            "인구수":14.14,
            "인구증감":2.21,
            "인구총점":10.561,
            "일자리":9.88,
            "소득수준":70.22,
            "일자리총점":27.982,
            "가치 총점":33.4145,
            "매매실거래년":"18000101",
            "매매실거래가":null,
            "전세실거래년":null,
            "전세실거래가":null,
            "전세가율":null,
            "장기전세가율평균":77.29,
            "전세가율거품지수":null,
            "검색코드":127992,
            "세대수":62.0,
            "준공년월":"1989-02-04",
            "준공년차":34.0,
            "가까운역이름":"NA",
            "가까운역거리":"NA",
            "역세권여부":"NA",
            "30분이내주요거점역":"NA",
            "30분거점역이름":"NA",
            "1시간이내주요거점역":"NA",
            "1시간거점역이름":"NA",
            "3km이내백화점수":0,
            "5km이내아울렛몰수":0,
            "1km이내대형먀트수":1,
            "500m이내은행수":1,
            "500m이내병원수":33,
            "5km이내대형병원수":2,
            "500m이내공원수":1,
            "3km이내혐오시설수":0,
            "초등학교학업성취도":90.03,
            "중학교학업성취도":76.6,
            "용적률":0,
            "건폐율":0,
            "Y":36.121489,
            "X":128.119879,
            "rank":49.0,
            "area_info":"17평(56.97), 17평(56.97), 19평(63.41), 19평(65.28), 23평(77.79), 23평(77.49), 23평(78.09), 23평(78.09), 25평(82.89), 32평(108.81), 36평(120.57)",
            "last_sales":"1800-01-01,nan,17평(56.97)",
            "rank_history":[
                [
                    "202203",
                    49
                ],
                [
                    "202202",
                    9999
                ]
            ],
            "rank_gap":9999
        },
        {
            "index":293,
            "아파트명":"지좌아주아트빌",
            "투자타입":"일반",
            "전용면적(m2)":"77.51",
            "전용면적(평)":"23평",
            "법정동주소":"경상북도 김천시 지좌동 740",
            "도로명주소":"경상북도 김천시 공절길 43",
            "세대수":0,
            "입주년차":40,
            "용적률점수":"--",
            "건폐율점수":"--",
            "세대당주차수":30,
            "난방방식":30,
            "공급면적":"--",
            "전용률":"--",
            "욕실수":100,
            "현관타입":100,
            "주거총점":35.5,
            "지역구공급총점":0.0,
            "역세권":"NA",
            "30분내 이동가능 거점":"NA",
            "1시간내 이동가능 거점":"NA",
            "교통총점":"NA",
            "백화점":0,
            "아울렛몰":0,
            "대형마트":0,
            "은행":0,
            "병원":0,
            "종합병원":100,
            "공원":0,
            "혐오시설":0,
            "인프라총점":20.0,
            "초등학군":90.0,
            "중학군":42.42,
            "학군총점":51.936,
            "인구수":14.14,
            "인구증감":2.21,
            "인구총점":10.561,
            "일자리":9.88,
            "소득수준":70.22,
            "일자리총점":27.982,
            "가치 총점":33.409,
            "매매실거래년":20220205.0,
            "매매실거래가":15500.0,
            "전세실거래년":20210104.0,
            "전세실거래가":7000.0,
            "전세가율":70.0,
            "장기전세가율평균":77.29,
            "전세가율거품지수":7.29,
            "검색코드":100782,
            "세대수":259.0,
            "준공년월":"2004-07-21",
            "준공년차":19.0,
            "가까운역이름":"NA",
            "가까운역거리":"NA",
            "역세권여부":"NA",
            "30분이내주요거점역":"NA",
            "30분거점역이름":"NA",
            "1시간이내주요거점역":"NA",
            "1시간거점역이름":"NA",
            "3km이내백화점수":0,
            "5km이내아울렛몰수":0,
            "1km이내대형먀트수":0,
            "500m이내은행수":0,
            "500m이내병원수":0,
            "5km이내대형병원수":2,
            "500m이내공원수":0,
            "3km이내혐오시설수":0,
            "초등학교학업성취도":90.0,
            "중학교학업성취도":70.7,
            "용적률":254,
            "건폐율":19,
            "Y":36.119908,
            "X":128.138479,
            "rank":50.0,
            "area_info":"23평(77.51), 31평(105.59)",
            "last_sales":"2022-02-05,15500.0,31평(105.59)",
            "rank_history":[
                [
                    "202203",
                    50
                ],
                [
                    "202202",
                    41
                ],
                [
                    "202201",
                    40
                ]
            ],
            "rank_gap":-9
        },
        {
            "index":133,
            "아파트명":"한일",
            "투자타입":"재건축",
            "전용면적(m2)":"73.39",
            "전용면적(평)":"22평",
            "법정동주소":"경상북도 김천시 성내동 40",
            "도로명주소":"경상북도 김천시 자산로 134",
            "세대수":0,
            "입주년차":"--",
            "용적률점수":0,
            "건폐율점수":0,
            "세대당주차수":"--",
            "난방방식":"--",
            "공급면적":50,
            "전용률":100,
            "욕실수":"--",
            "현관타입":"--",
            "주거총점":7.5,
            "지역구공급총점":0.0,
            "역세권":"NA",
            "30분내 이동가능 거점":"NA",
            "1시간내 이동가능 거점":"NA",
            "교통총점":"NA",
            "백화점":0,
            "아울렛몰":0,
            "대형마트":80,
            "은행":0,
            "병원":60,
            "종합병원":100,
            "공원":80,
            "혐오시설":0,
            "인프라총점":40.4,
            "초등학군":90.03,
            "중학군":46.64,
            "학군총점":55.318,
            "인구수":14.14,
            "인구증감":2.21,
            "인구총점":10.561,
            "일자리":9.88,
            "소득수준":70.22,
            "일자리총점":27.982,
            "가치 총점":32.6145,
            "매매실거래년":20220119.0,
            "매매실거래가":5000.0,
            "전세실거래년":null,
            "전세실거래가":null,
            "전세가율":null,
            "장기전세가율평균":77.29,
            "전세가율거품지수":null,
            "검색코드":123234,
            "세대수":50.0,
            "준공년월":"1990-01-23",
            "준공년차":33.0,
            "가까운역이름":"NA",
            "가까운역거리":"NA",
            "역세권여부":"NA",
            "30분이내주요거점역":"NA",
            "30분거점역이름":"NA",
            "1시간이내주요거점역":"NA",
            "1시간거점역이름":"NA",
            "3km이내백화점수":0,
            "5km이내아울렛몰수":0,
            "1km이내대형먀트수":1,
            "500m이내은행수":1,
            "500m이내병원수":29,
            "5km이내대형병원수":2,
            "500m이내공원수":1,
            "3km이내혐오시설수":0,
            "초등학교학업성취도":90.03,
            "중학교학업성취도":76.6,
            "용적률":0,
            "건폐율":0,
            "Y":36.122304,
            "X":128.118494,
            "rank":51.0,
            "area_info":"22평(73.39), 23평(77.0), 23평(77.7), 23평(78.08), 23평(78.11), 25평(84.88)",
            "last_sales":"2022-01-19,5000.0,25평(84.88)",
            "rank_history":[
                [
                    "202203",
                    51
                ],
                [
                    "202202",
                    9999
                ]
            ],
            "rank_gap":9999
        },
        {
            "index":150,
            "아파트명":"항도",
            "투자타입":"재건축",
            "전용면적(m2)":"89.87",
            "전용면적(평)":"27평",
            "법정동주소":"경상북도 김천시 성내동 62",
            "도로명주소":"경상북도 김천시 충효길 88",
            "세대수":0,
            "입주년차":"--",
            "용적률점수":0,
            "건폐율점수":0,
            "세대당주차수":"--",
            "난방방식":"--",
            "공급면적":70,
            "전용률":80,
            "욕실수":"--",
            "현관타입":"--",
            "주거총점":7.5,
            "지역구공급총점":0.0,
            "역세권":"NA",
            "30분내 이동가능 거점":"NA",
            "1시간내 이동가능 거점":"NA",
            "교통총점":"NA",
            "백화점":0,
            "아울렛몰":0,
            "대형마트":80,
            "은행":0,
            "병원":60,
            "종합병원":100,
            "공원":80,
            "혐오시설":0,
            "인프라총점":40.4,
            "초등학군":89.99,
            "중학군":46.64,
            "학군총점":55.31,
            "인구수":14.14,
            "인구증감":2.21,
            "인구총점":10.561,
            "일자리":9.88,
            "소득수준":70.22,
            "일자리총점":27.982,
            "가치 총점":32.6125,
            "매매실거래년":20220210.0,
            "매매실거래가":12800.0,
            "전세실거래년":null,
            "전세실거래가":null,
            "전세가율":null,
            "장기전세가율평균":77.29,
            "전세가율거품지수":null,
            "검색코드":4284,
            "세대수":222.0,
            "준공년월":"1991-11-29",
            "준공년차":32.0,
            "가까운역이름":"NA",
            "가까운역거리":"NA",
            "역세권여부":"NA",
            "30분이내주요거점역":"NA",
            "30분거점역이름":"NA",
            "1시간이내주요거점역":"NA",
            "1시간거점역이름":"NA",
            "3km이내백화점수":0,
            "5km이내아울렛몰수":0,
            "1km이내대형먀트수":1,
            "500m이내은행수":1,
            "500m이내병원수":26,
            "5km이내대형병원수":2,
            "500m이내공원수":1,
            "3km이내혐오시설수":0,
            "초등학교학업성취도":89.99,
            "중학교학업성취도":76.6,
            "용적률":0,
            "건폐율":0,
            "Y":36.124488,
            "X":128.119734,
            "rank":52.0,
            "area_info":"27평(89.87), 30평(101.94), 46평(155.24)",
            "last_sales":"2022-02-10,12800.0,30평(101.94)",
            "rank_history":[
                [
                    "202203",
                    52
                ],
                [
                    "202202",
                    43
                ],
                [
                    "202201",
                    39
                ]
            ],
            "rank_gap":-9
        },
        {
            "index":19,
            "아파트명":"실라2차",
            "투자타입":"재건축",
            "전용면적(m2)":"74.23",
            "전용면적(평)":"22평",
            "법정동주소":"경상북도 김천시 다수동 134",
            "도로명주소":"경상북도 김천시 새동네길 14-9",
            "세대수":0,
            "입주년차":"--",
            "용적률점수":20,
            "건폐율점수":80,
            "세대당주차수":"--",
            "난방방식":"--",
            "공급면적":50,
            "전용률":80,
            "욕실수":"--",
            "현관타입":"--",
            "주거총점":30.5,
            "지역구공급총점":0.0,
            "역세권":"NA",
            "30분내 이동가능 거점":"NA",
            "1시간내 이동가능 거점":"NA",
            "교통총점":"NA",
            "백화점":0,
            "아울렛몰":0,
            "대형마트":0,
            "은행":0,
            "병원":0,
            "종합병원":100,
            "공원":0,
            "혐오시설":0,
            "인프라총점":20.0,
            "초등학군":89.99,
            "중학군":45.76,
            "학군총점":54.606,
            "인구수":14.14,
            "인구증감":2.21,
            "인구총점":10.561,
            "일자리":9.88,
            "소득수준":70.22,
            "일자리총점":27.982,
            "가치 총점":32.3265,
            "매매실거래년":20220125.0,
            "매매실거래가":4700.0,
            "전세실거래년":20210402.0,
            "전세실거래가":4000.0,
            "전세가율":85.11,
            "장기전세가율평균":77.29,
            "전세가율거품지수":-7.82,
            "검색코드":15611,
            "세대수":111.0,
            "준공년월":"1992-11-07",
            "준공년차":31.0,
            "가까운역이름":"NA",
            "가까운역거리":"NA",
            "역세권여부":"NA",
            "30분이내주요거점역":"NA",
            "30분거점역이름":"NA",
            "1시간이내주요거점역":"NA",
            "1시간거점역이름":"NA",
            "3km이내백화점수":0,
            "5km이내아울렛몰수":0,
            "1km이내대형먀트수":0,
            "500m이내은행수":0,
            "500m이내병원수":0,
            "5km이내대형병원수":2,
            "500m이내공원수":0,
            "3km이내혐오시설수":0,
            "초등학교학업성취도":89.99,
            "중학교학업성취도":73.8,
            "용적률":206,
            "건폐율":21,
            "Y":36.126192,
            "X":128.074776,
            "rank":53.0,
            "area_info":"22평(74.23), 27평(90.28), 29평(96.63), 29평(97.94), 31평(104.97)",
            "last_sales":"2022-01-25,4700.0,22평(74.23)",
            "rank_history":[
                [
                    "202203",
                    53
                ],
                [
                    "202202",
                    44
                ],
                [
                    "202201",
                    43
                ]
            ],
            "rank_gap":-9
        },
        {
            "index":237,
            "아파트명":"김천혁신도시영무예다음2차",
            "투자타입":"일반",
            "전용면적(m2)":"108.5",
            "전용면적(평)":"32평",
            "법정동주소":"경상북도 김천시 율곡동 769",
            "도로명주소":"경상북도 김천시 용전3로 24",
            "세대수":0,
            "입주년차":80,
            "용적률점수":"--",
            "건폐율점수":"--",
            "세대당주차수":60,
            "난방방식":30,
            "공급면적":"--",
            "전용률":"--",
            "욕실수":100,
            "현관타입":100,
            "주거총점":48.0,
            "지역구공급총점":0.0,
            "역세권":"NA",
            "30분내 이동가능 거점":"NA",
            "1시간내 이동가능 거점":"NA",
            "교통총점":"NA",
            "백화점":0,
            "아울렛몰":0,
            "대형마트":0,
            "은행":0,
            "병원":0,
            "종합병원":0,
            "공원":100,
            "혐오시설":0,
            "인프라총점":3.0,
            "초등학군":90.0,
            "중학군":48.2,
            "학군총점":56.56,
            "인구수":14.14,
            "인구증감":2.21,
            "인구총점":10.561,
            "일자리":9.88,
            "소득수준":70.22,
            "일자리총점":27.982,
            "가치 총점":32.14,
            "매매실거래년":20220124.0,
            "매매실거래가":31700.0,
            "전세실거래년":20220112.0,
            "전세실거래가":30000.0,
            "전세가율":94.64,
            "장기전세가율평균":77.29,
            "전세가율거품지수":-17.35,
            "검색코드":107030,
            "세대수":296.0,
            "준공년월":"2015-02-26",
            "준공년차":8.0,
            "가까운역이름":"NA",
            "가까운역거리":"NA",
            "역세권여부":"NA",
            "30분이내주요거점역":"NA",
            "30분거점역이름":"NA",
            "1시간이내주요거점역":"NA",
            "1시간거점역이름":"NA",
            "3km이내백화점수":0,
            "5km이내아울렛몰수":0,
            "1km이내대형먀트수":0,
            "500m이내은행수":0,
            "500m이내병원수":1,
            "5km이내대형병원수":0,
            "500m이내공원수":3,
            "3km이내혐오시설수":0,
            "초등학교학업성취도":90.0,
            "중학교학업성취도":79.2,
            "용적률":180,
            "건폐율":13,
            "Y":36.12069,
            "X":128.193902,
            "rank":54.0,
            "area_info":"32평(108.5), 33평(109.99)",
            "last_sales":"2022-01-24,31700.0,32평(108.5)",
            "rank_history":[
                [
                    "202203",
                    54
                ],
                [
                    "202202",
                    45
                ],
                [
                    "202201",
                    42
                ]
            ],
            "rank_gap":-9
        },
        {
            "index":175,
            "아파트명":"덕일",
            "투자타입":"일반",
            "전용면적(m2)":"80.51",
            "전용면적(평)":"24평",
            "법정동주소":"경상북도 김천시 신음동 1273",
            "도로명주소":"경상북도 김천시 시청6길 27",
            "세대수":0,
            "입주년차":0,
            "용적률점수":"--",
            "건폐율점수":"--",
            "세대당주차수":0,
            "난방방식":30,
            "공급면적":"--",
            "전용률":"--",
            "욕실수":50,
            "현관타입":10,
            "주거총점":9.0,
            "지역구공급총점":0.0,
            "역세권":"NA",
            "30분내 이동가능 거점":"NA",
            "1시간내 이동가능 거점":"NA",
            "교통총점":"NA",
            "백화점":0,
            "아울렛몰":0,
            "대형마트":100,
            "은행":0,
            "병원":0,
            "종합병원":100,
            "공원":80,
            "혐오시설":0,
            "인프라총점":37.4,
            "초등학군":89.99,
            "중학군":45.74,
            "학군총점":54.59,
            "인구수":14.14,
            "인구증감":2.21,
            "인구총점":10.561,
            "일자리":9.88,
            "소득수준":70.22,
            "일자리총점":27.982,
            "가치 총점":31.7575,
            "매매실거래년":20211220.0,
            "매매실거래가":7000.0,
            "전세실거래년":20211017.0,
            "전세실거래가":3800.0,
            "전세가율":54.29,
            "장기전세가율평균":77.29,
            "전세가율거품지수":23.0,
            "검색코드":4288,
            "세대수":186.0,
            "준공년월":"1993-11-29",
            "준공년차":30.0,
            "가까운역이름":"NA",
            "가까운역거리":"NA",
            "역세권여부":"NA",
            "30분이내주요거점역":"NA",
            "30분거점역이름":"NA",
            "1시간이내주요거점역":"NA",
            "1시간거점역이름":"NA",
            "3km이내백화점수":0,
            "5km이내아울렛몰수":0,
            "1km이내대형먀트수":2,
            "500m이내은행수":1,
            "500m이내병원수":0,
            "5km이내대형병원수":2,
            "500m이내공원수":1,
            "3km이내혐오시설수":0,
            "초등학교학업성취도":89.99,
            "중학교학업성취도":75.5,
            "용적률":250,
            "건폐율":27,
            "Y":36.14179,
            "X":128.11386,
            "rank":55.0,
            "area_info":"24평(80.51), 31평(102.9)",
            "last_sales":"2021-12-20,7000.0,24평(80.51)",
            "rank_history":[
                [
                    "202203",
                    55
                ],
                [
                    "202202",
                    46
                ],
                [
                    "202201",
                    44
                ]
            ],
            "rank_gap":-9
        },
        {
            "index":12,
            "아파트명":"우창파크맨션",
            "투자타입":"재건축",
            "전용면적(m2)":"71.49",
            "전용면적(평)":"21평",
            "법정동주소":"경상북도 김천시 남산동 68-2",
            "도로명주소":"경상북도 김천시 노실고개3길 24",
            "세대수":0,
            "입주년차":"--",
            "용적률점수":0,
            "건폐율점수":0,
            "세대당주차수":"--",
            "난방방식":"--",
            "공급면적":50,
            "전용률":80,
            "욕실수":"--",
            "현관타입":"--",
            "주거총점":6.5,
            "지역구공급총점":0.0,
            "역세권":"NA",
            "30분내 이동가능 거점":"NA",
            "1시간내 이동가능 거점":"NA",
            "교통총점":"NA",
            "백화점":0,
            "아울렛몰":0,
            "대형마트":80,
            "은행":0,
            "병원":30,
            "종합병원":100,
            "공원":80,
            "혐오시설":0,
            "인프라총점":37.4,
            "초등학군":90.03,
            "중학군":49.5,
            "학군총점":57.606,
            "인구수":14.14,
            "인구증감":2.21,
            "인구총점":10.561,
            "일자리":9.88,
            "소득수준":70.22,
            "일자리총점":27.982,
            "가치 총점":31.6365,
            "매매실거래년":20210412.0,
            "매매실거래가":3800.0,
            "전세실거래년":null,
            "전세실거래가":null,
            "전세가율":null,
            "장기전세가율평균":77.29,
            "전세가율거품지수":null,
            "검색코드":145802,
            "세대수":68.0,
            "준공년월":"1991-12-24",
            "준공년차":32.0,
            "가까운역이름":"NA",
            "가까운역거리":"NA",
            "역세권여부":"NA",
            "30분이내주요거점역":"NA",
            "30분거점역이름":"NA",
            "1시간이내주요거점역":"NA",
            "1시간거점역이름":"NA",
            "3km이내백화점수":0,
            "5km이내아울렛몰수":0,
            "1km이내대형먀트수":1,
            "500m이내은행수":1,
            "500m이내병원수":5,
            "5km이내대형병원수":2,
            "500m이내공원수":1,
            "3km이내혐오시설수":0,
            "초등학교학업성취도":90.03,
            "중학교학업성취도":82.5,
            "용적률":0,
            "건폐율":0,
            "Y":36.118109,
            "X":128.114576,
            "rank":56.0,
            "area_info":"21평(71.49), 23평(77.91), 25평(84.24), 29평(96.78), 30평(100.86), 33평(109.73)",
            "last_sales":"2021-04-12,3800.0,33평(109.73)",
            "rank_history":[
                [
                    "202203",
                    56
                ],
                [
                    "202202",
                    9999
                ]
            ],
            "rank_gap":9999
        },
        {
            "index":291,
            "아파트명":"무궁화",
            "투자타입":"재건축",
            "전용면적(m2)":"63.96",
            "전용면적(평)":"19평",
            "법정동주소":"경상북도 김천시 지좌동 440-86",
            "도로명주소":"경상북도 김천시 지좌길 11",
            "세대수":0,
            "입주년차":"--",
            "용적률점수":0,
            "건폐율점수":0,
            "세대당주차수":"--",
            "난방방식":"--",
            "공급면적":50,
            "전용률":100,
            "욕실수":"--",
            "현관타입":"--",
            "주거총점":7.5,
            "지역구공급총점":0.0,
            "역세권":"NA",
            "30분내 이동가능 거점":"NA",
            "1시간내 이동가능 거점":"NA",
            "교통총점":"NA",
            "백화점":0,
            "아울렛몰":0,
            "대형마트":80,
            "은행":0,
            "병원":0,
            "종합병원":100,
            "공원":0,
            "혐오시설":0,
            "인프라총점":32.0,
            "초등학군":90.0,
            "중학군":55.98,
            "학군총점":62.784,
            "인구수":14.14,
            "인구증감":2.21,
            "인구총점":10.561,
            "일자리":9.88,
            "소득수준":70.22,
            "일자리총점":27.982,
            "가치 총점":31.121,
            "매매실거래년":"18000101",
            "매매실거래가":null,
            "전세실거래년":null,
            "전세실거래가":null,
            "전세가율":null,
            "장기전세가율평균":77.29,
            "전세가율거품지수":null,
            "검색코드":110703,
            "세대수":60.0,
            "준공년월":"1984-11-30",
            "준공년차":39.0,
            "가까운역이름":"NA",
            "가까운역거리":"NA",
            "역세권여부":"NA",
            "30분이내주요거점역":"NA",
            "30분거점역이름":"NA",
            "1시간이내주요거점역":"NA",
            "1시간거점역이름":"NA",
            "3km이내백화점수":0,
            "5km이내아울렛몰수":0,
            "1km이내대형먀트수":1,
            "500m이내은행수":0,
            "500m이내병원수":1,
            "5km이내대형병원수":2,
            "500m이내공원수":0,
            "3km이내혐오시설수":0,
            "초등학교학업성취도":90.0,
            "중학교학업성취도":93.3,
            "용적률":0,
            "건폐율":0,
            "Y":36.1201,
            "X":128.143678,
            "rank":57.0,
            "area_info":"19평(63.96)",
            "last_sales":"1800-01-01,nan,19평(63.96)",
            "rank_history":[
                [
                    "202203",
                    57
                ],
                [
                    "202202",
                    9999
                ]
            ],
            "rank_gap":9999
        },
        {
            "index":197,
            "아파트명":"아포덕일한마음",
            "투자타입":"일반",
            "전용면적(m2)":"41.96",
            "전용면적(평)":"12평",
            "법정동주소":"경상북도 김천시 아포읍 국사리 1119",
            "도로명주소":"경상북도 김천시 한지2길 64-9",
            "세대수":90,
            "입주년차":40,
            "용적률점수":"--",
            "건폐율점수":"--",
            "세대당주차수":0,
            "난방방식":30,
            "공급면적":"--",
            "전용률":"--",
            "욕실수":50,
            "현관타입":10,
            "주거총점":48.5,
            "지역구공급총점":0.0,
            "역세권":"NA",
            "30분내 이동가능 거점":"NA",
            "1시간내 이동가능 거점":"NA",
            "교통총점":"NA",
            "백화점":0,
            "아울렛몰":0,
            "대형마트":0,
            "은행":0,
            "병원":0,
            "종합병원":0,
            "공원":100,
            "혐오시설":0,
            "인프라총점":3.0,
            "초등학군":90.04,
            "중학군":41.88,
            "학군총점":51.512,
            "인구수":14.14,
            "인구증감":2.21,
            "인구총점":10.561,
            "일자리":9.88,
            "소득수준":70.22,
            "일자리총점":27.982,
            "가치 총점":31.053,
            "매매실거래년":20220224.0,
            "매매실거래가":1750.0,
            "전세실거래년":20220110.0,
            "전세실거래가":1500.0,
            "전세가율":85.71,
            "장기전세가율평균":77.29,
            "전세가율거품지수":-8.42,
            "검색코드":24211,
            "세대수":1084.0,
            "준공년월":"2004-10-21",
            "준공년차":19.0,
            "가까운역이름":"NA",
            "가까운역거리":"NA",
            "역세권여부":"NA",
            "30분이내주요거점역":"NA",
            "30분거점역이름":"NA",
            "1시간이내주요거점역":"NA",
            "1시간거점역이름":"NA",
            "3km이내백화점수":0,
            "5km이내아울렛몰수":0,
            "1km이내대형먀트수":0,
            "500m이내은행수":0,
            "500m이내병원수":1,
            "5km이내대형병원수":0,
            "500m이내공원수":2,
            "3km이내혐오시설수":0,
            "초등학교학업성취도":90.04,
            "중학교학업성취도":69.8,
            "용적률":224,
            "건폐율":27,
            "Y":36.158011,
            "X":128.263924,
            "rank":58.0,
            "area_info":"12평(41.96), 17평(59.0), 21평(70.56)",
            "last_sales":"2022-02-24,1750.0,12평(41.96)",
            "rank_history":[
                [
                    "202203",
                    58
                ],
                [
                    "202202",
                    47
                ],
                [
                    "202201",
                    45
                ]
            ],
            "rank_gap":-11
        },
        {
            "index":276,
            "아파트명":"덕일타운",
            "투자타입":"재건축",
            "전용면적(m2)":"55.54",
            "전용면적(평)":"16평",
            "법정동주소":"경상북도 김천시 지좌동 440-2",
            "도로명주소":"경상북도 김천시 지좌길 13",
            "세대수":0,
            "입주년차":"--",
            "용적률점수":0,
            "건폐율점수":0,
            "세대당주차수":"--",
            "난방방식":"--",
            "공급면적":50,
            "전용률":80,
            "욕실수":"--",
            "현관타입":"--",
            "주거총점":6.5,
            "지역구공급총점":0.0,
            "역세권":"NA",
            "30분내 이동가능 거점":"NA",
            "1시간내 이동가능 거점":"NA",
            "교통총점":"NA",
            "백화점":0,
            "아울렛몰":0,
            "대형마트":80,
            "은행":0,
            "병원":0,
            "종합병원":100,
            "공원":0,
            "혐오시설":0,
            "인프라총점":32.0,
            "초등학군":90.0,
            "중학군":55.98,
            "학군총점":62.784,
            "인구수":14.14,
            "인구증감":2.21,
            "인구총점":10.561,
            "일자리":9.88,
            "소득수준":70.22,
            "일자리총점":27.982,
            "가치 총점":30.771,
            "매매실거래년":20220214.0,
            "매매실거래가":2300.0,
            "전세실거래년":20200709.0,
            "전세실거래가":2800.0,
            "전세가율":121.74,
            "장기전세가율평균":77.29,
            "전세가율거품지수":-44.45,
            "검색코드":106488,
            "세대수":210.0,
            "준공년월":"1987-12-15",
            "준공년차":36.0,
            "가까운역이름":"NA",
            "가까운역거리":"NA",
            "역세권여부":"NA",
            "30분이내주요거점역":"NA",
            "30분거점역이름":"NA",
            "1시간이내주요거점역":"NA",
            "1시간거점역이름":"NA",
            "3km이내백화점수":0,
            "5km이내아울렛몰수":0,
            "1km이내대형먀트수":1,
            "500m이내은행수":0,
            "500m이내병원수":1,
            "5km이내대형병원수":2,
            "500m이내공원수":0,
            "3km이내혐오시설수":0,
            "초등학교학업성취도":90.0,
            "중학교학업성취도":93.3,
            "용적률":0,
            "건폐율":0,
            "Y":36.121065,
            "X":128.143435,
            "rank":59.0,
            "area_info":"16평(55.54)",
            "last_sales":"2022-02-14,2300.0,16평(55.54)",
            "rank_history":[
                [
                    "202203",
                    59
                ],
                [
                    "202202",
                    48
                ],
                [
                    "202201",
                    51
                ]
            ],
            "rank_gap":-11
        },
        {
            "index":122,
            "아파트명":"한일백합타운",
            "투자타입":"일반",
            "전용면적(m2)":"79.37",
            "전용면적(평)":"24평",
            "법정동주소":"경상북도 김천시 부곡동 595",
            "도로명주소":"경상북도 김천시 가메실1길 12-6",
            "세대수":0,
            "입주년차":0,
            "용적률점수":"--",
            "건폐율점수":"--",
            "세대당주차수":0,
            "난방방식":30,
            "공급면적":"--",
            "전용률":"--",
            "욕실수":50,
            "현관타입":100,
            "주거총점":18.0,
            "지역구공급총점":0.0,
            "역세권":"NA",
            "30분내 이동가능 거점":"NA",
            "1시간내 이동가능 거점":"NA",
            "교통총점":"NA",
            "백화점":0,
            "아울렛몰":0,
            "대형마트":0,
            "은행":0,
            "병원":30,
            "종합병원":100,
            "공원":100,
            "혐오시설":0,
            "인프라총점":26.0,
            "초등학군":90.01,
            "중학군":45.76,
            "학군총점":54.61,
            "인구수":14.14,
            "인구증감":2.21,
            "인구총점":10.561,
            "일자리":9.88,
            "소득수준":70.22,
            "일자리총점":27.982,
            "가치 총점":30.3525,
            "매매실거래년":20211028.0,
            "매매실거래가":5000.0,
            "전세실거래년":20171027.0,
            "전세실거래가":6500.0,
            "전세가율":130.0,
            "장기전세가율평균":77.29,
            "전세가율거품지수":-52.71,
            "검색코드":4280,
            "세대수":77.0,
            "준공년월":"1995-09-07",
            "준공년차":28.0,
            "가까운역이름":"NA",
            "가까운역거리":"NA",
            "역세권여부":"NA",
            "30분이내주요거점역":"NA",
            "30분거점역이름":"NA",
            "1시간이내주요거점역":"NA",
            "1시간거점역이름":"NA",
            "3km이내백화점수":0,
            "5km이내아울렛몰수":0,
            "1km이내대형먀트수":0,
            "500m이내은행수":0,
            "500m이내병원수":5,
            "5km이내대형병원수":2,
            "500m이내공원수":2,
            "3km이내혐오시설수":0,
            "초등학교학업성취도":90.01,
            "중학교학업성취도":73.8,
            "용적률":223,
            "건폐율":23,
            "Y":36.12333,
            "X":128.09906,
            "rank":60.0,
            "area_info":"24평(79.37), 33평(112.31), 45평(149.52)",
            "last_sales":"2021-10-28,5000.0,24평(79.37)",
            "rank_history":[
                [
                    "202203",
                    60
                ],
                [
                    "202202",
                    9999
                ]
            ],
            "rank_gap":9999
        },
        {
            "index":66,
            "아파트명":"대동2차",
            "투자타입":"재건축",
            "전용면적(m2)":"71.42",
            "전용면적(평)":"21평",
            "법정동주소":"경상북도 김천시 모암동 178-4",
            "도로명주소":"경상북도 김천시 모암사랑5길 73",
            "세대수":0,
            "입주년차":"--",
            "용적률점수":0,
            "건폐율점수":0,
            "세대당주차수":"--",
            "난방방식":"--",
            "공급면적":50,
            "전용률":100,
            "욕실수":"--",
            "현관타입":"--",
            "주거총점":7.5,
            "지역구공급총점":0.0,
            "역세권":"NA",
            "30분내 이동가능 거점":"NA",
            "1시간내 이동가능 거점":"NA",
            "교통총점":"NA",
            "백화점":0,
            "아울렛몰":0,
            "대형마트":80,
            "은행":0,
            "병원":0,
            "종합병원":100,
            "공원":80,
            "혐오시설":0,
            "인프라총점":34.4,
            "초등학군":89.99,
            "중학군":46.64,
            "학군총점":55.31,
            "인구수":14.14,
            "인구증감":2.21,
            "인구총점":10.561,
            "일자리":9.88,
            "소득수준":70.22,
            "일자리총점":27.982,
            "가치 총점":30.2125,
            "매매실거래년":20211101.0,
            "매매실거래가":3500.0,
            "전세실거래년":null,
            "전세실거래가":null,
            "전세가율":null,
            "장기전세가율평균":77.29,
            "전세가율거품지수":null,
            "검색코드":116491,
            "세대수":50.0,
            "준공년월":"1989-11-04",
            "준공년차":34.0,
            "가까운역이름":"NA",
            "가까운역거리":"NA",
            "역세권여부":"NA",
            "30분이내주요거점역":"NA",
            "30분거점역이름":"NA",
            "1시간이내주요거점역":"NA",
            "1시간거점역이름":"NA",
            "3km이내백화점수":0,
            "5km이내아울렛몰수":0,
            "1km이내대형먀트수":1,
            "500m이내은행수":0,
            "500m이내병원수":0,
            "5km이내대형병원수":2,
            "500m이내공원수":1,
            "3km이내혐오시설수":0,
            "초등학교학업성취도":89.99,
            "중학교학업성취도":76.6,
            "용적률":0,
            "건폐율":0,
            "Y":36.125135,
            "X":128.127833,
            "rank":61.0,
            "area_info":"21평(71.42), 24평(81.45), 25평(85.39), 26평(86.74), 26평(87.46), 26평(87.32)",
            "last_sales":"2021-11-01,3500.0,26평(87.46)",
            "rank_history":[
                [
                    "202203",
                    61
                ],
                [
                    "202202",
                    9999
                ]
            ],
            "rank_gap":9999
        },
        {
            "index":200,
            "아파트명":"아포세광에비앙",
            "투자타입":"일반",
            "전용면적(m2)":"110.24",
            "전용면적(평)":"33평",
            "법정동주소":"경상북도 김천시 아포읍 국사리 37-44",
            "도로명주소":"경상북도 김천시 국사길 160",
            "세대수":0,
            "입주년차":80,
            "용적률점수":"--",
            "건폐율점수":"--",
            "세대당주차수":0,
            "난방방식":30,
            "공급면적":"--",
            "전용률":"--",
            "욕실수":100,
            "현관타입":10,
            "주거총점":30.0,
            "지역구공급총점":0.0,
            "역세권":"NA",
            "30분내 이동가능 거점":"NA",
            "1시간내 이동가능 거점":"NA",
            "교통총점":"NA",
            "백화점":0,
            "아울렛몰":0,
            "대형마트":80,
            "은행":0,
            "병원":0,
            "종합병원":0,
            "공원":100,
            "혐오시설":0,
            "인프라총점":15.0,
            "초등학군":90.04,
            "중학군":41.88,
            "학군총점":51.512,
            "인구수":14.14,
            "인구증감":2.21,
            "인구총점":10.561,
            "일자리":9.88,
            "소득수준":70.22,
            "일자리총점":27.982,
            "가치 총점":29.378,
            "매매실거래년":20211119.0,
            "매매실거래가":11000.0,
            "전세실거래년":null,
            "전세실거래가":null,
            "전세가율":null,
            "장기전세가율평균":77.29,
            "전세가율거품지수":null,
            "검색코드":120995,
            "세대수":54.0,
            "준공년월":"2017-11-23",
            "준공년차":6.0,
            "가까운역이름":"NA",
            "가까운역거리":"NA",
            "역세권여부":"NA",
            "30분이내주요거점역":"NA",
            "30분거점역이름":"NA",
            "1시간이내주요거점역":"NA",
            "1시간거점역이름":"NA",
            "3km이내백화점수":0,
            "5km이내아울렛몰수":0,
            "1km이내대형먀트수":1,
            "500m이내은행수":0,
            "500m이내병원수":1,
            "5km이내대형병원수":0,
            "500m이내공원수":2,
            "3km이내혐오시설수":0,
            "초등학교학업성취도":90.04,
            "중학교학업성취도":69.8,
            "용적률":272,
            "건폐율":22,
            "Y":36.158883,
            "X":128.258476,
            "rank":62.0,
            "area_info":"33평(110.24)",
            "last_sales":"2021-11-19,11000.0,33평(110.24)",
            "rank_history":[
                [
                    "202203",
                    62
                ],
                [
                    "202202",
                    9999
                ]
            ],
            "rank_gap":9999
        },
        {
            "index":116,
            "아파트명":"주공1단지",
            "투자타입":"재건축",
            "전용면적(m2)":"40.98",
            "전용면적(평)":"12평",
            "법정동주소":"경상북도 김천시 부곡동 1040-1",
            "도로명주소":"경상북도 김천시 송설로 32",
            "세대수":30,
            "입주년차":"--",
            "용적률점수":0,
            "건폐율점수":0,
            "세대당주차수":"--",
            "난방방식":"--",
            "공급면적":50,
            "전용률":80,
            "욕실수":"--",
            "현관타입":"--",
            "주거총점":15.5,
            "지역구공급총점":0.0,
            "역세권":"NA",
            "30분내 이동가능 거점":"NA",
            "1시간내 이동가능 거점":"NA",
            "교통총점":"NA",
            "백화점":0,
            "아울렛몰":0,
            "대형마트":0,
            "은행":0,
            "병원":10,
            "종합병원":100,
            "공원":100,
            "혐오시설":0,
            "인프라총점":24.0,
            "초등학군":90.01,
            "중학군":45.76,
            "학군총점":54.61,
            "인구수":14.14,
            "인구증감":2.21,
            "인구총점":10.561,
            "일자리":9.88,
            "소득수준":70.22,
            "일자리총점":27.982,
            "가치 총점":28.6775,
            "매매실거래년":20220211.0,
            "매매실거래가":7500.0,
            "전세실거래년":20210201.0,
            "전세실거래가":1500.0,
            "전세가율":18.07,
            "장기전세가율평균":77.29,
            "전세가율거품지수":59.22,
            "검색코드":4279,
            "세대수":360.0,
            "준공년월":"1980-08-30",
            "준공년차":43.0,
            "가까운역이름":"NA",
            "가까운역거리":"NA",
            "역세권여부":"NA",
            "30분이내주요거점역":"NA",
            "30분거점역이름":"NA",
            "1시간이내주요거점역":"NA",
            "1시간거점역이름":"NA",
            "3km이내백화점수":0,
            "5km이내아울렛몰수":0,
            "1km이내대형먀트수":0,
            "500m이내은행수":0,
            "500m이내병원수":4,
            "5km이내대형병원수":2,
            "500m이내공원수":3,
            "3km이내혐오시설수":0,
            "초등학교학업성취도":90.01,
            "중학교학업성취도":73.8,
            "용적률":0,
            "건폐율":0,
            "Y":36.123362,
            "X":128.088282,
            "rank":63.0,
            "area_info":"12평(40.98), 12평(41.99), 12평(41.53), 12평(42.54)",
            "last_sales":"2022-02-11,7500.0,12평(41.53)",
            "rank_history":[
                [
                    "202203",
                    63
                ],
                [
                    "202202",
                    49
                ],
                [
                    "202201",
                    47
                ]
            ],
            "rank_gap":-14
        },
        {
            "index":203,
            "아파트명":"일천푸른마을",
            "투자타입":"일반",
            "전용면적(m2)":"65.2",
            "전용면적(평)":"19평",
            "법정동주소":"경상북도 김천시 어모면 중왕리 540-26",
            "도로명주소":"경상북도 김천시 어모문화2길 19",
            "세대수":0,
            "입주년차":20,
            "용적률점수":"--",
            "건폐율점수":"--",
            "세대당주차수":0,
            "난방방식":30,
            "공급면적":"--",
            "전용률":"--",
            "욕실수":50,
            "현관타입":50,
            "주거총점":17.0,
            "지역구공급총점":0.0,
            "역세권":"NA",
            "30분내 이동가능 거점":"NA",
            "1시간내 이동가능 거점":"NA",
            "교통총점":"NA",
            "백화점":0,
            "아울렛몰":0,
            "대형마트":80,
            "은행":0,
            "병원":0,
            "종합병원":80,
            "공원":0,
            "혐오시설":0,
            "인프라총점":28.0,
            "초등학군":89.98,
            "중학군":33.84,
            "학군총점":45.068,
            "인구수":14.14,
            "인구증감":2.21,
            "인구총점":10.561,
            "일자리":9.88,
            "소득수준":70.22,
            "일자리총점":27.982,
            "가치 총점":28.417,
            "매매실거래년":20200629.0,
            "매매실거래가":4450.0,
            "전세실거래년":20131017.0,
            "전세실거래가":4000.0,
            "전세가율":80.0,
            "장기전세가율평균":77.29,
            "전세가율거품지수":-2.71,
            "검색코드":131944,
            "세대수":86.0,
            "준공년월":"2000-11-03",
            "준공년차":23.0,
            "가까운역이름":"NA",
            "가까운역거리":"NA",
            "역세권여부":"NA",
            "30분이내주요거점역":"NA",
            "30분거점역이름":"NA",
            "1시간이내주요거점역":"NA",
            "1시간거점역이름":"NA",
            "3km이내백화점수":0,
            "5km이내아울렛몰수":0,
            "1km이내대형먀트수":1,
            "500m이내은행수":0,
            "500m이내병원수":0,
            "5km이내대형병원수":1,
            "500m이내공원수":0,
            "3km이내혐오시설수":0,
            "초등학교학업성취도":89.98,
            "중학교학업성취도":56.4,
            "용적률":0,
            "건폐율":0,
            "Y":36.179187,
            "X":128.116855,
            "rank":64.0,
            "area_info":"19평(65.2), 23평(78.52)",
            "last_sales":"2020-06-29,4450.0,23평(78.52)",
            "rank_history":[
                [
                    "202203",
                    64
                ],
                [
                    "202202",
                    9999
                ]
            ],
            "rank_gap":9999
        },
        {
            "index":80,
            "아파트명":"한보",
            "투자타입":"일반",
            "전용면적(m2)":"73.96",
            "전용면적(평)":"22평",
            "법정동주소":"경상북도 김천시 백옥동 66",
            "도로명주소":"경상북도 김천시 백옥길 5",
            "세대수":0,
            "입주년차":0,
            "용적률점수":"--",
            "건폐율점수":"--",
            "세대당주차수":0,
            "난방방식":30,
            "공급면적":"--",
            "전용률":"--",
            "욕실수":50,
            "현관타입":100,
            "주거총점":18.0,
            "지역구공급총점":0.0,
            "역세권":"NA",
            "30분내 이동가능 거점":"NA",
            "1시간내 이동가능 거점":"NA",
            "교통총점":"NA",
            "백화점":0,
            "아울렛몰":0,
            "대형마트":0,
            "은행":0,
            "병원":0,
            "종합병원":100,
            "공원":0,
            "혐오시설":0,
            "인프라총점":20.0,
            "초등학군":89.99,
            "중학군":45.76,
            "학군총점":54.606,
            "인구수":14.14,
            "인구증감":2.21,
            "인구총점":10.561,
            "일자리":9.88,
            "소득수준":70.22,
            "일자리총점":27.982,
            "가치 총점":27.9515,
            "매매실거래년":20211206.0,
            "매매실거래가":5400.0,
            "전세실거래년":20170612.0,
            "전세실거래가":4300.0,
            "전세가율":128.36,
            "장기전세가율평균":77.29,
            "전세가율거품지수":-51.07,
            "검색코드":4273,
            "세대수":165.0,
            "준공년월":"1996-06-13",
            "준공년차":27.0,
            "가까운역이름":"NA",
            "가까운역거리":"NA",
            "역세권여부":"NA",
            "30분이내주요거점역":"NA",
            "30분거점역이름":"NA",
            "1시간이내주요거점역":"NA",
            "1시간거점역이름":"NA",
            "3km이내백화점수":0,
            "5km이내아울렛몰수":0,
            "1km이내대형먀트수":0,
            "500m이내은행수":0,
            "500m이내병원수":0,
            "5km이내대형병원수":2,
            "500m이내공원수":0,
            "3km이내혐오시설수":0,
            "초등학교학업성취도":89.99,
            "중학교학업성취도":73.8,
            "용적률":313,
            "건폐율":29,
            "Y":36.125161,
            "X":128.080652,
            "rank":65.0,
            "area_info":"22평(73.96), 24평(80.98), 26평(87.98), 28평(95.51)",
            "last_sales":"2021-12-06,5400.0,24평(80.98)",
            "rank_history":[
                [
                    "202203",
                    65
                ],
                [
                    "202202",
                    51
                ],
                [
                    "202201",
                    49
                ]
            ],
            "rank_gap":-14
        },
        {
            "index":9,
            "아파트명":"호반맨션",
            "투자타입":"일반",
            "전용면적(m2)":"71.11",
            "전용면적(평)":"21평",
            "법정동주소":"경상북도 김천시 교동 899",
            "도로명주소":"경상북도 김천시 연화지2길 25",
            "세대수":0,
            "입주년차":0,
            "용적률점수":"--",
            "건폐율점수":"--",
            "세대당주차수":0,
            "난방방식":30,
            "공급면적":"--",
            "전용률":"--",
            "욕실수":50,
            "현관타입":100,
            "주거총점":18.0,
            "지역구공급총점":0.0,
            "역세권":"NA",
            "30분내 이동가능 거점":"NA",
            "1시간내 이동가능 거점":"NA",
            "교통총점":"NA",
            "백화점":0,
            "아울렛몰":0,
            "대형마트":0,
            "은행":0,
            "병원":0,
            "종합병원":100,
            "공원":0,
            "혐오시설":0,
            "인프라총점":20.0,
            "초등학군":90.0,
            "중학군":45.74,
            "학군총점":54.592,
            "인구수":14.14,
            "인구증감":2.21,
            "인구총점":10.561,
            "일자리":9.88,
            "소득수준":70.22,
            "일자리총점":27.982,
            "가치 총점":27.948,
            "매매실거래년":20211124.0,
            "매매실거래가":6800.0,
            "전세실거래년":20200309.0,
            "전세실거래가":6000.0,
            "전세가율":88.24,
            "장기전세가율평균":77.29,
            "전세가율거품지수":-10.95,
            "검색코드":4275,
            "세대수":165.0,
            "준공년월":"1995-12-14",
            "준공년차":28.0,
            "가까운역이름":"NA",
            "가까운역거리":"NA",
            "역세권여부":"NA",
            "30분이내주요거점역":"NA",
            "30분거점역이름":"NA",
            "1시간이내주요거점역":"NA",
            "1시간거점역이름":"NA",
            "3km이내백화점수":0,
            "5km이내아울렛몰수":0,
            "1km이내대형먀트수":0,
            "500m이내은행수":0,
            "500m이내병원수":0,
            "5km이내대형병원수":2,
            "500m이내공원수":0,
            "3km이내혐오시설수":0,
            "초등학교학업성취도":90.0,
            "중학교학업성취도":75.5,
            "용적률":292,
            "건폐율":30,
            "Y":36.137501,
            "X":128.091798,
            "rank":66.0,
            "area_info":"21평(71.11), 30평(101.16), 33평(111.19)",
            "last_sales":"2021-11-24,6800.0,21평(71.11)",
            "rank_history":[
                [
                    "202203",
                    66
                ],
                [
                    "202202",
                    50
                ],
                [
                    "202201",
                    48
                ]
            ],
            "rank_gap":-16
        },
        {
            "index":277,
            "아파트명":"동부",
            "투자타입":"일반",
            "전용면적(m2)":"70.05",
            "전용면적(평)":"21평",
            "법정동주소":"경상북도 김천시 지좌동 700-1",
            "도로명주소":"경상북도 김천시 성의1길 6",
            "세대수":0,
            "입주년차":0,
            "용적률점수":"--",
            "건폐율점수":"--",
            "세대당주차수":0,
            "난방방식":30,
            "공급면적":"--",
            "전용률":"--",
            "욕실수":50,
            "현관타입":100,
            "주거총점":18.0,
            "지역구공급총점":0.0,
            "역세권":"NA",
            "30분내 이동가능 거점":"NA",
            "1시간내 이동가능 거점":"NA",
            "교통총점":"NA",
            "백화점":0,
            "아울렛몰":0,
            "대형마트":0,
            "은행":0,
            "병원":0,
            "종합병원":100,
            "공원":0,
            "혐오시설":0,
            "인프라총점":20.0,
            "초등학군":90.0,
            "중학군":42.42,
            "학군총점":51.936,
            "인구수":14.14,
            "인구증감":2.21,
            "인구총점":10.561,
            "일자리":9.88,
            "소득수준":70.22,
            "일자리총점":27.982,
            "가치 총점":27.284,
            "매매실거래년":20220109.0,
            "매매실거래가":6300.0,
            "전세실거래년":20210323.0,
            "전세실거래가":3000.0,
            "전세가율":47.62,
            "장기전세가율평균":77.29,
            "전세가율거품지수":29.67,
            "검색코드":4297,
            "세대수":107.0,
            "준공년월":"1993-12-08",
            "준공년차":30.0,
            "가까운역이름":"NA",
            "가까운역거리":"NA",
            "역세권여부":"NA",
            "30분이내주요거점역":"NA",
            "30분거점역이름":"NA",
            "1시간이내주요거점역":"NA",
            "1시간거점역이름":"NA",
            "3km이내백화점수":0,
            "5km이내아울렛몰수":0,
            "1km이내대형먀트수":0,
            "500m이내은행수":0,
            "500m이내병원수":0,
            "5km이내대형병원수":2,
            "500m이내공원수":0,
            "3km이내혐오시설수":0,
            "초등학교학업성취도":90.0,
            "중학교학업성취도":70.7,
            "용적률":0,
            "건폐율":0,
            "Y":36.11597,
            "X":128.13455,
            "rank":67.0,
            "area_info":"21평(70.05), 26평(87.86)",
            "last_sales":"2022-01-09,6300.0,21평(70.05)",
            "rank_history":[
                [
                    "202203",
                    67
                ],
                [
                    "202202",
                    52
                ],
                [
                    "202201",
                    50
                ]
            ],
            "rank_gap":-15
        },
        {
            "index":282,
            "아파트명":"동양강변타운2차",
            "투자타입":"일반",
            "전용면적(m2)":"82.25",
            "전용면적(평)":"24평",
            "법정동주소":"경상북도 김천시 지좌동 759-22",
            "도로명주소":"경상북도 김천시 금감로 2141",
            "세대수":0,
            "입주년차":0,
            "용적률점수":"--",
            "건폐율점수":"--",
            "세대당주차수":0,
            "난방방식":30,
            "공급면적":"--",
            "전용률":"--",
            "욕실수":50,
            "현관타입":100,
            "주거총점":18.0,
            "지역구공급총점":0.0,
            "역세권":"NA",
            "30분내 이동가능 거점":"NA",
            "1시간내 이동가능 거점":"NA",
            "교통총점":"NA",
            "백화점":0,
            "아울렛몰":0,
            "대형마트":0,
            "은행":0,
            "병원":0,
            "종합병원":100,
            "공원":0,
            "혐오시설":0,
            "인프라총점":20.0,
            "초등학군":90.0,
            "중학군":42.42,
            "학군총점":51.936,
            "인구수":14.14,
            "인구증감":2.21,
            "인구총점":10.561,
            "일자리":9.88,
            "소득수준":70.22,
            "일자리총점":27.982,
            "가치 총점":27.284,
            "매매실거래년":20211216.0,
            "매매실거래가":8700.0,
            "전세실거래년":20200330.0,
            "전세실거래가":4200.0,
            "전세가율":76.36,
            "장기전세가율평균":77.29,
            "전세가율거품지수":0.93,
            "검색코드":4299,
            "세대수":108.0,
            "준공년월":"1993-07-14",
            "준공년차":30.0,
            "가까운역이름":"NA",
            "가까운역거리":"NA",
            "역세권여부":"NA",
            "30분이내주요거점역":"NA",
            "30분거점역이름":"NA",
            "1시간이내주요거점역":"NA",
            "1시간거점역이름":"NA",
            "3km이내백화점수":0,
            "5km이내아울렛몰수":0,
            "1km이내대형먀트수":0,
            "500m이내은행수":0,
            "500m이내병원수":0,
            "5km이내대형병원수":2,
            "500m이내공원수":0,
            "3km이내혐오시설수":0,
            "초등학교학업성취도":90.0,
            "중학교학업성취도":70.7,
            "용적률":0,
            "건폐율":0,
            "Y":36.11597,
            "X":128.1337,
            "rank":67.0,
            "area_info":"24평(82.25), 31평(104.02)",
            "last_sales":"2021-12-16,8700.0,31평(104.02)",
            "rank_history":[
                [
                    "202203",
                    67
                ],
                [
                    "202202",
                    52
                ],
                [
                    "202201",
                    50
                ]
            ],
            "rank_gap":-15
        },
        {
            "index":284,
            "아파트명":"동양무지개",
            "투자타입":"재건축",
            "전용면적(m2)":"47.71",
            "전용면적(평)":"14평",
            "법정동주소":"경상북도 김천시 지좌동 501-1",
            "도로명주소":"경상북도 김천시 황산로 97-9",
            "세대수":0,
            "입주년차":"--",
            "용적률점수":0,
            "건폐율점수":0,
            "세대당주차수":"--",
            "난방방식":"--",
            "공급면적":50,
            "전용률":100,
            "욕실수":"--",
            "현관타입":"--",
            "주거총점":7.5,
            "지역구공급총점":0.0,
            "역세권":"NA",
            "30분내 이동가능 거점":"NA",
            "1시간내 이동가능 거점":"NA",
            "교통총점":"NA",
            "백화점":0,
            "아울렛몰":0,
            "대형마트":0,
            "은행":0,
            "병원":0,
            "종합병원":100,
            "공원":0,
            "혐오시설":0,
            "인프라총점":20.0,
            "초등학군":90.0,
            "중학군":55.98,
            "학군총점":62.784,
            "인구수":14.14,
            "인구증감":2.21,
            "인구총점":10.561,
            "일자리":9.88,
            "소득수준":70.22,
            "일자리총점":27.982,
            "가치 총점":26.321,
            "매매실거래년":"18000101",
            "매매실거래가":null,
            "전세실거래년":null,
            "전세실거래가":null,
            "전세가율":null,
            "장기전세가율평균":77.29,
            "전세가율거품지수":null,
            "검색코드":126855,
            "세대수":70.0,
            "준공년월":"1990-12-19",
            "준공년차":33.0,
            "가까운역이름":"NA",
            "가까운역거리":"NA",
            "역세권여부":"NA",
            "30분이내주요거점역":"NA",
            "30분거점역이름":"NA",
            "1시간이내주요거점역":"NA",
            "1시간거점역이름":"NA",
            "3km이내백화점수":0,
            "5km이내아울렛몰수":0,
            "1km이내대형먀트수":0,
            "500m이내은행수":0,
            "500m이내병원수":1,
            "5km이내대형병원수":2,
            "500m이내공원수":0,
            "3km이내혐오시설수":0,
            "초등학교학업성취도":90.0,
            "중학교학업성취도":93.3,
            "용적률":0,
            "건폐율":0,
            "Y":36.118633,
            "X":128.140607,
            "rank":68.0,
            "area_info":"14평(47.71), 17평(57.21), 18평(60.21), 18평(61.49), 19평(63.83), 19평(64.14), 19평(65.86)",
            "last_sales":"1800-01-01,nan,14평(47.71)",
            "rank_history":[
                [
                    "202203",
                    68
                ],
                [
                    "202202",
                    9999
                ]
            ],
            "rank_gap":9999
        },
        {
            "index":97,
            "아파트명":"미주",
            "투자타입":"재건축",
            "전용면적(m2)":"66.38",
            "전용면적(평)":"20평",
            "법정동주소":"경상북도 김천시 부곡동 981",
            "도로명주소":"경상북도 김천시 고래실길 40-7",
            "세대수":0,
            "입주년차":"--",
            "용적률점수":0,
            "건폐율점수":0,
            "세대당주차수":"--",
            "난방방식":"--",
            "공급면적":50,
            "전용률":100,
            "욕실수":"--",
            "현관타입":"--",
            "주거총점":7.5,
            "지역구공급총점":0.0,
            "역세권":"NA",
            "30분내 이동가능 거점":"NA",
            "1시간내 이동가능 거점":"NA",
            "교통총점":"NA",
            "백화점":0,
            "아울렛몰":0,
            "대형마트":0,
            "은행":0,
            "병원":10,
            "종합병원":100,
            "공원":100,
            "혐오시설":0,
            "인프라총점":24.0,
            "초등학군":89.99,
            "중학군":45.76,
            "학군총점":54.606,
            "인구수":14.14,
            "인구증감":2.21,
            "인구총점":10.561,
            "일자리":9.88,
            "소득수준":70.22,
            "일자리총점":27.982,
            "가치 총점":25.8765,
            "매매실거래년":20220114.0,
            "매매실거래가":3000.0,
            "전세실거래년":20171006.0,
            "전세실거래가":2500.0,
            "전세가율":83.33,
            "장기전세가율평균":77.29,
            "전세가율거품지수":-6.04,
            "검색코드":122855,
            "세대수":178.0,
            "준공년월":"1989-04-29",
            "준공년차":34.0,
            "가까운역이름":"NA",
            "가까운역거리":"NA",
            "역세권여부":"NA",
            "30분이내주요거점역":"NA",
            "30분거점역이름":"NA",
            "1시간이내주요거점역":"NA",
            "1시간거점역이름":"NA",
            "3km이내백화점수":0,
            "5km이내아울렛몰수":0,
            "1km이내대형먀트수":0,
            "500m이내은행수":0,
            "500m이내병원수":4,
            "5km이내대형병원수":2,
            "500m이내공원수":2,
            "3km이내혐오시설수":0,
            "초등학교학업성취도":89.99,
            "중학교학업성취도":73.8,
            "용적률":0,
            "건폐율":0,
            "Y":36.123054,
            "X":128.084701,
            "rank":69.0,
            "area_info":"20평(66.38), 22평(73.77), 27평(89.68)",
            "last_sales":"2022-01-14,3000.0,20평(66.38)",
            "rank_history":[
                [
                    "202203",
                    69
                ],
                [
                    "202202",
                    56
                ],
                [
                    "202201",
                    53
                ]
            ],
            "rank_gap":-13
        },
        {
            "index":112,
            "아파트명":"전원",
            "투자타입":"재건축",
            "전용면적(m2)":"61.23",
            "전용면적(평)":"18평",
            "법정동주소":"경상북도 김천시 부곡동 257",
            "도로명주소":"경상북도 김천시",
            "세대수":0,
            "입주년차":"--",
            "용적률점수":0,
            "건폐율점수":0,
            "세대당주차수":"--",
            "난방방식":"--",
            "공급면적":50,
            "전용률":80,
            "욕실수":"--",
            "현관타입":"--",
            "주거총점":6.5,
            "지역구공급총점":0.0,
            "역세권":"NA",
            "30분내 이동가능 거점":"NA",
            "1시간내 이동가능 거점":"NA",
            "교통총점":"NA",
            "백화점":0,
            "아울렛몰":0,
            "대형마트":0,
            "은행":0,
            "병원":30,
            "종합병원":100,
            "공원":0,
            "혐오시설":0,
            "인프라총점":23.0,
            "초등학군":90.0,
            "중학군":49.5,
            "학군총점":57.6,
            "인구수":14.14,
            "인구증감":2.21,
            "인구총점":10.561,
            "일자리":9.88,
            "소득수준":70.22,
            "일자리총점":27.982,
            "가치 총점":25.875,
            "매매실거래년":20220119.0,
            "매매실거래가":1850.0,
            "전세실거래년":20210607.0,
            "전세실거래가":2000.0,
            "전세가율":65.57,
            "장기전세가율평균":77.29,
            "전세가율거품지수":11.72,
            "검색코드":106480,
            "세대수":149.0,
            "준공년월":"1992-03-17",
            "준공년차":31.0,
            "가까운역이름":"NA",
            "가까운역거리":"NA",
            "역세권여부":"NA",
            "30분이내주요거점역":"NA",
            "30분거점역이름":"NA",
            "1시간이내주요거점역":"NA",
            "1시간거점역이름":"NA",
            "3km이내백화점수":0,
            "5km이내아울렛몰수":0,
            "1km이내대형먀트수":0,
            "500m이내은행수":0,
            "500m이내병원수":5,
            "5km이내대형병원수":2,
            "500m이내공원수":0,
            "3km이내혐오시설수":0,
            "초등학교학업성취도":90.0,
            "중학교학업성취도":82.5,
            "용적률":0,
            "건폐율":0,
            "Y":36.12126,
            "X":128.102799,
            "rank":70.0,
            "area_info":"18평(61.23), 20평(66.67), 22평(75.5), 27평(91.67)",
            "last_sales":"2022-01-19,1850.0,20평(66.67)",
            "rank_history":[
                [
                    "202203",
                    70
                ],
                [
                    "202202",
                    54
                ],
                [
                    "202201",
                    55
                ]
            ],
            "rank_gap":-16
        },
        {
            "index":317,
            "아파트명":"한신",
            "투자타입":"재건축",
            "전용면적(m2)":"88.04",
            "전용면적(평)":"26평",
            "법정동주소":"경상북도 김천시 황금동 27-4",
            "도로명주소":"경상북도 김천시 김천로 248",
            "세대수":0,
            "입주년차":"--",
            "용적률점수":0,
            "건폐율점수":0,
            "세대당주차수":"--",
            "난방방식":"--",
            "공급면적":70,
            "전용률":80,
            "욕실수":"--",
            "현관타입":"--",
            "주거총점":7.5,
            "지역구공급총점":0.0,
            "역세권":"NA",
            "30분내 이동가능 거점":"NA",
            "1시간내 이동가능 거점":"NA",
            "교통총점":"NA",
            "백화점":0,
            "아울렛몰":0,
            "대형마트":0,
            "은행":0,
            "병원":60,
            "종합병원":100,
            "공원":0,
            "혐오시설":0,
            "인프라총점":26.0,
            "초등학군":90.0,
            "중학군":41.4,
            "학군총점":51.12,
            "인구수":14.14,
            "인구증감":2.21,
            "인구총점":10.561,
            "일자리":9.88,
            "소득수준":70.22,
            "일자리총점":27.982,
            "가치 총점":25.805,
            "매매실거래년":20211129.0,
            "매매실거래가":14000.0,
            "전세실거래년":20151028.0,
            "전세실거래가":7000.0,
            "전세가율":66.67,
            "장기전세가율평균":77.29,
            "전세가율거품지수":10.62,
            "검색코드":4309,
            "세대수":274.0,
            "준공년월":"1990-12-27",
            "준공년차":33.0,
            "가까운역이름":"NA",
            "가까운역거리":"NA",
            "역세권여부":"NA",
            "30분이내주요거점역":"NA",
            "30분거점역이름":"NA",
            "1시간이내주요거점역":"NA",
            "1시간거점역이름":"NA",
            "3km이내백화점수":0,
            "5km이내아울렛몰수":0,
            "1km이내대형먀트수":0,
            "500m이내은행수":1,
            "500m이내병원수":26,
            "5km이내대형병원수":2,
            "500m이내공원수":0,
            "3km이내혐오시설수":0,
            "초등학교학업성취도":90.0,
            "중학교학업성취도":69.0,
            "용적률":0,
            "건폐율":0,
            "Y":36.116334,
            "X":128.126353,
            "rank":71.0,
            "area_info":"26평(88.04), 31평(103.04), 42평(139.06)",
            "last_sales":"2021-11-29,14000.0,42평(139.06)",
            "rank_history":[
                [
                    "202203",
                    71
                ],
                [
                    "202202",
                    53
                ],
                [
                    "202201",
                    52
                ]
            ],
            "rank_gap":-18
        },
        {
            "index":24,
            "아파트명":"대홍맨션",
            "투자타입":"재건축",
            "전용면적(m2)":"82.23",
            "전용면적(평)":"24평",
            "법정동주소":"경상북도 김천시 대광동 1318-2",
            "도로명주소":"경상북도 김천시 환경로 200",
            "세대수":0,
            "입주년차":"--",
            "용적률점수":0,
            "건폐율점수":0,
            "세대당주차수":"--",
            "난방방식":"--",
            "공급면적":70,
            "전용률":80,
            "욕실수":"--",
            "현관타입":"--",
            "주거총점":7.5,
            "지역구공급총점":0.0,
            "역세권":"NA",
            "30분내 이동가능 거점":"NA",
            "1시간내 이동가능 거점":"NA",
            "교통총점":"NA",
            "백화점":0,
            "아울렛몰":0,
            "대형마트":0,
            "은행":0,
            "병원":0,
            "종합병원":100,
            "공원":0,
            "혐오시설":-100,
            "인프라총점":18.0,
            "초등학군":90.0,
            "중학군":55.98,
            "학군총점":62.784,
            "인구수":14.14,
            "인구증감":2.21,
            "인구총점":10.561,
            "일자리":9.88,
            "소득수준":70.22,
            "일자리총점":27.982,
            "가치 총점":25.521,
            "매매실거래년":20220118.0,
            "매매실거래가":7900.0,
            "전세실거래년":20200710.0,
            "전세실거래가":3000.0,
            "전세가율":66.67,
            "장기전세가율평균":77.29,
            "전세가율거품지수":10.62,
            "검색코드":15614,
            "세대수":196.0,
            "준공년월":"1992-07-04",
            "준공년차":31.0,
            "가까운역이름":"NA",
            "가까운역거리":"NA",
            "역세권여부":"NA",
            "30분이내주요거점역":"NA",
            "30분거점역이름":"NA",
            "1시간이내주요거점역":"NA",
            "1시간거점역이름":"NA",
            "3km이내백화점수":0,
            "5km이내아울렛몰수":0,
            "1km이내대형먀트수":0,
            "500m이내은행수":0,
            "500m이내병원수":0,
            "5km이내대형병원수":2,
            "500m이내공원수":0,
            "3km이내혐오시설수":2,
            "초등학교학업성취도":90.0,
            "중학교학업성취도":93.3,
            "용적률":275,
            "건폐율":56,
            "Y":36.135444,
            "X":128.147328,
            "rank":72.0,
            "area_info":"24평(82.23), 29평(96.59)",
            "last_sales":"2022-01-18,7900.0,29평(96.59)",
            "rank_history":[
                [
                    "202203",
                    72
                ],
                [
                    "202202",
                    55
                ],
                [
                    "202201",
                    54
                ]
            ],
            "rank_gap":-17
        },
        {
            "index":0,
            "아파트명":"대동",
            "투자타입":"재건축",
            "전용면적(m2)":"72.19",
            "전용면적(평)":"21평",
            "법정동주소":"경상북도 김천시 교동 566-23",
            "도로명주소":"경상북도 김천시 대학로 76",
            "세대수":0,
            "입주년차":"--",
            "용적률점수":0,
            "건폐율점수":0,
            "세대당주차수":"--",
            "난방방식":"--",
            "공급면적":50,
            "전용률":100,
            "욕실수":"--",
            "현관타입":"--",
            "주거총점":7.5,
            "지역구공급총점":0.0,
            "역세권":"NA",
            "30분내 이동가능 거점":"NA",
            "1시간내 이동가능 거점":"NA",
            "교통총점":"NA",
            "백화점":0,
            "아울렛몰":0,
            "대형마트":0,
            "은행":0,
            "병원":0,
            "종합병원":100,
            "공원":0,
            "혐오시설":0,
            "인프라총점":20.0,
            "초등학군":90.0,
            "중학군":45.74,
            "학군총점":54.592,
            "인구수":14.14,
            "인구증감":2.21,
            "인구총점":10.561,
            "일자리":9.88,
            "소득수준":70.22,
            "일자리총점":27.982,
            "가치 총점":24.273,
            "매매실거래년":20210330.0,
            "매매실거래가":4300.0,
            "전세실거래년":null,
            "전세실거래가":null,
            "전세가율":null,
            "장기전세가율평균":77.29,
            "전세가율거품지수":null,
            "검색코드":4276,
            "세대수":95.0,
            "준공년월":"1990-05-12",
            "준공년차":33.0,
            "가까운역이름":"NA",
            "가까운역거리":"NA",
            "역세권여부":"NA",
            "30분이내주요거점역":"NA",
            "30분거점역이름":"NA",
            "1시간이내주요거점역":"NA",
            "1시간거점역이름":"NA",
            "3km이내백화점수":0,
            "5km이내아울렛몰수":0,
            "1km이내대형먀트수":0,
            "500m이내은행수":0,
            "500m이내병원수":0,
            "5km이내대형병원수":2,
            "500m이내공원수":0,
            "3km이내혐오시설수":0,
            "초등학교학업성취도":90.0,
            "중학교학업성취도":75.5,
            "용적률":0,
            "건폐율":0,
            "Y":36.135163,
            "X":128.095973,
            "rank":73.0,
            "area_info":"21평(72.19), 23평(76.92), 24평(82.48), 24평(82.11), 25평(85.19), 25평(85.45), 26평(86.9)",
            "last_sales":"2021-03-30,4300.0,26평(86.9)",
            "rank_history":[
                [
                    "202203",
                    73
                ],
                [
                    "202202",
                    9999
                ]
            ],
            "rank_gap":9999
        },
        {
            "index":313,
            "아파트명":"동보수정맨션",
            "투자타입":"일반",
            "전용면적(m2)":"86.44",
            "전용면적(평)":"26평",
            "법정동주소":"경상북도 김천시 황금동 129-3",
            "도로명주소":"경상북도 김천시 양금로 196",
            "세대수":0,
            "입주년차":0,
            "용적률점수":"--",
            "건폐율점수":"--",
            "세대당주차수":0,
            "난방방식":30,
            "공급면적":"--",
            "전용률":"--",
            "욕실수":50,
            "현관타입":10,
            "주거총점":9.0,
            "지역구공급총점":0.0,
            "역세권":"NA",
            "30분내 이동가능 거점":"NA",
            "1시간내 이동가능 거점":"NA",
            "교통총점":"NA",
            "백화점":0,
            "아울렛몰":0,
            "대형마트":0,
            "은행":0,
            "병원":0,
            "종합병원":100,
            "공원":0,
            "혐오시설":0,
            "인프라총점":20.0,
            "초등학군":90.0,
            "중학군":41.4,
            "학군총점":51.12,
            "인구수":14.14,
            "인구증감":2.21,
            "인구총점":10.561,
            "일자리":9.88,
            "소득수준":70.22,
            "일자리총점":27.982,
            "가치 총점":23.93,
            "매매실거래년":20220124.0,
            "매매실거래가":6450.0,
            "전세실거래년":20190610.0,
            "전세실거래가":6000.0,
            "전세가율":93.02,
            "장기전세가율평균":77.29,
            "전세가율거품지수":-15.73,
            "검색코드":4307,
            "세대수":270.0,
            "준공년월":"1993-06-18",
            "준공년차":30.0,
            "가까운역이름":"NA",
            "가까운역거리":"NA",
            "역세권여부":"NA",
            "30분이내주요거점역":"NA",
            "30분거점역이름":"NA",
            "1시간이내주요거점역":"NA",
            "1시간거점역이름":"NA",
            "3km이내백화점수":0,
            "5km이내아울렛몰수":0,
            "1km이내대형먀트수":0,
            "500m이내은행수":0,
            "500m이내병원수":0,
            "5km이내대형병원수":2,
            "500m이내공원수":0,
            "3km이내혐오시설수":0,
            "초등학교학업성취도":90.0,
            "중학교학업성취도":69.0,
            "용적률":306,
            "건폐율":27,
            "Y":36.111398,
            "X":128.123679,
            "rank":74.0,
            "area_info":"26평(86.44), 31평(103.12), 36평(121.63), 44평(146.79)",
            "last_sales":"2022-01-24,6450.0,26평(86.44)",
            "rank_history":[
                [
                    "202203",
                    74
                ],
                [
                    "202202",
                    57
                ],
                [
                    "202201",
                    56
                ]
            ],
            "rank_gap":-17
        },
        {
            "index":18,
            "아파트명":"실라1차",
            "투자타입":"재건축",
            "전용면적(m2)":"77.65",
            "전용면적(평)":"23평",
            "법정동주소":"경상북도 김천시 다수동 123",
            "도로명주소":"경상북도 김천시 새동네길 14-19",
            "세대수":0,
            "입주년차":"--",
            "용적률점수":0,
            "건폐율점수":0,
            "세대당주차수":"--",
            "난방방식":"--",
            "공급면적":50,
            "전용률":60,
            "욕실수":"--",
            "현관타입":"--",
            "주거총점":5.5,
            "지역구공급총점":0.0,
            "역세권":"NA",
            "30분내 이동가능 거점":"NA",
            "1시간내 이동가능 거점":"NA",
            "교통총점":"NA",
            "백화점":0,
            "아울렛몰":0,
            "대형마트":0,
            "은행":0,
            "병원":0,
            "종합병원":100,
            "공원":0,
            "혐오시설":0,
            "인프라총점":20.0,
            "초등학군":89.99,
            "중학군":45.76,
            "학군총점":54.606,
            "인구수":14.14,
            "인구증감":2.21,
            "인구총점":10.561,
            "일자리":9.88,
            "소득수준":70.22,
            "일자리총점":27.982,
            "가치 총점":23.5765,
            "매매실거래년":20211230.0,
            "매매실거래가":4200.0,
            "전세실거래년":20170201.0,
            "전세실거래가":4000.0,
            "전세가율":95.24,
            "장기전세가율평균":77.29,
            "전세가율거품지수":-17.95,
            "검색코드":15610,
            "세대수":156.0,
            "준공년월":"1991-03-08",
            "준공년차":32.0,
            "가까운역이름":"NA",
            "가까운역거리":"NA",
            "역세권여부":"NA",
            "30분이내주요거점역":"NA",
            "30분거점역이름":"NA",
            "1시간이내주요거점역":"NA",
            "1시간거점역이름":"NA",
            "3km이내백화점수":0,
            "5km이내아울렛몰수":0,
            "1km이내대형먀트수":0,
            "500m이내은행수":0,
            "500m이내병원수":0,
            "5km이내대형병원수":2,
            "500m이내공원수":0,
            "3km이내혐오시설수":0,
            "초등학교학업성취도":89.99,
            "중학교학업성취도":73.8,
            "용적률":0,
            "건폐율":0,
            "Y":36.126787,
            "X":128.075254,
            "rank":75.0,
            "area_info":"23평(77.65)",
            "last_sales":"2021-12-30,4200.0,23평(77.65)",
            "rank_history":[
                [
                    "202203",
                    75
                ],
                [
                    "202202",
                    58
                ],
                [
                    "202201",
                    57
                ]
            ],
            "rank_gap":-17
        },
        {
            "index":279,
            "아파트명":"동양강변",
            "투자타입":"재건축",
            "전용면적(m2)":"64.39",
            "전용면적(평)":"19평",
            "법정동주소":"경상북도 김천시 지좌동 759-2",
            "도로명주소":"경상북도 김천시 금감로 2137",
            "세대수":0,
            "입주년차":"--",
            "용적률점수":0,
            "건폐율점수":0,
            "세대당주차수":"--",
            "난방방식":"--",
            "공급면적":50,
            "전용률":80,
            "욕실수":"--",
            "현관타입":"--",
            "주거총점":6.5,
            "지역구공급총점":0.0,
            "역세권":"NA",
            "30분내 이동가능 거점":"NA",
            "1시간내 이동가능 거점":"NA",
            "교통총점":"NA",
            "백화점":0,
            "아울렛몰":0,
            "대형마트":0,
            "은행":0,
            "병원":0,
            "종합병원":100,
            "공원":0,
            "혐오시설":0,
            "인프라총점":20.0,
            "초등학군":90.0,
            "중학군":42.42,
            "학군총점":51.936,
            "인구수":14.14,
            "인구증감":2.21,
            "인구총점":10.561,
            "일자리":9.88,
            "소득수준":70.22,
            "일자리총점":27.982,
            "가치 총점":23.259,
            "매매실거래년":20211109.0,
            "매매실거래가":2000.0,
            "전세실거래년":20181218.0,
            "전세실거래가":2500.0,
            "전세가율":125.0,
            "장기전세가율평균":77.29,
            "전세가율거품지수":-47.71,
            "검색코드":119747,
            "세대수":70.0,
            "준공년월":"1991-10-29",
            "준공년차":32.0,
            "가까운역이름":"NA",
            "가까운역거리":"NA",
            "역세권여부":"NA",
            "30분이내주요거점역":"NA",
            "30분거점역이름":"NA",
            "1시간이내주요거점역":"NA",
            "1시간거점역이름":"NA",
            "3km이내백화점수":0,
            "5km이내아울렛몰수":0,
            "1km이내대형먀트수":0,
            "500m이내은행수":0,
            "500m이내병원수":0,
            "5km이내대형병원수":2,
            "500m이내공원수":0,
            "3km이내혐오시설수":0,
            "초등학교학업성취도":90.0,
            "중학교학업성취도":70.7,
            "용적률":0,
            "건폐율":0,
            "Y":36.115654,
            "X":128.13359,
            "rank":76.0,
            "area_info":"19평(64.39), 21평(72.64), 25평(83.67)",
            "last_sales":"2021-11-09,2000.0,19평(64.39)",
            "rank_history":[
                [
                    "202203",
                    76
                ],
                [
                    "202202",
                    9999
                ]
            ],
            "rank_gap":9999
        },
        {
            "index":205,
            "아파트명":"홍익전원빌라트2차",
            "투자타입":"일반",
            "전용면적(m2)":"66.66",
            "전용면적(평)":"20평",
            "법정동주소":"경상북도 김천시 어모면 중왕리 791",
            "도로명주소":"경상북도 김천시 어모문화3길 47",
            "세대수":0,
            "입주년차":0,
            "용적률점수":"--",
            "건폐율점수":"--",
            "세대당주차수":0,
            "난방방식":30,
            "공급면적":"--",
            "전용률":"--",
            "욕실수":50,
            "현관타입":100,
            "주거총점":18.0,
            "지역구공급총점":0.0,
            "역세권":"NA",
            "30분내 이동가능 거점":"NA",
            "1시간내 이동가능 거점":"NA",
            "교통총점":"NA",
            "백화점":0,
            "아울렛몰":0,
            "대형마트":80,
            "은행":0,
            "병원":0,
            "종합병원":0,
            "공원":0,
            "혐오시설":0,
            "인프라총점":12.0,
            "초등학군":89.98,
            "중학군":33.84,
            "학군총점":45.068,
            "인구수":14.14,
            "인구증감":2.21,
            "인구총점":10.561,
            "일자리":9.88,
            "소득수준":70.22,
            "일자리총점":27.982,
            "가치 총점":22.367,
            "매매실거래년":"18000101",
            "매매실거래가":null,
            "전세실거래년":null,
            "전세실거래가":null,
            "전세가율":null,
            "장기전세가율평균":77.29,
            "전세가율거품지수":null,
            "검색코드":141907,
            "세대수":51.0,
            "준공년월":"1997-10-28",
            "준공년차":26.0,
            "가까운역이름":"NA",
            "가까운역거리":"NA",
            "역세권여부":"NA",
            "30분이내주요거점역":"NA",
            "30분거점역이름":"NA",
            "1시간이내주요거점역":"NA",
            "1시간거점역이름":"NA",
            "3km이내백화점수":0,
            "5km이내아울렛몰수":0,
            "1km이내대형먀트수":1,
            "500m이내은행수":0,
            "500m이내병원수":0,
            "5km이내대형병원수":0,
            "500m이내공원수":0,
            "3km이내혐오시설수":0,
            "초등학교학업성취도":89.98,
            "중학교학업성취도":56.4,
            "용적률":80,
            "건폐율":34,
            "Y":36.180688,
            "X":128.114143,
            "rank":77.0,
            "area_info":"20평(66.66), 27평(91.45), 32평(108.96)",
            "last_sales":"1800-01-01,nan,20평(66.66)",
            "rank_history":[
                [
                    "202203",
                    77
                ],
                [
                    "202202",
                    9999
                ]
            ],
            "rank_gap":9999
        }
    ]
}