{
    "schema":{
        "fields":[
            {
                "name":"index",
                "type":"integer"
            },
            {
                "name":"아파트명",
                "type":"string"
            },
            {
                "name":"투자타입",
                "type":"string"
            },
            {
                "name":"전용면적(m2)",
                "type":"string"
            },
            {
                "name":"전용면적(평)",
                "type":"string"
            },
            {
                "name":"법정동주소",
                "type":"string"
            },
            {
                "name":"도로명주소",
                "type":"string"
            },
            {
                "name":"세대수",
                "type":"integer"
            },
            {
                "name":"입주년차",
                "type":"string"
            },
            {
                "name":"용적률점수",
                "type":"string"
            },
            {
                "name":"건폐율점수",
                "type":"string"
            },
            {
                "name":"세대당주차수",
                "type":"string"
            },
            {
                "name":"난방방식",
                "type":"string"
            },
            {
                "name":"공급면적",
                "type":"string"
            },
            {
                "name":"전용률",
                "type":"string"
            },
            {
                "name":"욕실수",
                "type":"string"
            },
            {
                "name":"현관타입",
                "type":"string"
            },
            {
                "name":"주거총점",
                "type":"number"
            },
            {
                "name":"지역구공급총점",
                "type":"number"
            },
            {
                "name":"역세권",
                "type":"string"
            },
            {
                "name":"30분내 이동가능 거점",
                "type":"string"
            },
            {
                "name":"1시간내 이동가능 거점",
                "type":"string"
            },
            {
                "name":"교통총점",
                "type":"string"
            },
            {
                "name":"백화점",
                "type":"integer"
            },
            {
                "name":"아울렛몰",
                "type":"integer"
            },
            {
                "name":"대형마트",
                "type":"integer"
            },
            {
                "name":"은행",
                "type":"integer"
            },
            {
                "name":"병원",
                "type":"integer"
            },
            {
                "name":"종합병원",
                "type":"integer"
            },
            {
                "name":"공원",
                "type":"integer"
            },
            {
                "name":"혐오시설",
                "type":"integer"
            },
            {
                "name":"인프라총점",
                "type":"number"
            },
            {
                "name":"초등학군",
                "type":"number"
            },
            {
                "name":"중학군",
                "type":"number"
            },
            {
                "name":"학군총점",
                "type":"number"
            },
            {
                "name":"인구수",
                "type":"number"
            },
            {
                "name":"인구증감",
                "type":"number"
            },
            {
                "name":"인구총점",
                "type":"number"
            },
            {
                "name":"일자리",
                "type":"number"
            },
            {
                "name":"소득수준",
                "type":"number"
            },
            {
                "name":"일자리총점",
                "type":"number"
            },
            {
                "name":"가치 총점",
                "type":"number"
            },
            {
                "name":"매매실거래년",
                "type":"string"
            },
            {
                "name":"매매실거래가",
                "type":"number"
            },
            {
                "name":"전세실거래년",
                "type":"number"
            },
            {
                "name":"전세실거래가",
                "type":"number"
            },
            {
                "name":"전세가율",
                "type":"number"
            },
            {
                "name":"장기전세가율평균",
                "type":"number"
            },
            {
                "name":"전세가율거품지수",
                "type":"number"
            },
            {
                "name":"검색코드",
                "type":"integer"
            },
            {
                "name":"세대수",
                "type":"number"
            },
            {
                "name":"준공년월",
                "type":"string"
            },
            {
                "name":"준공년차",
                "type":"number"
            },
            {
                "name":"가까운역이름",
                "type":"string"
            },
            {
                "name":"가까운역거리",
                "type":"string"
            },
            {
                "name":"역세권여부",
                "type":"string"
            },
            {
                "name":"30분이내주요거점역",
                "type":"string"
            },
            {
                "name":"30분거점역이름",
                "type":"string"
            },
            {
                "name":"1시간이내주요거점역",
                "type":"string"
            },
            {
                "name":"1시간거점역이름",
                "type":"string"
            },
            {
                "name":"3km이내백화점수",
                "type":"integer"
            },
            {
                "name":"5km이내아울렛몰수",
                "type":"integer"
            },
            {
                "name":"1km이내대형먀트수",
                "type":"integer"
            },
            {
                "name":"500m이내은행수",
                "type":"integer"
            },
            {
                "name":"500m이내병원수",
                "type":"integer"
            },
            {
                "name":"5km이내대형병원수",
                "type":"integer"
            },
            {
                "name":"500m이내공원수",
                "type":"integer"
            },
            {
                "name":"3km이내혐오시설수",
                "type":"integer"
            },
            {
                "name":"초등학교학업성취도",
                "type":"number"
            },
            {
                "name":"중학교학업성취도",
                "type":"number"
            },
            {
                "name":"용적률",
                "type":"integer"
            },
            {
                "name":"건폐율",
                "type":"integer"
            },
            {
                "name":"Y",
                "type":"number"
            },
            {
                "name":"X",
                "type":"number"
            },
            {
                "name":"rank",
                "type":"number"
            },
            {
                "name":"area_info",
                "type":"string"
            },
            {
                "name":"last_sales",
                "type":"string"
            },
            {
                "name":"rank_history",
                "type":"string"
            },
            {
                "name":"rank_gap",
                "type":"integer"
            }
        ],
        "primaryKey":[
            "index"
        ],
        "pandas_version":"1.4.0"
    },
    "data":[
        {
            "index":346,
            "아파트명":"중산하늘채더퍼스트",
            "투자타입":"일반",
            "전용면적(m2)":"103.87",
            "전용면적(평)":"31평",
            "법정동주소":"경상북도 경산시 중산동 693",
            "도로명주소":"경상북도 경산시 경산로 280",
            "세대수":90,
            "입주년차":100,
            "용적률점수":"--",
            "건폐율점수":"--",
            "세대당주차수":60,
            "난방방식":30,
            "공급면적":"--",
            "전용률":"--",
            "욕실수":100,
            "현관타입":100,
            "주거총점":83.5,
            "지역구공급총점":0.0,
            "역세권":"NA",
            "30분내 이동가능 거점":"NA",
            "1시간내 이동가능 거점":"NA",
            "교통총점":"NA",
            "백화점":0,
            "아울렛몰":80,
            "대형마트":80,
            "은행":20,
            "병원":80,
            "종합병원":100,
            "공원":80,
            "혐오시설":0,
            "인프라총점":52.4,
            "초등학군":89.98,
            "중학군":44.08,
            "학군총점":53.26,
            "인구수":28.79,
            "인구증감":13.06,
            "인구총점":24.071,
            "일자리":18.39,
            "소득수준":56.95,
            "일자리총점":29.958,
            "가치 총점":63.5,
            "매매실거래년":20211001.0,
            "매매실거래가":52000.0,
            "전세실거래년":20220218.0,
            "전세실거래가":40000.0,
            "전세가율":90.91,
            "장기전세가율평균":73.59,
            "전세가율거품지수":-17.32,
            "검색코드":125219,
            "세대수":1184.0,
            "준공년월":"2021-03-29",
            "준공년차":2.0,
            "가까운역이름":"NA",
            "가까운역거리":"NA",
            "역세권여부":"NA",
            "30분이내주요거점역":"NA",
            "30분거점역이름":"NA",
            "1시간이내주요거점역":"NA",
            "1시간거점역이름":"NA",
            "3km이내백화점수":0,
            "5km이내아울렛몰수":1,
            "1km이내대형먀트수":1,
            "500m이내은행수":2,
            "500m이내병원수":30,
            "5km이내대형병원수":2,
            "500m이내공원수":1,
            "3km이내혐오시설수":0,
            "초등학교학업성취도":89.98,
            "중학교학업성취도":73.2,
            "용적률":248,
            "건폐율":15,
            "Y":35.834566,
            "X":128.724235,
            "rank":1.0,
            "area_info":"31평(103.87), 31평(104.43), 32평(107.53), 41평(137.61)",
            "last_sales":"2021-10-01,52000.0,41평(137.61)",
            "rank_history":[
                [
                    "202203",
                    1
                ],
                [
                    "202202",
                    1
                ],
                [
                    "202201",
                    1
                ]
            ],
            "rank_gap":0
        },
        {
            "index":4,
            "아파트명":"계양주공",
            "투자타입":"재건축",
            "전용면적(m2)":"29.58",
            "전용면적(평)":"8평",
            "법정동주소":"경상북도 경산시 계양동 669",
            "도로명주소":"경상북도 경산시 원효로32길 20",
            "세대수":90,
            "입주년차":"--",
            "용적률점수":100,
            "건폐율점수":100,
            "세대당주차수":"--",
            "난방방식":"--",
            "공급면적":50,
            "전용률":80,
            "욕실수":"--",
            "현관타입":"--",
            "주거총점":93.5,
            "지역구공급총점":0.0,
            "역세권":"NA",
            "30분내 이동가능 거점":"NA",
            "1시간내 이동가능 거점":"NA",
            "교통총점":"NA",
            "백화점":0,
            "아울렛몰":0,
            "대형마트":0,
            "은행":0,
            "병원":60,
            "종합병원":100,
            "공원":100,
            "혐오시설":0,
            "인프라총점":29.0,
            "초등학군":89.99,
            "중학군":42.18,
            "학군총점":51.742,
            "인구수":28.79,
            "인구증감":13.06,
            "인구총점":24.071,
            "일자리":18.39,
            "소득수준":56.95,
            "일자리총점":29.958,
            "가치 총점":57.2605,
            "매매실거래년":20220111.0,
            "매매실거래가":15500.0,
            "전세실거래년":20150828.0,
            "전세실거래가":3200.0,
            "전세가율":37.65,
            "장기전세가율평균":73.59,
            "전세가율거품지수":35.94,
            "검색코드":4021,
            "세대수":1090.0,
            "준공년월":"1985-11-12",
            "준공년차":38.0,
            "가까운역이름":"NA",
            "가까운역거리":"NA",
            "역세권여부":"NA",
            "30분이내주요거점역":"NA",
            "30분거점역이름":"NA",
            "1시간이내주요거점역":"NA",
            "1시간거점역이름":"NA",
            "3km이내백화점수":0,
            "5km이내아울렛몰수":0,
            "1km이내대형먀트수":0,
            "500m이내은행수":0,
            "500m이내병원수":10,
            "5km이내대형병원수":2,
            "500m이내공원수":8,
            "3km이내혐오시설수":0,
            "초등학교학업성취도":89.99,
            "중학교학업성취도":69.7,
            "용적률":87,
            "건폐율":17,
            "Y":35.819397,
            "X":128.752296,
            "rank":2.0,
            "area_info":"8평(29.58), 11평(37.38), 11평(38.16), 13평(45.12), 14평(46.63), 15평(52.5), 15평(52.14), 15평(52.86), 15평(52.53)",
            "last_sales":"2022-01-11,15500.0,15평(52.14)",
            "rank_history":[
                [
                    "202203",
                    2
                ],
                [
                    "202202",
                    3
                ],
                [
                    "202201",
                    4
                ]
            ],
            "rank_gap":1
        },
        {
            "index":350,
            "아파트명":"펜타힐즈더샵1차",
            "투자타입":"일반",
            "전용면적(m2)":"86.39",
            "전용면적(평)":"26평",
            "법정동주소":"경상북도 경산시 중산동 643",
            "도로명주소":"경상북도 경산시 펜타힐즈2로 60",
            "세대수":100,
            "입주년차":80,
            "용적률점수":"--",
            "건폐율점수":"--",
            "세대당주차수":30,
            "난방방식":30,
            "공급면적":"--",
            "전용률":"--",
            "욕실수":100,
            "현관타입":100,
            "주거총점":78.5,
            "지역구공급총점":0.0,
            "역세권":"NA",
            "30분내 이동가능 거점":"NA",
            "1시간내 이동가능 거점":"NA",
            "교통총점":"NA",
            "백화점":0,
            "아울렛몰":0,
            "대형마트":80,
            "은행":0,
            "병원":60,
            "종합병원":100,
            "공원":100,
            "혐오시설":0,
            "인프라총점":41.0,
            "초등학군":90.04,
            "중학군":44.08,
            "학군총점":53.272,
            "인구수":28.79,
            "인구증감":13.06,
            "인구총점":24.071,
            "일자리":18.39,
            "소득수준":56.95,
            "일자리총점":29.958,
            "가치 총점":57.193,
            "매매실거래년":20220125.0,
            "매매실거래가":53800.0,
            "전세실거래년":20211115.0,
            "전세실거래가":12000.0,
            "전세가율":28.24,
            "장기전세가율평균":73.59,
            "전세가율거품지수":45.35,
            "검색코드":108994,
            "세대수":1696.0,
            "준공년월":"2017-08-14",
            "준공년차":6.0,
            "가까운역이름":"NA",
            "가까운역거리":"NA",
            "역세권여부":"NA",
            "30분이내주요거점역":"NA",
            "30분거점역이름":"NA",
            "1시간이내주요거점역":"NA",
            "1시간거점역이름":"NA",
            "3km이내백화점수":0,
            "5km이내아울렛몰수":0,
            "1km이내대형먀트수":1,
            "500m이내은행수":1,
            "500m이내병원수":16,
            "5km이내대형병원수":2,
            "500m이내공원수":9,
            "3km이내혐오시설수":0,
            "초등학교학업성취도":90.04,
            "중학교학업성취도":73.2,
            "용적률":273,
            "건폐율":13,
            "Y":35.829121,
            "X":128.721436,
            "rank":3.0,
            "area_info":"26평(86.39), 29평(99.14), 34평(114.1), 34평(114.85), 45평(150.6)",
            "last_sales":"2022-01-25,53800.0,34평(114.1)",
            "rank_history":[
                [
                    "202203",
                    3
                ],
                [
                    "202202",
                    2
                ],
                [
                    "202201",
                    2
                ]
            ],
            "rank_gap":-1
        },
        {
            "index":266,
            "아파트명":"정평역하늘채리버파크",
            "투자타입":"일반",
            "전용면적(m2)":"98.53",
            "전용면적(평)":"29평",
            "법정동주소":"경상북도 경산시 정평동 276",
            "도로명주소":"경상북도 경산시 정평길 30",
            "세대수":90,
            "입주년차":100,
            "용적률점수":"--",
            "건폐율점수":"--",
            "세대당주차수":30,
            "난방방식":30,
            "공급면적":"--",
            "전용률":"--",
            "욕실수":100,
            "현관타입":100,
            "주거총점":79.0,
            "지역구공급총점":0.0,
            "역세권":"NA",
            "30분내 이동가능 거점":"NA",
            "1시간내 이동가능 거점":"NA",
            "교통총점":"NA",
            "백화점":0,
            "아울렛몰":80,
            "대형마트":80,
            "은행":0,
            "병원":0,
            "종합병원":100,
            "공원":0,
            "혐오시설":0,
            "인프라총점":40.0,
            "초등학군":89.98,
            "중학군":44.08,
            "학군총점":53.26,
            "인구수":28.79,
            "인구증감":13.06,
            "인구총점":24.071,
            "일자리":18.39,
            "소득수준":56.95,
            "일자리총점":29.958,
            "가치 총점":56.965,
            "매매실거래년":20210108.0,
            "매매실거래가":49760.0,
            "전세실거래년":null,
            "전세실거래가":null,
            "전세가율":null,
            "장기전세가율평균":73.59,
            "전세가율거품지수":null,
            "검색코드":121280,
            "세대수":904.0,
            "준공년월":"2020-11-03",
            "준공년차":3.0,
            "가까운역이름":"NA",
            "가까운역거리":"NA",
            "역세권여부":"NA",
            "30분이내주요거점역":"NA",
            "30분거점역이름":"NA",
            "1시간이내주요거점역":"NA",
            "1시간거점역이름":"NA",
            "3km이내백화점수":0,
            "5km이내아울렛몰수":1,
            "1km이내대형먀트수":1,
            "500m이내은행수":0,
            "500m이내병원수":0,
            "5km이내대형병원수":2,
            "500m이내공원수":0,
            "3km이내혐오시설수":0,
            "초등학교학업성취도":89.98,
            "중학교학업성취도":73.2,
            "용적률":278,
            "건폐율":17,
            "Y":35.840281,
            "X":128.725357,
            "rank":4.0,
            "area_info":"29평(98.53), 29평(98.64), 33평(110.97), 33평(111.29), 33평(111.24), 33평(111.58)",
            "last_sales":"2021-01-08,49760.0,33평(111.29)",
            "rank_history":[
                [
                    "202203",
                    4
                ],
                [
                    "202202",
                    4
                ],
                [
                    "202201",
                    3
                ]
            ],
            "rank_gap":0
        },
        {
            "index":355,
            "아파트명":"펜타힐즈더샵2차",
            "투자타입":"일반",
            "전용면적(m2)":"105.0",
            "전용면적(평)":"31평",
            "법정동주소":"경상북도 경산시 중산동 655",
            "도로명주소":"경상북도 경산시 펜타힐즈2로 40",
            "세대수":80,
            "입주년차":80,
            "용적률점수":"--",
            "건폐율점수":"--",
            "세대당주차수":30,
            "난방방식":30,
            "공급면적":"--",
            "전용률":"--",
            "욕실수":100,
            "현관타입":100,
            "주거총점":71.5,
            "지역구공급총점":0.0,
            "역세권":"NA",
            "30분내 이동가능 거점":"NA",
            "1시간내 이동가능 거점":"NA",
            "교통총점":"NA",
            "백화점":0,
            "아울렛몰":0,
            "대형마트":80,
            "은행":20,
            "병원":60,
            "종합병원":100,
            "공원":100,
            "혐오시설":0,
            "인프라총점":43.0,
            "초등학군":90.04,
            "중학군":44.08,
            "학군총점":53.272,
            "인구수":28.79,
            "인구증감":13.06,
            "인구총점":24.071,
            "일자리":18.39,
            "소득수준":56.95,
            "일자리총점":29.958,
            "가치 총점":55.543,
            "매매실거래년":20220128.0,
            "매매실거래가":51000.0,
            "전세실거래년":20220109.0,
            "전세실거래가":31500.0,
            "전세가율":61.76,
            "장기전세가율평균":73.59,
            "전세가율거품지수":11.83,
            "검색코드":111164,
            "세대수":791.0,
            "준공년월":"2018-07-24",
            "준공년차":5.0,
            "가까운역이름":"NA",
            "가까운역거리":"NA",
            "역세권여부":"NA",
            "30분이내주요거점역":"NA",
            "30분거점역이름":"NA",
            "1시간이내주요거점역":"NA",
            "1시간거점역이름":"NA",
            "3km이내백화점수":0,
            "5km이내아울렛몰수":0,
            "1km이내대형먀트수":1,
            "500m이내은행수":2,
            "500m이내병원수":24,
            "5km이내대형병원수":2,
            "500m이내공원수":7,
            "3km이내혐오시설수":0,
            "초등학교학업성취도":90.04,
            "중학교학업성취도":73.2,
            "용적률":279,
            "건폐율":14,
            "Y":35.826882,
            "X":128.720576,
            "rank":5.0,
            "area_info":"31평(105.0), 34평(113.72), 34평(114.66), 43평(145.41)",
            "last_sales":"2022-01-28,51000.0,31평(105.0)",
            "rank_history":[
                [
                    "202203",
                    5
                ],
                [
                    "202202",
                    5
                ],
                [
                    "202201",
                    5
                ]
            ],
            "rank_gap":0
        },
        {
            "index":359,
            "아파트명":"펜타힐즈서한이다음",
            "투자타입":"일반",
            "전용면적(m2)":"83.55",
            "전용면적(평)":"25평",
            "법정동주소":"경상북도 경산시 중산동 624",
            "도로명주소":"경상북도 경산시 옥산로 217",
            "세대수":80,
            "입주년차":80,
            "용적률점수":"--",
            "건폐율점수":"--",
            "세대당주차수":30,
            "난방방식":30,
            "공급면적":"--",
            "전용률":"--",
            "욕실수":100,
            "현관타입":100,
            "주거총점":71.5,
            "지역구공급총점":0.0,
            "역세권":"NA",
            "30분내 이동가능 거점":"NA",
            "1시간내 이동가능 거점":"NA",
            "교통총점":"NA",
            "백화점":0,
            "아울렛몰":80,
            "대형마트":80,
            "은행":20,
            "병원":0,
            "종합병원":100,
            "공원":0,
            "혐오시설":0,
            "인프라총점":42.0,
            "초등학군":90.04,
            "중학군":44.08,
            "학군총점":53.272,
            "인구수":28.79,
            "인구증감":13.06,
            "인구총점":24.071,
            "일자리":18.39,
            "소득수준":56.95,
            "일자리총점":29.958,
            "가치 총점":55.143,
            "매매실거래년":20211218.0,
            "매매실거래가":49900.0,
            "전세실거래년":20220225.0,
            "전세실거래가":27000.0,
            "전세가율":71.05,
            "장기전세가율평균":73.59,
            "전세가율거품지수":2.54,
            "검색코드":104188,
            "세대수":784.0,
            "준공년월":"2014-11-27",
            "준공년차":9.0,
            "가까운역이름":"NA",
            "가까운역거리":"NA",
            "역세권여부":"NA",
            "30분이내주요거점역":"NA",
            "30분거점역이름":"NA",
            "1시간이내주요거점역":"NA",
            "1시간거점역이름":"NA",
            "3km이내백화점수":0,
            "5km이내아울렛몰수":1,
            "1km이내대형먀트수":1,
            "500m이내은행수":2,
            "500m이내병원수":1,
            "5km이내대형병원수":2,
            "500m이내공원수":0,
            "3km이내혐오시설수":0,
            "초등학교학업성취도":90.04,
            "중학교학업성취도":73.2,
            "용적률":298,
            "건폐율":15,
            "Y":35.83452,
            "X":128.718502,
            "rank":6.0,
            "area_info":"25평(83.55), 25평(83.04), 29평(98.87), 33평(111.88), 34평(112.84), 34평(113.92), 34평(113.95), 42평(141.9), 48평(160.38), 48평(160.02)",
            "last_sales":"2021-12-18,49900.0,34평(113.92)",
            "rank_history":[
                [
                    "202203",
                    6
                ],
                [
                    "202202",
                    6
                ],
                [
                    "202201",
                    6
                ]
            ],
            "rank_gap":0
        },
        {
            "index":190,
            "아파트명":"성암산신동아파밀리에",
            "투자타입":"일반",
            "전용면적(m2)":"129.35",
            "전용면적(평)":"39평",
            "법정동주소":"경상북도 경산시 옥곡동 85-1",
            "도로명주소":"경상북도 경산시 장산로4길 10",
            "세대수":90,
            "입주년차":60,
            "용적률점수":"--",
            "건폐율점수":"--",
            "세대당주차수":80,
            "난방방식":30,
            "공급면적":"--",
            "전용률":"--",
            "욕실수":100,
            "현관타입":100,
            "주거총점":78.5,
            "지역구공급총점":0.0,
            "역세권":"NA",
            "30분내 이동가능 거점":"NA",
            "1시간내 이동가능 거점":"NA",
            "교통총점":"NA",
            "백화점":0,
            "아울렛몰":0,
            "대형마트":0,
            "은행":0,
            "병원":30,
            "종합병원":100,
            "공원":100,
            "혐오시설":0,
            "인프라총점":26.0,
            "초등학군":90.01,
            "중학군":54.56,
            "학군총점":61.65,
            "인구수":28.79,
            "인구증감":13.06,
            "인구총점":24.071,
            "일자리":18.39,
            "소득수준":56.95,
            "일자리총점":29.958,
            "가치 총점":53.2875,
            "매매실거래년":20210820.0,
            "매매실거래가":58100.0,
            "전세실거래년":20210524.0,
            "전세실거래가":24000.0,
            "전세가율":68.97,
            "장기전세가율평균":73.59,
            "전세가율거품지수":4.62,
            "검색코드":25334,
            "세대수":900.0,
            "준공년월":"2009-01-02",
            "준공년차":14.0,
            "가까운역이름":"NA",
            "가까운역거리":"NA",
            "역세권여부":"NA",
            "30분이내주요거점역":"NA",
            "30분거점역이름":"NA",
            "1시간이내주요거점역":"NA",
            "1시간거점역이름":"NA",
            "3km이내백화점수":0,
            "5km이내아울렛몰수":0,
            "1km이내대형먀트수":0,
            "500m이내은행수":0,
            "500m이내병원수":5,
            "5km이내대형병원수":2,
            "500m이내공원수":4,
            "3km이내혐오시설수":0,
            "초등학교학업성취도":90.01,
            "중학교학업성취도":90.8,
            "용적률":229,
            "건폐율":21,
            "Y":35.813915,
            "X":128.727656,
            "rank":7.0,
            "area_info":"39평(129.35), 46평(153.07), 48평(161.26), 48평(161.68), 49평(163.3), 59평(196.74), 60평(198.97), 67평(221.93), 80평(266.74)",
            "last_sales":"2021-08-20,58100.0,67평(221.93)",
            "rank_history":[
                [
                    "202203",
                    7
                ],
                [
                    "202202",
                    7
                ],
                [
                    "202201",
                    8
                ]
            ],
            "rank_gap":0
        },
        {
            "index":369,
            "아파트명":"펜타힐즈푸르지오",
            "투자타입":"일반",
            "전용면적(m2)":"96.76",
            "전용면적(평)":"29평",
            "법정동주소":"경상북도 경산시 중산동 663",
            "도로명주소":"경상북도 경산시 펜타힐즈2로 20",
            "세대수":80,
            "입주년차":100,
            "용적률점수":"--",
            "건폐율점수":"--",
            "세대당주차수":60,
            "난방방식":30,
            "공급면적":"--",
            "전용률":"--",
            "욕실수":100,
            "현관타입":100,
            "주거총점":80.0,
            "지역구공급총점":0.0,
            "역세권":"NA",
            "30분내 이동가능 거점":"NA",
            "1시간내 이동가능 거점":"NA",
            "교통총점":"NA",
            "백화점":0,
            "아울렛몰":0,
            "대형마트":0,
            "은행":0,
            "병원":60,
            "종합병원":100,
            "공원":100,
            "혐오시설":0,
            "인프라총점":29.0,
            "초등학군":90.04,
            "중학군":44.08,
            "학군총점":53.272,
            "인구수":28.79,
            "인구증감":13.06,
            "인구총점":24.071,
            "일자리":18.39,
            "소득수준":56.95,
            "일자리총점":29.958,
            "가치 총점":52.918,
            "매매실거래년":20220205.0,
            "매매실거래가":53000.0,
            "전세실거래년":20220120.0,
            "전세실거래가":39000.0,
            "전세가율":82.11,
            "장기전세가율평균":73.59,
            "전세가율거품지수":-8.52,
            "검색코드":113658,
            "세대수":753.0,
            "준공년월":"2019-05-16",
            "준공년차":4.0,
            "가까운역이름":"NA",
            "가까운역거리":"NA",
            "역세권여부":"NA",
            "30분이내주요거점역":"NA",
            "30분거점역이름":"NA",
            "1시간이내주요거점역":"NA",
            "1시간거점역이름":"NA",
            "3km이내백화점수":0,
            "5km이내아울렛몰수":0,
            "1km이내대형먀트수":0,
            "500m이내은행수":1,
            "500m이내병원수":17,
            "5km이내대형병원수":2,
            "500m이내공원수":8,
            "3km이내혐오시설수":0,
            "초등학교학업성취도":90.04,
            "중학교학업성취도":73.2,
            "용적률":278,
            "건폐율":14,
            "Y":35.825815,
            "X":128.717795,
            "rank":8.0,
            "area_info":"29평(96.76), 29평(97.46), 32평(107.65), 32평(108.35), 33평(109.36), 40평(133.07)",
            "last_sales":"2022-02-05,53000.0,32평(108.35)",
            "rank_history":[
                [
                    "202203",
                    8
                ],
                [
                    "202202",
                    8
                ],
                [
                    "202201",
                    7
                ]
            ],
            "rank_gap":0
        },
        {
            "index":70,
            "아파트명":"경산사동팰리스부영2단지",
            "투자타입":"일반",
            "전용면적(m2)":"88.03",
            "전용면적(평)":"26평",
            "법정동주소":"경상북도 경산시 사동 297",
            "도로명주소":"경상북도 경산시 삼성현로91길 10",
            "세대수":90,
            "입주년차":100,
            "용적률점수":"--",
            "건폐율점수":"--",
            "세대당주차수":60,
            "난방방식":30,
            "공급면적":"--",
            "전용률":"--",
            "욕실수":100,
            "현관타입":100,
            "주거총점":83.5,
            "지역구공급총점":0.0,
            "역세권":"NA",
            "30분내 이동가능 거점":"NA",
            "1시간내 이동가능 거점":"NA",
            "교통총점":"NA",
            "백화점":0,
            "아울렛몰":0,
            "대형마트":0,
            "은행":0,
            "병원":0,
            "종합병원":80,
            "공원":100,
            "혐오시설":0,
            "인프라총점":19.0,
            "초등학군":89.99,
            "중학군":55.9,
            "학군총점":62.718,
            "인구수":28.79,
            "인구증감":13.06,
            "인구총점":24.071,
            "일자리":18.39,
            "소득수준":56.95,
            "일자리총점":29.958,
            "가치 총점":52.5045,
            "매매실거래년":20210525.0,
            "매매실거래가":29000.0,
            "전세실거래년":20220127.0,
            "전세실거래가":22000.0,
            "전세가율":106.02,
            "장기전세가율평균":73.59,
            "전세가율거품지수":-32.43,
            "검색코드":133264,
            "세대수":1028.0,
            "준공년월":"2020-04-28",
            "준공년차":3.0,
            "가까운역이름":"NA",
            "가까운역거리":"NA",
            "역세권여부":"NA",
            "30분이내주요거점역":"NA",
            "30분거점역이름":"NA",
            "1시간이내주요거점역":"NA",
            "1시간거점역이름":"NA",
            "3km이내백화점수":0,
            "5km이내아울렛몰수":0,
            "1km이내대형먀트수":0,
            "500m이내은행수":0,
            "500m이내병원수":1,
            "5km이내대형병원수":1,
            "500m이내공원수":3,
            "3km이내혐오시설수":0,
            "초등학교학업성취도":89.99,
            "중학교학업성취도":91.5,
            "용적률":199,
            "건폐율":17,
            "Y":35.807812,
            "X":128.750399,
            "rank":9.0,
            "area_info":"26평(88.03), 34평(113.98)",
            "last_sales":"2021-05-25,29000.0,34평(113.98)",
            "rank_history":[
                [
                    "202203",
                    9
                ],
                [
                    "202202",
                    10
                ],
                [
                    "202201",
                    9
                ]
            ],
            "rank_gap":1
        },
        {
            "index":275,
            "아파트명":"정평현대타운",
            "투자타입":"일반",
            "전용면적(m2)":"62.4",
            "전용면적(평)":"18평",
            "법정동주소":"경상북도 경산시 정평동 130",
            "도로명주소":"경상북도 경산시 대학로9길 8",
            "세대수":90,
            "입주년차":0,
            "용적률점수":"--",
            "건폐율점수":"--",
            "세대당주차수":0,
            "난방방식":30,
            "공급면적":"--",
            "전용률":"--",
            "욕실수":50,
            "현관타입":100,
            "주거총점":49.5,
            "지역구공급총점":0.0,
            "역세권":"NA",
            "30분내 이동가능 거점":"NA",
            "1시간내 이동가능 거점":"NA",
            "교통총점":"NA",
            "백화점":0,
            "아울렛몰":80,
            "대형마트":100,
            "은행":0,
            "병원":80,
            "종합병원":100,
            "공원":100,
            "혐오시설":0,
            "인프라총점":54.0,
            "초등학군":89.98,
            "중학군":44.08,
            "학군총점":53.26,
            "인구수":28.79,
            "인구증감":13.06,
            "인구총점":24.071,
            "일자리":18.39,
            "소득수준":56.95,
            "일자리총점":29.958,
            "가치 총점":52.24,
            "매매실거래년":20220104.0,
            "매매실거래가":30500.0,
            "전세실거래년":20210204.0,
            "전세실거래가":12000.0,
            "전세가율":101.69,
            "장기전세가율평균":73.59,
            "전세가율거품지수":-28.1,
            "검색코드":4059,
            "세대수":973.0,
            "준공년월":"1996-10-28",
            "준공년차":27.0,
            "가까운역이름":"NA",
            "가까운역거리":"NA",
            "역세권여부":"NA",
            "30분이내주요거점역":"NA",
            "30분거점역이름":"NA",
            "1시간이내주요거점역":"NA",
            "1시간거점역이름":"NA",
            "3km이내백화점수":0,
            "5km이내아울렛몰수":1,
            "1km이내대형먀트수":2,
            "500m이내은행수":1,
            "500m이내병원수":34,
            "5km이내대형병원수":2,
            "500m이내공원수":2,
            "3km이내혐오시설수":0,
            "초등학교학업성취도":89.98,
            "중학교학업성취도":73.2,
            "용적률":232,
            "건폐율":17,
            "Y":35.835621,
            "X":128.728773,
            "rank":10.0,
            "area_info":"18평(62.4), 22평(75.99), 30평(101.93)",
            "last_sales":"2022-01-04,30500.0,30평(101.93)",
            "rank_history":[
                [
                    "202203",
                    10
                ],
                [
                    "202202",
                    9
                ],
                [
                    "202201",
                    10
                ]
            ],
            "rank_gap":-1
        },
        {
            "index":21,
            "아파트명":"대평그린빌",
            "투자타입":"일반",
            "전용면적(m2)":"67.13",
            "전용면적(평)":"20평",
            "법정동주소":"경상북도 경산시 대평동 428-1",
            "도로명주소":"경상북도 경산시 경안로69길 12",
            "세대수":90,
            "입주년차":40,
            "용적률점수":"--",
            "건폐율점수":"--",
            "세대당주차수":0,
            "난방방식":30,
            "공급면적":"--",
            "전용률":"--",
            "욕실수":50,
            "현관타입":100,
            "주거총점":57.5,
            "지역구공급총점":0.0,
            "역세권":"NA",
            "30분내 이동가능 거점":"NA",
            "1시간내 이동가능 거점":"NA",
            "교통총점":"NA",
            "백화점":0,
            "아울렛몰":80,
            "대형마트":80,
            "은행":0,
            "병원":30,
            "종합병원":100,
            "공원":100,
            "혐오시설":0,
            "인프라총점":46.0,
            "초등학군":89.98,
            "중학군":42.18,
            "학군총점":51.74,
            "인구수":28.79,
            "인구증감":13.06,
            "인구총점":24.071,
            "일자리":18.39,
            "소득수준":56.95,
            "일자리총점":29.958,
            "가치 총점":51.46,
            "매매실거래년":20220205.0,
            "매매실거래가":27000.0,
            "전세실거래년":20211219.0,
            "전세실거래가":14000.0,
            "전세가율":82.35,
            "장기전세가율평균":73.59,
            "전세가율거품지수":-8.76,
            "검색코드":25022,
            "세대수":1278.0,
            "준공년월":"2004-09-10",
            "준공년차":19.0,
            "가까운역이름":"NA",
            "가까운역거리":"NA",
            "역세권여부":"NA",
            "30분이내주요거점역":"NA",
            "30분거점역이름":"NA",
            "1시간이내주요거점역":"NA",
            "1시간거점역이름":"NA",
            "3km이내백화점수":0,
            "5km이내아울렛몰수":1,
            "1km이내대형먀트수":1,
            "500m이내은행수":0,
            "500m이내병원수":5,
            "5km이내대형병원수":2,
            "500m이내공원수":2,
            "3km이내혐오시설수":0,
            "초등학교학업성취도":89.98,
            "중학교학업성취도":69.7,
            "용적률":175,
            "건폐율":14,
            "Y":35.8385,
            "X":128.73216,
            "rank":11.0,
            "area_info":"20평(67.13), 23평(76.93), 23평(77.63), 29평(98.34), 32평(108.74), 33평(109.74)",
            "last_sales":"2022-02-05,27000.0,32평(108.74)",
            "rank_history":[
                [
                    "202203",
                    11
                ],
                [
                    "202202",
                    11
                ],
                [
                    "202201",
                    11
                ]
            ],
            "rank_gap":0
        },
        {
            "index":60,
            "아파트명":"경산사동사랑으로부영6차",
            "투자타입":"일반",
            "전용면적(m2)":"100.23",
            "전용면적(평)":"30평",
            "법정동주소":"경상북도 경산시 사동 148",
            "도로명주소":"경상북도 경산시 백자로10길 11",
            "세대수":90,
            "입주년차":60,
            "용적률점수":"--",
            "건폐율점수":"--",
            "세대당주차수":60,
            "난방방식":30,
            "공급면적":"--",
            "전용률":"--",
            "욕실수":100,
            "현관타입":100,
            "주거총점":75.5,
            "지역구공급총점":0.0,
            "역세권":"NA",
            "30분내 이동가능 거점":"NA",
            "1시간내 이동가능 거점":"NA",
            "교통총점":"NA",
            "백화점":0,
            "아울렛몰":0,
            "대형마트":0,
            "은행":0,
            "병원":60,
            "종합병원":80,
            "공원":100,
            "혐오시설":0,
            "인프라총점":25.0,
            "초등학군":89.99,
            "중학군":48.06,
            "학군총점":56.446,
            "인구수":28.79,
            "인구증감":13.06,
            "인구총점":24.071,
            "일자리":18.39,
            "소득수준":56.95,
            "일자리총점":29.958,
            "가치 총점":50.5365,
            "매매실거래년":20220124.0,
            "매매실거래가":29450.0,
            "전세실거래년":20220224.0,
            "전세실거래가":12245.0,
            "전세가율":51.56,
            "장기전세가율평균":73.59,
            "전세가율거품지수":22.03,
            "검색코드":128083,
            "세대수":1395.0,
            "준공년월":"2013-02-25",
            "준공년차":10.0,
            "가까운역이름":"NA",
            "가까운역거리":"NA",
            "역세권여부":"NA",
            "30분이내주요거점역":"NA",
            "30분거점역이름":"NA",
            "1시간이내주요거점역":"NA",
            "1시간거점역이름":"NA",
            "3km이내백화점수":0,
            "5km이내아울렛몰수":0,
            "1km이내대형먀트수":0,
            "500m이내은행수":0,
            "500m이내병원수":11,
            "5km이내대형병원수":1,
            "500m이내공원수":7,
            "3km이내혐오시설수":0,
            "초등학교학업성취도":89.99,
            "중학교학업성취도":79.3,
            "용적률":191,
            "건폐율":17,
            "Y":35.810853,
            "X":128.756619,
            "rank":12.0,
            "area_info":"30평(100.23), 31평(104.19), 33평(111.93), 33평(111.93), 33평(111.93), 34평(112.93), 34평(112.81), 34평(113.28), 34평(113.12), 34평(113.92)",
            "last_sales":"2022-01-24,29450.0,34평(113.28)",
            "rank_history":[
                [
                    "202203",
                    12
                ],
                [
                    "202202",
                    12
                ],
                [
                    "202201",
                    15
                ]
            ],
            "rank_gap":0
        },
        {
            "index":0,
            "아파트명":"경산임당호반베르디움",
            "투자타입":"일반",
            "전용면적(m2)":"78.81",
            "전용면적(평)":"23평",
            "법정동주소":"경상북도 경산시 계양동 769",
            "도로명주소":"경상북도 경산시 남매공원로 6",
            "세대수":50,
            "입주년차":100,
            "용적률점수":"--",
            "건폐율점수":"--",
            "세대당주차수":30,
            "난방방식":30,
            "공급면적":"--",
            "전용률":"--",
            "욕실수":100,
            "현관타입":100,
            "주거총점":65.0,
            "지역구공급총점":0.0,
            "역세권":"NA",
            "30분내 이동가능 거점":"NA",
            "1시간내 이동가능 거점":"NA",
            "교통총점":"NA",
            "백화점":0,
            "아울렛몰":0,
            "대형마트":80,
            "은행":0,
            "병원":0,
            "종합병원":100,
            "공원":100,
            "혐오시설":0,
            "인프라총점":35.0,
            "초등학군":89.98,
            "중학군":42.18,
            "학군총점":51.74,
            "인구수":28.79,
            "인구증감":13.06,
            "인구총점":24.071,
            "일자리":18.39,
            "소득수준":56.95,
            "일자리총점":29.958,
            "가치 총점":49.685,
            "매매실거래년":20211230.0,
            "매매실거래가":39000.0,
            "전세실거래년":20210519.0,
            "전세실거래가":28000.0,
            "전세가율":71.79,
            "장기전세가율평균":73.59,
            "전세가율거품지수":1.8,
            "검색코드":114164,
            "세대수":587.0,
            "준공년월":"2019-02-27",
            "준공년차":4.0,
            "가까운역이름":"NA",
            "가까운역거리":"NA",
            "역세권여부":"NA",
            "30분이내주요거점역":"NA",
            "30분거점역이름":"NA",
            "1시간이내주요거점역":"NA",
            "1시간거점역이름":"NA",
            "3km이내백화점수":0,
            "5km이내아울렛몰수":0,
            "1km이내대형먀트수":1,
            "500m이내은행수":0,
            "500m이내병원수":0,
            "5km이내대형병원수":2,
            "500m이내공원수":4,
            "3km이내혐오시설수":0,
            "초등학교학업성취도":89.98,
            "중학교학업성취도":69.7,
            "용적률":229,
            "건폐율":17,
            "Y":35.831547,
            "X":128.742308,
            "rank":13.0,
            "area_info":"23평(78.81), 23평(78.94), 33평(110.73), 33평(111.31)",
            "last_sales":"2021-12-30,39000.0,23평(78.81)",
            "rank_history":[
                [
                    "202203",
                    13
                ],
                [
                    "202202",
                    13
                ],
                [
                    "202201",
                    13
                ]
            ],
            "rank_gap":0
        },
        {
            "index":319,
            "아파트명":"중방e-편한세상2단지",
            "투자타입":"일반",
            "전용면적(m2)":"111.87",
            "전용면적(평)":"33평",
            "법정동주소":"경상북도 경산시 중방동 894",
            "도로명주소":"경상북도 경산시 대학로28길 31",
            "세대수":50,
            "입주년차":60,
            "용적률점수":"--",
            "건폐율점수":"--",
            "세대당주차수":60,
            "난방방식":30,
            "공급면적":"--",
            "전용률":"--",
            "욕실수":100,
            "현관타입":100,
            "주거총점":61.5,
            "지역구공급총점":0.0,
            "역세권":"NA",
            "30분내 이동가능 거점":"NA",
            "1시간내 이동가능 거점":"NA",
            "교통총점":"NA",
            "백화점":0,
            "아울렛몰":0,
            "대형마트":80,
            "은행":0,
            "병원":30,
            "종합병원":100,
            "공원":100,
            "혐오시설":0,
            "인프라총점":38.0,
            "초등학군":89.98,
            "중학군":42.18,
            "학군총점":51.74,
            "인구수":28.79,
            "인구증감":13.06,
            "인구총점":24.071,
            "일자리":18.39,
            "소득수준":56.95,
            "일자리총점":29.958,
            "가치 총점":49.66,
            "매매실거래년":20210923.0,
            "매매실거래가":46000.0,
            "전세실거래년":20210525.0,
            "전세실거래가":29000.0,
            "전세가율":62.63,
            "장기전세가율평균":73.59,
            "전세가율거품지수":10.96,
            "검색코드":26485,
            "세대수":463.0,
            "준공년월":"2010-02-23",
            "준공년차":13.0,
            "가까운역이름":"NA",
            "가까운역거리":"NA",
            "역세권여부":"NA",
            "30분이내주요거점역":"NA",
            "30분거점역이름":"NA",
            "1시간이내주요거점역":"NA",
            "1시간거점역이름":"NA",
            "3km이내백화점수":0,
            "5km이내아울렛몰수":0,
            "1km이내대형먀트수":1,
            "500m이내은행수":0,
            "500m이내병원수":5,
            "5km이내대형병원수":2,
            "500m이내공원수":2,
            "3km이내혐오시설수":0,
            "초등학교학업성취도":89.98,
            "중학교학업성취도":69.7,
            "용적률":249,
            "건폐율":24,
            "Y":35.831641,
            "X":128.738609,
            "rank":14.0,
            "area_info":"33평(111.87), 34평(114.81), 35평(116.25), 46평(154.25), 52평(174.97)",
            "last_sales":"2021-09-23,46000.0,35평(116.25)",
            "rank_history":[
                [
                    "202203",
                    14
                ],
                [
                    "202202",
                    14
                ],
                [
                    "202201",
                    16
                ]
            ],
            "rank_gap":0
        },
        {
            "index":47,
            "아파트명":"경산삼도뷰엔빌W",
            "투자타입":"일반",
            "전용면적(m2)":"85.58",
            "전용면적(평)":"25평",
            "법정동주소":"경상북도 경산시 백천동 619",
            "도로명주소":"경상북도 경산시 경청로222길 34",
            "세대수":90,
            "입주년차":80,
            "용적률점수":"--",
            "건폐율점수":"--",
            "세대당주차수":30,
            "난방방식":30,
            "공급면적":"--",
            "전용률":"--",
            "욕실수":100,
            "현관타입":100,
            "주거총점":75.0,
            "지역구공급총점":0.0,
            "역세권":"NA",
            "30분내 이동가능 거점":"NA",
            "1시간내 이동가능 거점":"NA",
            "교통총점":"NA",
            "백화점":0,
            "아울렛몰":0,
            "대형마트":0,
            "은행":0,
            "병원":0,
            "종합병원":80,
            "공원":100,
            "혐오시설":0,
            "인프라총점":19.0,
            "초등학군":89.99,
            "중학군":55.9,
            "학군총점":62.718,
            "인구수":28.79,
            "인구증감":13.06,
            "인구총점":24.071,
            "일자리":18.39,
            "소득수준":56.95,
            "일자리총점":29.958,
            "가치 총점":49.5295,
            "매매실거래년":20211223.0,
            "매매실거래가":39800.0,
            "전세실거래년":20201013.0,
            "전세실거래가":20000.0,
            "전세가율":80.0,
            "장기전세가율평균":73.59,
            "전세가율거품지수":-6.41,
            "검색코드":110539,
            "세대수":1213.0,
            "준공년월":"2018-07-31",
            "준공년차":5.0,
            "가까운역이름":"NA",
            "가까운역거리":"NA",
            "역세권여부":"NA",
            "30분이내주요거점역":"NA",
            "30분거점역이름":"NA",
            "1시간이내주요거점역":"NA",
            "1시간거점역이름":"NA",
            "3km이내백화점수":0,
            "5km이내아울렛몰수":0,
            "1km이내대형먀트수":0,
            "500m이내은행수":0,
            "500m이내병원수":0,
            "5km이내대형병원수":1,
            "500m이내공원수":5,
            "3km이내혐오시설수":0,
            "초등학교학업성취도":89.99,
            "중학교학업성취도":91.5,
            "용적률":243,
            "건폐율":20,
            "Y":35.802579,
            "X":128.74459,
            "rank":15.0,
            "area_info":"25평(85.58), 30평(102.09), 31평(103.9), 33평(111.51), 39평(129.63)",
            "last_sales":"2021-12-23,39800.0,39평(129.63)",
            "rank_history":[
                [
                    "202203",
                    15
                ],
                [
                    "202202",
                    16
                ],
                [
                    "202201",
                    14
                ]
            ],
            "rank_gap":1
        },
        {
            "index":324,
            "아파트명":"중방e-편한세상3단지",
            "투자타입":"일반",
            "전용면적(m2)":"108.77",
            "전용면적(평)":"32평",
            "법정동주소":"경상북도 경산시 중방동 895",
            "도로명주소":"경상북도 경산시 경안로56길 14",
            "세대수":50,
            "입주년차":60,
            "용적률점수":"--",
            "건폐율점수":"--",
            "세대당주차수":60,
            "난방방식":30,
            "공급면적":"--",
            "전용률":"--",
            "욕실수":100,
            "현관타입":100,
            "주거총점":61.5,
            "지역구공급총점":0.0,
            "역세권":"NA",
            "30분내 이동가능 거점":"NA",
            "1시간내 이동가능 거점":"NA",
            "교통총점":"NA",
            "백화점":0,
            "아울렛몰":0,
            "대형마트":80,
            "은행":0,
            "병원":30,
            "종합병원":100,
            "공원":80,
            "혐오시설":0,
            "인프라총점":37.4,
            "초등학군":89.98,
            "중학군":42.18,
            "학군총점":51.74,
            "인구수":28.79,
            "인구증감":13.06,
            "인구총점":24.071,
            "일자리":18.39,
            "소득수준":56.95,
            "일자리총점":29.958,
            "가치 총점":49.42,
            "매매실거래년":20211023.0,
            "매매실거래가":68000.0,
            "전세실거래년":20210618.0,
            "전세실거래가":29000.0,
            "전세가율":67.44,
            "장기전세가율평균":73.59,
            "전세가율거품지수":6.15,
            "검색코드":26486,
            "세대수":562.0,
            "준공년월":"2010-02-23",
            "준공년차":13.0,
            "가까운역이름":"NA",
            "가까운역거리":"NA",
            "역세권여부":"NA",
            "30분이내주요거점역":"NA",
            "30분거점역이름":"NA",
            "1시간이내주요거점역":"NA",
            "1시간거점역이름":"NA",
            "3km이내백화점수":0,
            "5km이내아울렛몰수":0,
            "1km이내대형먀트수":1,
            "500m이내은행수":0,
            "500m이내병원수":6,
            "5km이내대형병원수":2,
            "500m이내공원수":1,
            "3km이내혐오시설수":0,
            "초등학교학업성취도":89.98,
            "중학교학업성취도":69.7,
            "용적률":249,
            "건폐율":18,
            "Y":35.831745,
            "X":128.73768,
            "rank":16.0,
            "area_info":"32평(108.77), 32평(109.04), 33평(112.39), 39평(131.65), 45평(151.84), 53평(178.24)",
            "last_sales":"2021-10-23,68000.0,53평(178.24)",
            "rank_history":[
                [
                    "202203",
                    16
                ],
                [
                    "202202",
                    17
                ],
                [
                    "202201",
                    17
                ]
            ],
            "rank_gap":1
        },
        {
            "index":375,
            "아파트명":"힐스테이트펜타힐즈",
            "투자타입":"일반",
            "전용면적(m2)":"93.63",
            "전용면적(평)":"28평",
            "법정동주소":"경상북도 경산시 중산동 688",
            "도로명주소":"경상북도 경산시 펜타힐즈2로 10",
            "세대수":50,
            "입주년차":100,
            "용적률점수":"--",
            "건폐율점수":"--",
            "세대당주차수":60,
            "난방방식":30,
            "공급면적":"--",
            "전용률":"--",
            "욕실수":100,
            "현관타입":100,
            "주거총점":69.5,
            "지역구공급총점":0.0,
            "역세권":"NA",
            "30분내 이동가능 거점":"NA",
            "1시간내 이동가능 거점":"NA",
            "교통총점":"NA",
            "백화점":0,
            "아울렛몰":0,
            "대형마트":0,
            "은행":0,
            "병원":60,
            "종합병원":100,
            "공원":100,
            "혐오시설":0,
            "인프라총점":29.0,
            "초등학군":90.04,
            "중학군":44.08,
            "학군총점":53.272,
            "인구수":28.79,
            "인구증감":13.06,
            "인구총점":24.071,
            "일자리":18.39,
            "소득수준":56.95,
            "일자리총점":29.958,
            "가치 총점":49.243,
            "매매실거래년":20210731.0,
            "매매실거래가":49500.0,
            "전세실거래년":20210705.0,
            "전세실거래가":33000.0,
            "전세가율":66.67,
            "장기전세가율평균":73.59,
            "전세가율거품지수":6.92,
            "검색코드":123383,
            "세대수":657.0,
            "준공년월":"2021-03-29",
            "준공년차":2.0,
            "가까운역이름":"NA",
            "가까운역거리":"NA",
            "역세권여부":"NA",
            "30분이내주요거점역":"NA",
            "30분거점역이름":"NA",
            "1시간이내주요거점역":"NA",
            "1시간거점역이름":"NA",
            "3km이내백화점수":0,
            "5km이내아울렛몰수":0,
            "1km이내대형먀트수":0,
            "500m이내은행수":0,
            "500m이내병원수":12,
            "5km이내대형병원수":2,
            "500m이내공원수":3,
            "3km이내혐오시설수":0,
            "초등학교학업성취도":90.04,
            "중학교학업성취도":73.2,
            "용적률":279,
            "건폐율":15,
            "Y":35.825506,
            "X":128.716232,
            "rank":17.0,
            "area_info":"28평(93.63), 28평(94.64), 32평(108.43), 41평(136.02)",
            "last_sales":"2021-07-31,49500.0,28평(93.63)",
            "rank_history":[
                [
                    "202203",
                    17
                ],
                [
                    "202202",
                    15
                ],
                [
                    "202201",
                    12
                ]
            ],
            "rank_gap":-2
        },
        {
            "index":342,
            "아파트명":"옥산태왕한라타운",
            "투자타입":"일반",
            "전용면적(m2)":"76.74",
            "전용면적(평)":"23평",
            "법정동주소":"경상북도 경산시 중산동 36-2",
            "도로명주소":"경상북도 경산시 대학로8길 32",
            "세대수":90,
            "입주년차":0,
            "용적률점수":"--",
            "건폐율점수":"--",
            "세대당주차수":0,
            "난방방식":30,
            "공급면적":"--",
            "전용률":"--",
            "욕실수":50,
            "현관타입":100,
            "주거총점":49.5,
            "지역구공급총점":0.0,
            "역세권":"NA",
            "30분내 이동가능 거점":"NA",
            "1시간내 이동가능 거점":"NA",
            "교통총점":"NA",
            "백화점":0,
            "아울렛몰":0,
            "대형마트":100,
            "은행":0,
            "병원":80,
            "종합병원":100,
            "공원":100,
            "혐오시설":0,
            "인프라총점":46.0,
            "초등학군":89.98,
            "중학군":44.08,
            "학군총점":53.26,
            "인구수":28.79,
            "인구증감":13.06,
            "인구총점":24.071,
            "일자리":18.39,
            "소득수준":56.95,
            "일자리총점":29.958,
            "가치 총점":49.04,
            "매매실거래년":20220129.0,
            "매매실거래가":18700.0,
            "전세실거래년":20220118.0,
            "전세실거래가":15500.0,
            "전세가율":82.89,
            "장기전세가율평균":73.59,
            "전세가율거품지수":-9.3,
            "검색코드":4066,
            "세대수":1176.0,
            "준공년월":"1996-06-20",
            "준공년차":27.0,
            "가까운역이름":"NA",
            "가까운역거리":"NA",
            "역세권여부":"NA",
            "30분이내주요거점역":"NA",
            "30분거점역이름":"NA",
            "1시간이내주요거점역":"NA",
            "1시간거점역이름":"NA",
            "3km이내백화점수":0,
            "5km이내아울렛몰수":0,
            "1km이내대형먀트수":2,
            "500m이내은행수":1,
            "500m이내병원수":32,
            "5km이내대형병원수":2,
            "500m이내공원수":4,
            "3km이내혐오시설수":0,
            "초등학교학업성취도":89.98,
            "중학교학업성취도":73.2,
            "용적률":234,
            "건폐율":23,
            "Y":35.831382,
            "X":128.726343,
            "rank":18.0,
            "area_info":"23평(76.74), 23평(77.27), 31평(104.35), 43평(144.14)",
            "last_sales":"2022-01-29,18700.0,23평(76.74)",
            "rank_history":[
                [
                    "202203",
                    18
                ],
                [
                    "202202",
                    18
                ],
                [
                    "202201",
                    18
                ]
            ],
            "rank_gap":0
        },
        {
            "index":313,
            "아파트명":"중방e-편한세상1단지",
            "투자타입":"일반",
            "전용면적(m2)":"111.63",
            "전용면적(평)":"33평",
            "법정동주소":"경상북도 경산시 중방동 893",
            "도로명주소":"경상북도 경산시 대학로32길 12",
            "세대수":50,
            "입주년차":60,
            "용적률점수":"--",
            "건폐율점수":"--",
            "세대당주차수":60,
            "난방방식":30,
            "공급면적":"--",
            "전용률":"--",
            "욕실수":100,
            "현관타입":100,
            "주거총점":61.5,
            "지역구공급총점":0.0,
            "역세권":"NA",
            "30분내 이동가능 거점":"NA",
            "1시간내 이동가능 거점":"NA",
            "교통총점":"NA",
            "백화점":0,
            "아울렛몰":0,
            "대형마트":80,
            "은행":0,
            "병원":10,
            "종합병원":100,
            "공원":100,
            "혐오시설":0,
            "인프라총점":36.0,
            "초등학군":89.98,
            "중학군":42.18,
            "학군총점":51.74,
            "인구수":28.79,
            "인구증감":13.06,
            "인구총점":24.071,
            "일자리":18.39,
            "소득수준":56.95,
            "일자리총점":29.958,
            "가치 총점":48.86,
            "매매실거래년":20210911.0,
            "매매실거래가":54000.0,
            "전세실거래년":20210521.0,
            "전세실거래가":27000.0,
            "전세가율":58.06,
            "장기전세가율평균":73.59,
            "전세가율거품지수":15.53,
            "검색코드":26484,
            "세대수":452.0,
            "준공년월":"2010-02-23",
            "준공년차":13.0,
            "가까운역이름":"NA",
            "가까운역거리":"NA",
            "역세권여부":"NA",
            "30분이내주요거점역":"NA",
            "30분거점역이름":"NA",
            "1시간이내주요거점역":"NA",
            "1시간거점역이름":"NA",
            "3km이내백화점수":0,
            "5km이내아울렛몰수":0,
            "1km이내대형먀트수":1,
            "500m이내은행수":0,
            "500m이내병원수":4,
            "5km이내대형병원수":2,
            "500m이내공원수":3,
            "3km이내혐오시설수":0,
            "초등학교학업성취도":89.98,
            "중학교학업성취도":69.7,
            "용적률":240,
            "건폐율":24,
            "Y":35.832974,
            "X":128.738699,
            "rank":19.0,
            "area_info":"33평(111.63), 33평(112.34), 33평(112.26), 40평(134.9), 47평(157.36), 52평(174.97)",
            "last_sales":"2021-09-11,54000.0,40평(134.9)",
            "rank_history":[
                [
                    "202203",
                    19
                ],
                [
                    "202202",
                    19
                ],
                [
                    "202201",
                    16
                ]
            ],
            "rank_gap":0
        },
        {
            "index":27,
            "아파트명":"협성휴포레경산대평",
            "투자타입":"일반",
            "전용면적(m2)":"90.06",
            "전용면적(평)":"27평",
            "법정동주소":"경상북도 경산시 대평동 463",
            "도로명주소":"경상북도 경산시 대평길 8",
            "세대수":50,
            "입주년차":80,
            "용적률점수":"--",
            "건폐율점수":"--",
            "세대당주차수":60,
            "난방방식":30,
            "공급면적":"--",
            "전용률":"--",
            "욕실수":100,
            "현관타입":100,
            "주거총점":65.5,
            "지역구공급총점":0.0,
            "역세권":"NA",
            "30분내 이동가능 거점":"NA",
            "1시간내 이동가능 거점":"NA",
            "교통총점":"NA",
            "백화점":0,
            "아울렛몰":80,
            "대형마트":0,
            "은행":0,
            "병원":0,
            "종합병원":100,
            "공원":80,
            "혐오시설":0,
            "인프라총점":30.4,
            "초등학군":89.98,
            "중학군":42.18,
            "학군총점":51.74,
            "인구수":28.79,
            "인구증감":13.06,
            "인구총점":24.071,
            "일자리":18.39,
            "소득수준":56.95,
            "일자리총점":29.958,
            "가치 총점":48.02,
            "매매실거래년":20220208.0,
            "매매실거래가":25000.0,
            "전세실거래년":20211104.0,
            "전세실거래가":21500.0,
            "전세가율":86.0,
            "장기전세가율평균":73.59,
            "전세가율거품지수":-12.41,
            "검색코드":111416,
            "세대수":494.0,
            "준공년월":"2018-04-13",
            "준공년차":5.0,
            "가까운역이름":"NA",
            "가까운역거리":"NA",
            "역세권여부":"NA",
            "30분이내주요거점역":"NA",
            "30분거점역이름":"NA",
            "1시간이내주요거점역":"NA",
            "1시간거점역이름":"NA",
            "3km이내백화점수":0,
            "5km이내아울렛몰수":1,
            "1km이내대형먀트수":0,
            "500m이내은행수":0,
            "500m이내병원수":0,
            "5km이내대형병원수":2,
            "500m이내공원수":1,
            "3km이내혐오시설수":0,
            "초등학교학업성취도":89.98,
            "중학교학업성취도":69.7,
            "용적률":274,
            "건폐율":17,
            "Y":35.842124,
            "X":128.731534,
            "rank":20.0,
            "area_info":"27평(90.06), 31평(103.59), 34평(112.84), 34평(113.24), 34평(113.66), 34평(113.52)",
            "last_sales":"2022-02-08,25000.0,27평(90.06)",
            "rank_history":[
                [
                    "202203",
                    20
                ],
                [
                    "202202",
                    20
                ],
                [
                    "202201",
                    19
                ]
            ],
            "rank_gap":0
        },
        {
            "index":302,
            "아파트명":"광명",
            "투자타입":"재건축",
            "전용면적(m2)":"57.04",
            "전용면적(평)":"17평",
            "법정동주소":"경상북도 경산시 중방동 319-83",
            "도로명주소":"경상북도 경산시 중앙초등길5길 8-8",
            "세대수":0,
            "입주년차":"--",
            "용적률점수":60,
            "건폐율점수":40,
            "세대당주차수":"--",
            "난방방식":"--",
            "공급면적":50,
            "전용률":80,
            "욕실수":"--",
            "현관타입":"--",
            "주거총점":38.5,
            "지역구공급총점":0.0,
            "역세권":"NA",
            "30분내 이동가능 거점":"NA",
            "1시간내 이동가능 거점":"NA",
            "교통총점":"NA",
            "백화점":0,
            "아울렛몰":0,
            "대형마트":80,
            "은행":70,
            "병원":100,
            "종합병원":100,
            "공원":100,
            "혐오시설":0,
            "인프라총점":52.0,
            "초등학군":89.97,
            "중학군":44.08,
            "학군총점":53.258,
            "인구수":28.79,
            "인구증감":13.06,
            "인구총점":24.071,
            "일자리":18.39,
            "소득수준":56.95,
            "일자리총점":29.958,
            "가치 총점":47.5895,
            "매매실거래년":20211108.0,
            "매매실거래가":9900.0,
            "전세실거래년":20210826.0,
            "전세실거래가":6000.0,
            "전세가율":60.61,
            "장기전세가율평균":73.59,
            "전세가율거품지수":12.98,
            "검색코드":19606,
            "세대수":240.0,
            "준공년월":"1981-11-02",
            "준공년차":42.0,
            "가까운역이름":"NA",
            "가까운역거리":"NA",
            "역세권여부":"NA",
            "30분이내주요거점역":"NA",
            "30분거점역이름":"NA",
            "1시간이내주요거점역":"NA",
            "1시간거점역이름":"NA",
            "3km이내백화점수":0,
            "5km이내아울렛몰수":0,
            "1km이내대형먀트수":1,
            "500m이내은행수":4,
            "500m이내병원수":67,
            "5km이내대형병원수":2,
            "500m이내공원수":3,
            "3km이내혐오시설수":0,
            "초등학교학업성취도":89.97,
            "중학교학업성취도":73.2,
            "용적률":191,
            "건폐율":38,
            "Y":35.825153,
            "X":128.73234,
            "rank":21.0,
            "area_info":"17평(57.04), 18평(61.16), 21평(69.86)",
            "last_sales":"2021-11-08,9900.0,17평(57.04)",
            "rank_history":[
                [
                    "202203",
                    21
                ],
                [
                    "202202",
                    21
                ],
                [
                    "202201",
                    22
                ]
            ],
            "rank_gap":0
        },
        {
            "index":465,
            "아파트명":"우방1차",
            "투자타입":"재건축",
            "전용면적(m2)":"74.55",
            "전용면적(평)":"22평",
            "법정동주소":"경상북도 경산시 하양읍 금락리 66",
            "도로명주소":"경상북도 경산시 금송로 11",
            "세대수":0,
            "입주년차":"--",
            "용적률점수":100,
            "건폐율점수":80,
            "세대당주차수":"--",
            "난방방식":"--",
            "공급면적":50,
            "전용률":80,
            "욕실수":"--",
            "현관타입":"--",
            "주거총점":62.5,
            "지역구공급총점":0.0,
            "역세권":"NA",
            "30분내 이동가능 거점":"NA",
            "1시간내 이동가능 거점":"NA",
            "교통총점":"NA",
            "백화점":0,
            "아울렛몰":0,
            "대형마트":80,
            "은행":70,
            "병원":80,
            "종합병원":0,
            "공원":80,
            "혐오시설":0,
            "인프라총점":29.4,
            "초등학군":90.01,
            "중학군":46.74,
            "학군총점":55.394,
            "인구수":28.79,
            "인구증감":13.06,
            "인구총점":24.071,
            "일자리":18.39,
            "소득수준":56.95,
            "일자리총점":29.958,
            "가치 총점":47.4835,
            "매매실거래년":20211103.0,
            "매매실거래가":8800.0,
            "전세실거래년":20141001.0,
            "전세실거래가":7000.0,
            "전세가율":79.55,
            "장기전세가율평균":73.59,
            "전세가율거품지수":-5.96,
            "검색코드":4077,
            "세대수":158.0,
            "준공년월":"1988-12-21",
            "준공년차":35.0,
            "가까운역이름":"NA",
            "가까운역거리":"NA",
            "역세권여부":"NA",
            "30분이내주요거점역":"NA",
            "30분거점역이름":"NA",
            "1시간이내주요거점역":"NA",
            "1시간거점역이름":"NA",
            "3km이내백화점수":0,
            "5km이내아울렛몰수":0,
            "1km이내대형먀트수":1,
            "500m이내은행수":3,
            "500m이내병원수":40,
            "5km이내대형병원수":0,
            "500m이내공원수":1,
            "3km이내혐오시설수":0,
            "초등학교학업성취도":90.01,
            "중학교학업성취도":77.9,
            "용적률":117,
            "건폐율":27,
            "Y":35.914227,
            "X":128.817964,
            "rank":22.0,
            "area_info":"22평(74.55), 28평(93.43), 28평(93.56)",
            "last_sales":"2021-11-03,8800.0,22평(74.55)",
            "rank_history":[
                [
                    "202203",
                    22
                ],
                [
                    "202202",
                    22
                ],
                [
                    "202201",
                    20
                ]
            ],
            "rank_gap":0
        },
        {
            "index":339,
            "아파트명":"경남신성",
            "투자타입":"일반",
            "전용면적(m2)":"78.8",
            "전용면적(평)":"23평",
            "법정동주소":"경상북도 경산시 중산동 35-3",
            "도로명주소":"경상북도 경산시 성암로21길 69",
            "세대수":90,
            "입주년차":0,
            "용적률점수":"--",
            "건폐율점수":"--",
            "세대당주차수":0,
            "난방방식":30,
            "공급면적":"--",
            "전용률":"--",
            "욕실수":50,
            "현관타입":100,
            "주거총점":49.5,
            "지역구공급총점":0.0,
            "역세권":"NA",
            "30분내 이동가능 거점":"NA",
            "1시간내 이동가능 거점":"NA",
            "교통총점":"NA",
            "백화점":0,
            "아울렛몰":0,
            "대형마트":80,
            "은행":0,
            "병원":60,
            "종합병원":100,
            "공원":100,
            "혐오시설":0,
            "인프라총점":41.0,
            "초등학군":90.03,
            "중학군":44.08,
            "학군총점":53.27,
            "인구수":28.79,
            "인구증감":13.06,
            "인구총점":24.071,
            "일자리":18.39,
            "소득수준":56.95,
            "일자리총점":29.958,
            "가치 총점":47.0425,
            "매매실거래년":20220215.0,
            "매매실거래가":16000.0,
            "전세실거래년":20220129.0,
            "전세실거래가":13500.0,
            "전세가율":84.38,
            "장기전세가율평균":73.59,
            "전세가율거품지수":-10.79,
            "검색코드":4064,
            "세대수":1118.0,
            "준공년월":"1996-12-07",
            "준공년차":27.0,
            "가까운역이름":"NA",
            "가까운역거리":"NA",
            "역세권여부":"NA",
            "30분이내주요거점역":"NA",
            "30분거점역이름":"NA",
            "1시간이내주요거점역":"NA",
            "1시간거점역이름":"NA",
            "3km이내백화점수":0,
            "5km이내아울렛몰수":0,
            "1km이내대형먀트수":1,
            "500m이내은행수":1,
            "500m이내병원수":24,
            "5km이내대형병원수":2,
            "500m이내공원수":7,
            "3km이내혐오시설수":0,
            "초등학교학업성취도":90.03,
            "중학교학업성취도":73.2,
            "용적률":237,
            "건폐율":51,
            "Y":35.830508,
            "X":128.72483,
            "rank":23.0,
            "area_info":"23평(78.8), 31평(105.77), 42평(139.52)",
            "last_sales":"2022-02-15,16000.0,23평(78.8)",
            "rank_history":[
                [
                    "202203",
                    23
                ],
                [
                    "202202",
                    23
                ],
                [
                    "202201",
                    21
                ]
            ],
            "rank_gap":0
        },
        {
            "index":215,
            "아파트명":"옥산신화평광",
            "투자타입":"일반",
            "전용면적(m2)":"75.58",
            "전용면적(평)":"22평",
            "법정동주소":"경상북도 경산시 옥산동 725-2",
            "도로명주소":"경상북도 경산시 경산로44길 29",
            "세대수":90,
            "입주년차":0,
            "용적률점수":"--",
            "건폐율점수":"--",
            "세대당주차수":0,
            "난방방식":30,
            "공급면적":"--",
            "전용률":"--",
            "욕실수":50,
            "현관타입":100,
            "주거총점":49.5,
            "지역구공급총점":0.0,
            "역세권":"NA",
            "30분내 이동가능 거점":"NA",
            "1시간내 이동가능 거점":"NA",
            "교통총점":"NA",
            "백화점":0,
            "아울렛몰":0,
            "대형마트":100,
            "은행":0,
            "병원":30,
            "종합병원":100,
            "공원":100,
            "혐오시설":0,
            "인프라총점":41.0,
            "초등학군":90.03,
            "중학군":44.08,
            "학군총점":53.27,
            "인구수":28.79,
            "인구증감":13.06,
            "인구총점":24.071,
            "일자리":18.39,
            "소득수준":56.95,
            "일자리총점":29.958,
            "가치 총점":47.0425,
            "매매실거래년":20220212.0,
            "매매실거래가":17400.0,
            "전세실거래년":20220122.0,
            "전세실거래가":15000.0,
            "전세가율":86.21,
            "장기전세가율평균":73.59,
            "전세가율거품지수":-12.62,
            "검색코드":4038,
            "세대수":941.0,
            "준공년월":"1996-06-29",
            "준공년차":27.0,
            "가까운역이름":"NA",
            "가까운역거리":"NA",
            "역세권여부":"NA",
            "30분이내주요거점역":"NA",
            "30분거점역이름":"NA",
            "1시간이내주요거점역":"NA",
            "1시간거점역이름":"NA",
            "3km이내백화점수":0,
            "5km이내아울렛몰수":0,
            "1km이내대형먀트수":2,
            "500m이내은행수":0,
            "500m이내병원수":9,
            "5km이내대형병원수":2,
            "500m이내공원수":5,
            "3km이내혐오시설수":0,
            "초등학교학업성취도":90.03,
            "중학교학업성취도":73.2,
            "용적률":270,
            "건폐율":22,
            "Y":35.828867,
            "X":128.727859,
            "rank":23.0,
            "area_info":"22평(75.58), 30평(100.52), 41평(138.58)",
            "last_sales":"2022-02-12,17400.0,22평(75.58)",
            "rank_history":[
                [
                    "202203",
                    23
                ],
                [
                    "202202",
                    23
                ],
                [
                    "202201",
                    21
                ]
            ],
            "rank_gap":0
        },
        {
            "index":141,
            "아파트명":"경산푸르지오",
            "투자타입":"일반",
            "전용면적(m2)":"87.91",
            "전용면적(평)":"26평",
            "법정동주소":"경상북도 경산시 압량읍 신대리 703",
            "도로명주소":"경상북도 경산시 압독4로 12",
            "세대수":80,
            "입주년차":80,
            "용적률점수":"--",
            "건폐율점수":"--",
            "세대당주차수":30,
            "난방방식":30,
            "공급면적":"--",
            "전용률":"--",
            "욕실수":100,
            "현관타입":100,
            "주거총점":71.5,
            "지역구공급총점":0.0,
            "역세권":"NA",
            "30분내 이동가능 거점":"NA",
            "1시간내 이동가능 거점":"NA",
            "교통총점":"NA",
            "백화점":0,
            "아울렛몰":0,
            "대형마트":0,
            "은행":0,
            "병원":30,
            "종합병원":80,
            "공원":100,
            "혐오시설":0,
            "인프라총점":22.0,
            "초등학군":89.97,
            "중학군":42.18,
            "학군총점":51.738,
            "인구수":28.79,
            "인구증감":13.06,
            "인구총점":24.071,
            "일자리":18.39,
            "소득수준":56.95,
            "일자리총점":29.958,
            "가치 총점":46.7595,
            "매매실거래년":20220214.0,
            "매매실거래가":25000.0,
            "전세실거래년":20220105.0,
            "전세실거래가":19000.0,
            "전세가율":76.0,
            "장기전세가율평균":73.59,
            "전세가율거품지수":-2.41,
            "검색코드":107736,
            "세대수":754.0,
            "준공년월":"2015-12-18",
            "준공년차":8.0,
            "가까운역이름":"NA",
            "가까운역거리":"NA",
            "역세권여부":"NA",
            "30분이내주요거점역":"NA",
            "30분거점역이름":"NA",
            "1시간이내주요거점역":"NA",
            "1시간거점역이름":"NA",
            "3km이내백화점수":0,
            "5km이내아울렛몰수":0,
            "1km이내대형먀트수":0,
            "500m이내은행수":0,
            "500m이내병원수":8,
            "5km이내대형병원수":1,
            "500m이내공원수":3,
            "3km이내혐오시설수":0,
            "초등학교학업성취도":89.97,
            "중학교학업성취도":69.7,
            "용적률":215,
            "건폐율":18,
            "Y":35.838733,
            "X":128.767708,
            "rank":24.0,
            "area_info":"26평(87.91), 26평(88.96), 29평(99.06), 34평(112.5), 34평(112.67)",
            "last_sales":"2022-02-14,25000.0,26평(87.91)",
            "rank_history":[
                [
                    "202203",
                    24
                ],
                [
                    "202202",
                    24
                ],
                [
                    "202201",
                    23
                ]
            ],
            "rank_gap":0
        },
        {
            "index":278,
            "아파트명":"한솔1차",
            "투자타입":"일반",
            "전용면적(m2)":"77.97",
            "전용면적(평)":"23평",
            "법정동주소":"경상북도 경산시 정평동 123",
            "도로명주소":"경상북도 경산시 대학로9길 34",
            "세대수":50,
            "입주년차":0,
            "용적률점수":"--",
            "건폐율점수":"--",
            "세대당주차수":0,
            "난방방식":30,
            "공급면적":"--",
            "전용률":"--",
            "욕실수":50,
            "현관타입":100,
            "주거총점":35.5,
            "지역구공급총점":0.0,
            "역세권":"NA",
            "30분내 이동가능 거점":"NA",
            "1시간내 이동가능 거점":"NA",
            "교통총점":"NA",
            "백화점":0,
            "아울렛몰":80,
            "대형마트":100,
            "은행":0,
            "병원":60,
            "종합병원":100,
            "공원":80,
            "혐오시설":0,
            "인프라총점":51.4,
            "초등학군":89.98,
            "중학군":44.08,
            "학군총점":53.26,
            "인구수":28.79,
            "인구증감":13.06,
            "인구총점":24.071,
            "일자리":18.39,
            "소득수준":56.95,
            "일자리총점":29.958,
            "가치 총점":46.3,
            "매매실거래년":20220212.0,
            "매매실거래가":16870.0,
            "전세실거래년":20211228.0,
            "전세실거래가":15000.0,
            "전세가율":88.92,
            "장기전세가율평균":73.59,
            "전세가율거품지수":-15.33,
            "검색코드":4051,
            "세대수":448.0,
            "준공년월":"1997-02-14",
            "준공년차":26.0,
            "가까운역이름":"NA",
            "가까운역거리":"NA",
            "역세권여부":"NA",
            "30분이내주요거점역":"NA",
            "30분거점역이름":"NA",
            "1시간이내주요거점역":"NA",
            "1시간거점역이름":"NA",
            "3km이내백화점수":0,
            "5km이내아울렛몰수":1,
            "1km이내대형먀트수":2,
            "500m이내은행수":1,
            "500m이내병원수":26,
            "5km이내대형병원수":2,
            "500m이내공원수":1,
            "3km이내혐오시설수":0,
            "초등학교학업성취도":89.98,
            "중학교학업성취도":73.2,
            "용적률":236,
            "건폐율":79,
            "Y":35.837891,
            "X":128.727509,
            "rank":25.0,
            "area_info":"23평(77.97), 23평(77.7), 28평(93.28), 32평(106.62), 48평(160.0)",
            "last_sales":"2022-02-12,16870.0,23평(77.97)",
            "rank_history":[
                [
                    "202203",
                    25
                ],
                [
                    "202202",
                    25
                ],
                [
                    "202201",
                    24
                ]
            ],
            "rank_gap":0
        },
        {
            "index":249,
            "아파트명":"경산LIG2단지",
            "투자타입":"일반",
            "전용면적(m2)":"86.37",
            "전용면적(평)":"26평",
            "법정동주소":"경상북도 경산시 정평동 154",
            "도로명주소":"경상북도 경산시 대학로9길 27-12",
            "세대수":0,
            "입주년차":40,
            "용적률점수":"--",
            "건폐율점수":"--",
            "세대당주차수":30,
            "난방방식":30,
            "공급면적":"--",
            "전용률":"--",
            "욕실수":100,
            "현관타입":100,
            "주거총점":35.5,
            "지역구공급총점":0.0,
            "역세권":"NA",
            "30분내 이동가능 거점":"NA",
            "1시간내 이동가능 거점":"NA",
            "교통총점":"NA",
            "백화점":0,
            "아울렛몰":80,
            "대형마트":100,
            "은행":0,
            "병원":80,
            "종합병원":100,
            "공원":0,
            "혐오시설":0,
            "인프라총점":51.0,
            "초등학군":89.98,
            "중학군":44.08,
            "학군총점":53.26,
            "인구수":28.79,
            "인구증감":13.06,
            "인구총점":24.071,
            "일자리":18.39,
            "소득수준":56.95,
            "일자리총점":29.958,
            "가치 총점":46.14,
            "매매실거래년":20220203.0,
            "매매실거래가":31700.0,
            "전세실거래년":20201117.0,
            "전세실거래가":20000.0,
            "전세가율":93.02,
            "장기전세가율평균":73.59,
            "전세가율거품지수":-19.43,
            "검색코드":15367,
            "세대수":93.0,
            "준공년월":"2005-07-23",
            "준공년차":18.0,
            "가까운역이름":"NA",
            "가까운역거리":"NA",
            "역세권여부":"NA",
            "30분이내주요거점역":"NA",
            "30분거점역이름":"NA",
            "1시간이내주요거점역":"NA",
            "1시간거점역이름":"NA",
            "3km이내백화점수":0,
            "5km이내아울렛몰수":1,
            "1km이내대형먀트수":2,
            "500m이내은행수":1,
            "500m이내병원수":30,
            "5km이내대형병원수":2,
            "500m이내공원수":0,
            "3km이내혐오시설수":0,
            "초등학교학업성취도":89.98,
            "중학교학업성취도":73.2,
            "용적률":169,
            "건폐율":23,
            "Y":35.836603,
            "X":128.725893,
            "rank":26.0,
            "area_info":"26평(86.37), 33평(109.58)",
            "last_sales":"2022-02-03,31700.0,33평(109.58)",
            "rank_history":[
                [
                    "202203",
                    26
                ],
                [
                    "202202",
                    9999
                ]
            ],
            "rank_gap":9999
        },
        {
            "index":247,
            "아파트명":"경산LIG1단지",
            "투자타입":"일반",
            "전용면적(m2)":"85.19",
            "전용면적(평)":"25평",
            "법정동주소":"경상북도 경산시 정평동 151",
            "도로명주소":"경상북도 경산시 대학로9길 15-9",
            "세대수":0,
            "입주년차":40,
            "용적률점수":"--",
            "건폐율점수":"--",
            "세대당주차수":30,
            "난방방식":30,
            "공급면적":"--",
            "전용률":"--",
            "욕실수":100,
            "현관타입":100,
            "주거총점":35.5,
            "지역구공급총점":0.0,
            "역세권":"NA",
            "30분내 이동가능 거점":"NA",
            "1시간내 이동가능 거점":"NA",
            "교통총점":"NA",
            "백화점":0,
            "아울렛몰":80,
            "대형마트":100,
            "은행":0,
            "병원":80,
            "종합병원":100,
            "공원":0,
            "혐오시설":0,
            "인프라총점":51.0,
            "초등학군":89.98,
            "중학군":44.08,
            "학군총점":53.26,
            "인구수":28.79,
            "인구증감":13.06,
            "인구총점":24.071,
            "일자리":18.39,
            "소득수준":56.95,
            "일자리총점":29.958,
            "가치 총점":46.14,
            "매매실거래년":20201225.0,
            "매매실거래가":29400.0,
            "전세실거래년":20200609.0,
            "전세실거래가":19000.0,
            "전세가율":74.51,
            "장기전세가율평균":73.59,
            "전세가율거품지수":-0.92,
            "검색코드":15365,
            "세대수":163.0,
            "준공년월":"2005-07-23",
            "준공년차":18.0,
            "가까운역이름":"NA",
            "가까운역거리":"NA",
            "역세권여부":"NA",
            "30분이내주요거점역":"NA",
            "30분거점역이름":"NA",
            "1시간이내주요거점역":"NA",
            "1시간거점역이름":"NA",
            "3km이내백화점수":0,
            "5km이내아울렛몰수":1,
            "1km이내대형먀트수":2,
            "500m이내은행수":1,
            "500m이내병원수":32,
            "5km이내대형병원수":2,
            "500m이내공원수":0,
            "3km이내혐오시설수":0,
            "초등학교학업성취도":89.98,
            "중학교학업성취도":73.2,
            "용적률":186,
            "건폐율":22,
            "Y":35.835995,
            "X":128.726529,
            "rank":26.0,
            "area_info":"25평(85.19), 33평(109.28)",
            "last_sales":"2020-12-25,29400.0,33평(109.28)",
            "rank_history":[
                [
                    "202203",
                    26
                ],
                [
                    "202202",
                    26
                ],
                [
                    "202201",
                    26
                ]
            ],
            "rank_gap":0
        },
        {
            "index":283,
            "아파트명":"한솔2차",
            "투자타입":"일반",
            "전용면적(m2)":"74.47",
            "전용면적(평)":"22평",
            "법정동주소":"경상북도 경산시 정평동 255-35",
            "도로명주소":"경상북도 경산시 대학로13길 42",
            "세대수":30,
            "입주년차":0,
            "용적률점수":"--",
            "건폐율점수":"--",
            "세대당주차수":30,
            "난방방식":30,
            "공급면적":"--",
            "전용률":"--",
            "욕실수":50,
            "현관타입":100,
            "주거총점":33.0,
            "지역구공급총점":0.0,
            "역세권":"NA",
            "30분내 이동가능 거점":"NA",
            "1시간내 이동가능 거점":"NA",
            "교통총점":"NA",
            "백화점":0,
            "아울렛몰":80,
            "대형마트":100,
            "은행":0,
            "병원":60,
            "종합병원":100,
            "공원":100,
            "혐오시설":0,
            "인프라총점":52.0,
            "초등학군":89.98,
            "중학군":44.08,
            "학군총점":53.26,
            "인구수":28.79,
            "인구증감":13.06,
            "인구총점":24.071,
            "일자리":18.39,
            "소득수준":56.95,
            "일자리총점":29.958,
            "가치 총점":45.665,
            "매매실거래년":20220217.0,
            "매매실거래가":17350.0,
            "전세실거래년":20220122.0,
            "전세실거래가":16500.0,
            "전세가율":95.1,
            "장기전세가율평균":73.59,
            "전세가율거품지수":-21.51,
            "검색코드":4052,
            "세대수":350.0,
            "준공년월":"1998-04-20",
            "준공년차":25.0,
            "가까운역이름":"NA",
            "가까운역거리":"NA",
            "역세권여부":"NA",
            "30분이내주요거점역":"NA",
            "30분거점역이름":"NA",
            "1시간이내주요거점역":"NA",
            "1시간거점역이름":"NA",
            "3km이내백화점수":0,
            "5km이내아울렛몰수":1,
            "1km이내대형먀트수":2,
            "500m이내은행수":1,
            "500m이내병원수":27,
            "5km이내대형병원수":2,
            "500m이내공원수":2,
            "3km이내혐오시설수":0,
            "초등학교학업성취도":89.98,
            "중학교학업성취도":73.2,
            "용적률":314,
            "건폐율":23,
            "Y":35.837949,
            "X":128.728396,
            "rank":27.0,
            "area_info":"22평(74.47), 26평(88.45), 30평(101.1), 40평(133.92), 45평(151.44)",
            "last_sales":"2022-02-17,17350.0,22평(74.47)",
            "rank_history":[
                [
                    "202203",
                    27
                ],
                [
                    "202202",
                    27
                ],
                [
                    "202201",
                    25
                ]
            ],
            "rank_gap":0
        },
        {
            "index":43,
            "아파트명":"경산백천월드메르디앙",
            "투자타입":"일반",
            "전용면적(m2)":"100.88",
            "전용면적(평)":"30평",
            "법정동주소":"경상북도 경산시 백천동 571-2",
            "도로명주소":"경상북도 경산시 경청로221길 12",
            "세대수":80,
            "입주년차":40,
            "용적률점수":"--",
            "건폐율점수":"--",
            "세대당주차수":30,
            "난방방식":30,
            "공급면적":"--",
            "전용률":"--",
            "욕실수":100,
            "현관타입":100,
            "주거총점":63.5,
            "지역구공급총점":0.0,
            "역세권":"NA",
            "30분내 이동가능 거점":"NA",
            "1시간내 이동가능 거점":"NA",
            "교통총점":"NA",
            "백화점":0,
            "아울렛몰":0,
            "대형마트":0,
            "은행":0,
            "병원":30,
            "종합병원":100,
            "공원":100,
            "혐오시설":0,
            "인프라총점":26.0,
            "초등학군":89.99,
            "중학군":40.98,
            "학군총점":50.782,
            "인구수":28.79,
            "인구증감":13.06,
            "인구총점":24.071,
            "일자리":18.39,
            "소득수준":56.95,
            "일자리총점":29.958,
            "가치 총점":45.3205,
            "매매실거래년":20220121.0,
            "매매실거래가":35800.0,
            "전세실거래년":20211030.0,
            "전세실거래가":18000.0,
            "전세가율":72.29,
            "장기전세가율평균":73.59,
            "전세가율거품지수":1.3,
            "검색코드":15357,
            "세대수":873.0,
            "준공년월":"2005-10-28",
            "준공년차":18.0,
            "가까운역이름":"NA",
            "가까운역거리":"NA",
            "역세권여부":"NA",
            "30분이내주요거점역":"NA",
            "30분거점역이름":"NA",
            "1시간이내주요거점역":"NA",
            "1시간거점역이름":"NA",
            "3km이내백화점수":0,
            "5km이내아울렛몰수":0,
            "1km이내대형먀트수":0,
            "500m이내은행수":0,
            "500m이내병원수":7,
            "5km이내대형병원수":2,
            "500m이내공원수":3,
            "3km이내혐오시설수":0,
            "초등학교학업성취도":89.99,
            "중학교학업성취도":67.9,
            "용적률":217,
            "건폐율":19,
            "Y":35.805676,
            "X":128.738169,
            "rank":28.0,
            "area_info":"30평(100.88), 33평(111.64), 35평(118.8), 43평(145.2)",
            "last_sales":"2022-01-21,35800.0,43평(145.2)",
            "rank_history":[
                [
                    "202203",
                    28
                ],
                [
                    "202202",
                    28
                ],
                [
                    "202201",
                    27
                ]
            ],
            "rank_gap":0
        },
        {
            "index":103,
            "아파트명":"팰리스부영1단지",
            "투자타입":"일반",
            "전용면적(m2)":"88.37",
            "전용면적(평)":"26평",
            "법정동주소":"경상북도 경산시 사동 310",
            "도로명주소":"경상북도 경산시 삼성현로91길 9",
            "세대수":50,
            "입주년차":100,
            "용적률점수":"--",
            "건폐율점수":"--",
            "세대당주차수":30,
            "난방방식":30,
            "공급면적":"--",
            "전용률":"--",
            "욕실수":100,
            "현관타입":100,
            "주거총점":65.0,
            "지역구공급총점":0.0,
            "역세권":"NA",
            "30분내 이동가능 거점":"NA",
            "1시간내 이동가능 거점":"NA",
            "교통총점":"NA",
            "백화점":0,
            "아울렛몰":0,
            "대형마트":0,
            "은행":0,
            "병원":0,
            "종합병원":80,
            "공원":0,
            "혐오시설":0,
            "인프라총점":16.0,
            "초등학군":89.99,
            "중학군":55.9,
            "학군총점":62.718,
            "인구수":28.79,
            "인구증감":13.06,
            "인구총점":24.071,
            "일자리":18.39,
            "소득수준":56.95,
            "일자리총점":29.958,
            "가치 총점":44.8295,
            "매매실거래년":20220224.0,
            "매매실거래가":26200.0,
            "전세실거래년":20211217.0,
            "전세실거래가":17850.0,
            "전세가율":68.13,
            "장기전세가율평균":73.59,
            "전세가율거품지수":5.46,
            "검색코드":127222,
            "세대수":630.0,
            "준공년월":"2019-07-30",
            "준공년차":4.0,
            "가까운역이름":"NA",
            "가까운역거리":"NA",
            "역세권여부":"NA",
            "30분이내주요거점역":"NA",
            "30분거점역이름":"NA",
            "1시간이내주요거점역":"NA",
            "1시간거점역이름":"NA",
            "3km이내백화점수":0,
            "5km이내아울렛몰수":0,
            "1km이내대형먀트수":0,
            "500m이내은행수":0,
            "500m이내병원수":0,
            "5km이내대형병원수":1,
            "500m이내공원수":0,
            "3km이내혐오시설수":0,
            "초등학교학업성취도":89.99,
            "중학교학업성취도":91.5,
            "용적률":199,
            "건폐율":17,
            "Y":35.807721,
            "X":128.746755,
            "rank":29.0,
            "area_info":"26평(88.37), 34평(113.92)",
            "last_sales":"2022-02-24,26200.0,26평(88.37)",
            "rank_history":[
                [
                    "202203",
                    29
                ],
                [
                    "202202",
                    30
                ],
                [
                    "202201",
                    28
                ]
            ],
            "rank_gap":1
        },
        {
            "index":261,
            "아파트명":"귀빈타운",
            "투자타입":"일반",
            "전용면적(m2)":"82.65",
            "전용면적(평)":"25평",
            "법정동주소":"경상북도 경산시 정평동 222",
            "도로명주소":"경상북도 경산시 대학로12길 24",
            "세대수":80,
            "입주년차":0,
            "용적률점수":"--",
            "건폐율점수":"--",
            "세대당주차수":0,
            "난방방식":30,
            "공급면적":"--",
            "전용률":"--",
            "욕실수":50,
            "현관타입":10,
            "주거총점":37.0,
            "지역구공급총점":0.0,
            "역세권":"NA",
            "30분내 이동가능 거점":"NA",
            "1시간내 이동가능 거점":"NA",
            "교통총점":"NA",
            "백화점":0,
            "아울렛몰":0,
            "대형마트":100,
            "은행":0,
            "병원":80,
            "종합병원":100,
            "공원":100,
            "혐오시설":0,
            "인프라총점":46.0,
            "초등학군":89.98,
            "중학군":44.08,
            "학군총점":53.26,
            "인구수":28.79,
            "인구증감":13.06,
            "인구총점":24.071,
            "일자리":18.39,
            "소득수준":56.95,
            "일자리총점":29.958,
            "가치 총점":44.665,
            "매매실거래년":20220125.0,
            "매매실거래가":26500.0,
            "전세실거래년":20220223.0,
            "전세실거래가":15700.0,
            "전세가율":102.61,
            "장기전세가율평균":73.59,
            "전세가율거품지수":-29.02,
            "검색코드":4046,
            "세대수":750.0,
            "준공년월":"1993-03-30",
            "준공년차":30.0,
            "가까운역이름":"NA",
            "가까운역거리":"NA",
            "역세권여부":"NA",
            "30분이내주요거점역":"NA",
            "30분거점역이름":"NA",
            "1시간이내주요거점역":"NA",
            "1시간거점역이름":"NA",
            "3km이내백화점수":0,
            "5km이내아울렛몰수":0,
            "1km이내대형먀트수":2,
            "500m이내은행수":1,
            "500m이내병원수":32,
            "5km이내대형병원수":2,
            "500m이내공원수":4,
            "3km이내혐오시설수":0,
            "초등학교학업성취도":89.98,
            "중학교학업성취도":73.2,
            "용적률":239,
            "건폐율":20,
            "Y":35.831216,
            "X":128.7285,
            "rank":30.0,
            "area_info":"25평(82.65), 25평(85.95), 27평(92.56), 32평(105.79), 39평(132.23)",
            "last_sales":"2022-01-25,26500.0,32평(105.79)",
            "rank_history":[
                [
                    "202203",
                    30
                ],
                [
                    "202202",
                    29
                ],
                [
                    "202201",
                    30
                ]
            ],
            "rank_gap":-1
        },
        {
            "index":87,
            "아파트명":"사동2지구화성파크드림",
            "투자타입":"일반",
            "전용면적(m2)":"130.95",
            "전용면적(평)":"39평",
            "법정동주소":"경상북도 경산시 사동 21",
            "도로명주소":"경상북도 경산시 삼성현로91길 45",
            "세대수":50,
            "입주년차":60,
            "용적률점수":"--",
            "건폐율점수":"--",
            "세대당주차수":60,
            "난방방식":30,
            "공급면적":"--",
            "전용률":"--",
            "욕실수":100,
            "현관타입":100,
            "주거총점":61.5,
            "지역구공급총점":0.0,
            "역세권":"NA",
            "30분내 이동가능 거점":"NA",
            "1시간내 이동가능 거점":"NA",
            "교통총점":"NA",
            "백화점":0,
            "아울렛몰":0,
            "대형마트":0,
            "은행":0,
            "병원":30,
            "종합병원":80,
            "공원":100,
            "혐오시설":0,
            "인프라총점":22.0,
            "초등학군":89.99,
            "중학군":48.06,
            "학군총점":56.446,
            "인구수":28.79,
            "인구증감":13.06,
            "인구총점":24.071,
            "일자리":18.39,
            "소득수준":56.95,
            "일자리총점":29.958,
            "가치 총점":44.4365,
            "매매실거래년":20211015.0,
            "매매실거래가":55800.0,
            "전세실거래년":20180827.0,
            "전세실거래가":25000.0,
            "전세가율":69.44,
            "장기전세가율평균":73.59,
            "전세가율거품지수":4.15,
            "검색코드":102232,
            "세대수":505.0,
            "준공년월":"2010-10-21",
            "준공년차":13.0,
            "가까운역이름":"NA",
            "가까운역거리":"NA",
            "역세권여부":"NA",
            "30분이내주요거점역":"NA",
            "30분거점역이름":"NA",
            "1시간이내주요거점역":"NA",
            "1시간거점역이름":"NA",
            "3km이내백화점수":0,
            "5km이내아울렛몰수":0,
            "1km이내대형먀트수":0,
            "500m이내은행수":0,
            "500m이내병원수":9,
            "5km이내대형병원수":1,
            "500m이내공원수":6,
            "3km이내혐오시설수":0,
            "초등학교학업성취도":89.99,
            "중학교학업성취도":79.3,
            "용적률":198,
            "건폐율":16,
            "Y":35.810993,
            "X":128.752858,
            "rank":31.0,
            "area_info":"39평(130.95), 39평(131.42), 39평(131.06), 45평(149.35), 45평(149.42), 45평(150.14), 45평(150.65), 45평(150.38), 45평(150.25), 49평(163.26)",
            "last_sales":"2021-10-15,55800.0,49평(163.26)",
            "rank_history":[
                [
                    "202203",
                    31
                ],
                [
                    "202202",
                    31
                ],
                [
                    "202201",
                    29
                ]
            ],
            "rank_gap":0
        },
        {
            "index":435,
            "아파트명":"경산하양롯데낙천대2차",
            "투자타입":"일반",
            "전용면적(m2)":"81.46",
            "전용면적(평)":"24평",
            "법정동주소":"경상북도 경산시 하양읍 금락리 407-1",
            "도로명주소":"경상북도 경산시 대학로295길 26",
            "세대수":50,
            "입주년차":40,
            "용적률점수":"--",
            "건폐율점수":"--",
            "세대당주차수":30,
            "난방방식":30,
            "공급면적":"--",
            "전용률":"--",
            "욕실수":100,
            "현관타입":100,
            "주거총점":53.0,
            "지역구공급총점":0.0,
            "역세권":"NA",
            "30분내 이동가능 거점":"NA",
            "1시간내 이동가능 거점":"NA",
            "교통총점":"NA",
            "백화점":0,
            "아울렛몰":0,
            "대형마트":80,
            "은행":70,
            "병원":80,
            "종합병원":0,
            "공원":100,
            "혐오시설":0,
            "인프라총점":30.0,
            "초등학군":90.01,
            "중학군":46.74,
            "학군총점":55.394,
            "인구수":28.79,
            "인구증감":13.06,
            "인구총점":24.071,
            "일자리":18.39,
            "소득수준":56.95,
            "일자리총점":29.958,
            "가치 총점":44.3985,
            "매매실거래년":20220129.0,
            "매매실거래가":39000.0,
            "전세실거래년":20211002.0,
            "전세실거래가":15000.0,
            "전세가율":85.71,
            "장기전세가율평균":73.59,
            "전세가율거품지수":-12.12,
            "검색코드":17744,
            "세대수":486.0,
            "준공년월":"2006-06-27",
            "준공년차":17.0,
            "가까운역이름":"NA",
            "가까운역거리":"NA",
            "역세권여부":"NA",
            "30분이내주요거점역":"NA",
            "30분거점역이름":"NA",
            "1시간이내주요거점역":"NA",
            "1시간거점역이름":"NA",
            "3km이내백화점수":0,
            "5km이내아울렛몰수":0,
            "1km이내대형먀트수":1,
            "500m이내은행수":3,
            "500m이내병원수":31,
            "5km이내대형병원수":0,
            "500m이내공원수":3,
            "3km이내혐오시설수":0,
            "초등학교학업성취도":90.01,
            "중학교학업성취도":77.9,
            "용적률":296,
            "건폐율":19,
            "Y":35.910088,
            "X":128.820824,
            "rank":32.0,
            "area_info":"24평(81.46), 32평(108.56), 32평(108.59), 43평(142.16)",
            "last_sales":"2022-01-29,39000.0,43평(142.16)",
            "rank_history":[
                [
                    "202203",
                    32
                ],
                [
                    "202202",
                    32
                ],
                [
                    "202201",
                    32
                ]
            ],
            "rank_gap":0
        },
        {
            "index":335,
            "아파트명":"해성센트럴파크",
            "투자타입":"일반",
            "전용면적(m2)":"101.45",
            "전용면적(평)":"30평",
            "법정동주소":"경상북도 경산시 중방동 878-7",
            "도로명주소":"경상북도 경산시 경안로33길 2",
            "세대수":0,
            "입주년차":80,
            "용적률점수":"--",
            "건폐율점수":"--",
            "세대당주차수":0,
            "난방방식":30,
            "공급면적":"--",
            "전용률":"--",
            "욕실수":100,
            "현관타입":100,
            "주거총점":39.0,
            "지역구공급총점":0.0,
            "역세권":"NA",
            "30분내 이동가능 거점":"NA",
            "1시간내 이동가능 거점":"NA",
            "교통총점":"NA",
            "백화점":0,
            "아울렛몰":0,
            "대형마트":0,
            "은행":100,
            "병원":100,
            "종합병원":100,
            "공원":100,
            "혐오시설":0,
            "인프라총점":43.0,
            "초등학군":89.97,
            "중학군":44.08,
            "학군총점":53.258,
            "인구수":28.79,
            "인구증감":13.06,
            "인구총점":24.071,
            "일자리":18.39,
            "소득수준":56.95,
            "일자리총점":29.958,
            "가치 총점":44.1645,
            "매매실거래년":20211211.0,
            "매매실거래가":22000.0,
            "전세실거래년":20210108.0,
            "전세실거래가":17000.0,
            "전세가율":89.47,
            "장기전세가율평균":73.59,
            "전세가율거품지수":-15.88,
            "검색코드":111857,
            "세대수":56.0,
            "준공년월":"2016-01-06",
            "준공년차":7.0,
            "가까운역이름":"NA",
            "가까운역거리":"NA",
            "역세권여부":"NA",
            "30분이내주요거점역":"NA",
            "30분거점역이름":"NA",
            "1시간이내주요거점역":"NA",
            "1시간거점역이름":"NA",
            "3km이내백화점수":0,
            "5km이내아울렛몰수":0,
            "1km이내대형먀트수":0,
            "500m이내은행수":6,
            "500m이내병원수":76,
            "5km이내대형병원수":2,
            "500m이내공원수":2,
            "3km이내혐오시설수":0,
            "초등학교학업성취도":89.97,
            "중학교학업성취도":73.2,
            "용적률":431,
            "건폐율":58,
            "Y":35.822181,
            "X":128.737341,
            "rank":33.0,
            "area_info":"30평(101.45), 32평(109.04), 33평(110.87), 33평(110.0)",
            "last_sales":"2021-12-11,22000.0,33평(110.0)",
            "rank_history":[
                [
                    "202203",
                    33
                ],
                [
                    "202202",
                    9999
                ]
            ],
            "rank_gap":9999
        },
        {
            "index":399,
            "아파트명":"경산진량선화지구호반베르디움",
            "투자타입":"일반",
            "전용면적(m2)":"83.33",
            "전용면적(평)":"25평",
            "법정동주소":"경상북도 경산시 진량읍 선화리 2206",
            "도로명주소":"경상북도 경산시 선항6길 30",
            "세대수":50,
            "입주년차":100,
            "용적률점수":"--",
            "건폐율점수":"--",
            "세대당주차수":60,
            "난방방식":30,
            "공급면적":"--",
            "전용률":"--",
            "욕실수":100,
            "현관타입":100,
            "주거총점":69.5,
            "지역구공급총점":0.0,
            "역세권":"NA",
            "30분내 이동가능 거점":"NA",
            "1시간내 이동가능 거점":"NA",
            "교통총점":"NA",
            "백화점":0,
            "아울렛몰":0,
            "대형마트":80,
            "은행":0,
            "병원":10,
            "종합병원":0,
            "공원":100,
            "혐오시설":0,
            "인프라총점":16.0,
            "초등학군":89.99,
            "중학군":43.14,
            "학군총점":52.51,
            "인구수":28.79,
            "인구증감":13.06,
            "인구총점":24.071,
            "일자리":18.39,
            "소득수준":56.95,
            "일자리총점":29.958,
            "가치 총점":43.8525,
            "매매실거래년":20201226.0,
            "매매실거래가":22140.0,
            "전세실거래년":null,
            "전세실거래가":null,
            "전세가율":null,
            "장기전세가율평균":73.59,
            "전세가율거품지수":null,
            "검색코드":122534,
            "세대수":549.0,
            "준공년월":"2020-11-01",
            "준공년차":3.0,
            "가까운역이름":"NA",
            "가까운역거리":"NA",
            "역세권여부":"NA",
            "30분이내주요거점역":"NA",
            "30분거점역이름":"NA",
            "1시간이내주요거점역":"NA",
            "1시간거점역이름":"NA",
            "3km이내백화점수":0,
            "5km이내아울렛몰수":0,
            "1km이내대형먀트수":1,
            "500m이내은행수":0,
            "500m이내병원수":2,
            "5km이내대형병원수":0,
            "500m이내공원수":3,
            "3km이내혐오시설수":0,
            "초등학교학업성취도":89.99,
            "중학교학업성취도":71.9,
            "용적률":248,
            "건폐율":21,
            "Y":35.873954,
            "X":128.811658,
            "rank":34.0,
            "area_info":"25평(83.33), 25평(83.59), 34평(112.94)",
            "last_sales":"2020-12-26,22140.0,25평(83.33)",
            "rank_history":[
                [
                    "202203",
                    34
                ],
                [
                    "202202",
                    33
                ],
                [
                    "202201",
                    33
                ]
            ],
            "rank_gap":-1
        },
        {
            "index":84,
            "아파트명":"부영2차",
            "투자타입":"일반",
            "전용면적(m2)":"112.81",
            "전용면적(평)":"34평",
            "법정동주소":"경상북도 경산시 사동 650-1",
            "도로명주소":"경상북도 경산시 장산로 319",
            "세대수":80,
            "입주년차":20,
            "용적률점수":"--",
            "건폐율점수":"--",
            "세대당주차수":30,
            "난방방식":30,
            "공급면적":"--",
            "전용률":"--",
            "욕실수":100,
            "현관타입":100,
            "주거총점":59.5,
            "지역구공급총점":0.0,
            "역세권":"NA",
            "30분내 이동가능 거점":"NA",
            "1시간내 이동가능 거점":"NA",
            "교통총점":"NA",
            "백화점":0,
            "아울렛몰":0,
            "대형마트":0,
            "은행":20,
            "병원":10,
            "종합병원":80,
            "공원":100,
            "혐오시설":0,
            "인프라총점":22.0,
            "초등학군":90.01,
            "중학군":48.06,
            "학군총점":56.45,
            "인구수":28.79,
            "인구증감":13.06,
            "인구총점":24.071,
            "일자리":18.39,
            "소득수준":56.95,
            "일자리총점":29.958,
            "가치 총점":43.7375,
            "매매실거래년":20220127.0,
            "매매실거래가":17400.0,
            "전세실거래년":20211105.0,
            "전세실거래가":15500.0,
            "전세가율":89.08,
            "장기전세가율평균":73.59,
            "전세가율거품지수":-15.49,
            "검색코드":109388,
            "세대수":720.0,
            "준공년월":"2001-12-31",
            "준공년차":22.0,
            "가까운역이름":"NA",
            "가까운역거리":"NA",
            "역세권여부":"NA",
            "30분이내주요거점역":"NA",
            "30분거점역이름":"NA",
            "1시간이내주요거점역":"NA",
            "1시간거점역이름":"NA",
            "3km이내백화점수":0,
            "5km이내아울렛몰수":0,
            "1km이내대형먀트수":0,
            "500m이내은행수":2,
            "500m이내병원수":3,
            "5km이내대형병원수":1,
            "500m이내공원수":9,
            "3km이내혐오시설수":0,
            "초등학교학업성취도":90.01,
            "중학교학업성취도":79.3,
            "용적률":247,
            "건폐율":16,
            "Y":35.815724,
            "X":128.760195,
            "rank":35.0,
            "area_info":"34평(112.81)",
            "last_sales":"2022-01-27,17400.0,34평(112.81)",
            "rank_history":[
                [
                    "202203",
                    35
                ],
                [
                    "202202",
                    34
                ],
                [
                    "202201",
                    31
                ]
            ],
            "rank_gap":-1
        },
        {
            "index":140,
            "아파트명":"경산코아루",
            "투자타입":"일반",
            "전용면적(m2)":"109.43",
            "전용면적(평)":"33평",
            "법정동주소":"경상북도 경산시 압량읍 신대리 481",
            "도로명주소":"경상북도 경산시 압독3로 36",
            "세대수":50,
            "입주년차":80,
            "용적률점수":"--",
            "건폐율점수":"--",
            "세대당주차수":30,
            "난방방식":30,
            "공급면적":"--",
            "전용률":"--",
            "욕실수":100,
            "현관타입":100,
            "주거총점":61.0,
            "지역구공급총점":0.0,
            "역세권":"NA",
            "30분내 이동가능 거점":"NA",
            "1시간내 이동가능 거점":"NA",
            "교통총점":"NA",
            "백화점":0,
            "아울렛몰":0,
            "대형마트":0,
            "은행":0,
            "병원":30,
            "종합병원":80,
            "공원":100,
            "혐오시설":0,
            "인프라총점":22.0,
            "초등학군":89.97,
            "중학군":42.18,
            "학군총점":51.738,
            "인구수":28.79,
            "인구증감":13.06,
            "인구총점":24.071,
            "일자리":18.39,
            "소득수준":56.95,
            "일자리총점":29.958,
            "가치 총점":43.0845,
            "매매실거래년":20211201.0,
            "매매실거래가":33800.0,
            "전세실거래년":20211126.0,
            "전세실거래가":23100.0,
            "전세가율":68.34,
            "장기전세가율평균":73.59,
            "전세가율거품지수":5.25,
            "검색코드":107028,
            "세대수":403.0,
            "준공년월":"2015-09-04",
            "준공년차":8.0,
            "가까운역이름":"NA",
            "가까운역거리":"NA",
            "역세권여부":"NA",
            "30분이내주요거점역":"NA",
            "30분거점역이름":"NA",
            "1시간이내주요거점역":"NA",
            "1시간거점역이름":"NA",
            "3km이내백화점수":0,
            "5km이내아울렛몰수":0,
            "1km이내대형먀트수":0,
            "500m이내은행수":0,
            "500m이내병원수":9,
            "5km이내대형병원수":1,
            "500m이내공원수":5,
            "3km이내혐오시설수":0,
            "초등학교학업성취도":89.97,
            "중학교학업성취도":69.7,
            "용적률":208,
            "건폐율":18,
            "Y":35.842411,
            "X":128.765817,
            "rank":36.0,
            "area_info":"33평(109.43)",
            "last_sales":"2021-12-01,33800.0,33평(109.43)",
            "rank_history":[
                [
                    "202203",
                    36
                ],
                [
                    "202202",
                    35
                ],
                [
                    "202201",
                    34
                ]
            ],
            "rank_gap":-1
        },
        {
            "index":137,
            "아파트명":"경산우미린더포레스트",
            "투자타입":"일반",
            "전용면적(m2)":"94.85",
            "전용면적(평)":"28평",
            "법정동주소":"경상북도 경산시 압량읍 신대리 482",
            "도로명주소":"경상북도 경산시 압독2로 37",
            "세대수":50,
            "입주년차":80,
            "용적률점수":"--",
            "건폐율점수":"--",
            "세대당주차수":30,
            "난방방식":30,
            "공급면적":"--",
            "전용률":"--",
            "욕실수":100,
            "현관타입":100,
            "주거총점":61.0,
            "지역구공급총점":0.0,
            "역세권":"NA",
            "30분내 이동가능 거점":"NA",
            "1시간내 이동가능 거점":"NA",
            "교통총점":"NA",
            "백화점":0,
            "아울렛몰":0,
            "대형마트":0,
            "은행":0,
            "병원":30,
            "종합병원":80,
            "공원":100,
            "혐오시설":0,
            "인프라총점":22.0,
            "초등학군":89.97,
            "중학군":42.18,
            "학군총점":51.738,
            "인구수":28.79,
            "인구증감":13.06,
            "인구총점":24.071,
            "일자리":18.39,
            "소득수준":56.95,
            "일자리총점":29.958,
            "가치 총점":43.0845,
            "매매실거래년":20220119.0,
            "매매실거래가":34000.0,
            "전세실거래년":20211015.0,
            "전세실거래가":27000.0,
            "전세가율":85.71,
            "장기전세가율평균":73.59,
            "전세가율거품지수":-12.12,
            "검색코드":108383,
            "세대수":445.0,
            "준공년월":"2016-03-28",
            "준공년차":7.0,
            "가까운역이름":"NA",
            "가까운역거리":"NA",
            "역세권여부":"NA",
            "30분이내주요거점역":"NA",
            "30분거점역이름":"NA",
            "1시간이내주요거점역":"NA",
            "1시간거점역이름":"NA",
            "3km이내백화점수":0,
            "5km이내아울렛몰수":0,
            "1km이내대형먀트수":0,
            "500m이내은행수":0,
            "500m이내병원수":9,
            "5km이내대형병원수":1,
            "500m이내공원수":4,
            "3km이내혐오시설수":0,
            "초등학교학업성취도":89.97,
            "중학교학업성취도":69.7,
            "용적률":217,
            "건폐율":19,
            "Y":35.841756,
            "X":128.767199,
            "rank":36.0,
            "area_info":"28평(94.85), 33평(109.48)",
            "last_sales":"2022-01-19,34000.0,33평(109.48)",
            "rank_history":[
                [
                    "202203",
                    36
                ],
                [
                    "202202",
                    35
                ],
                [
                    "202201",
                    34
                ]
            ],
            "rank_gap":-1
        },
        {
            "index":199,
            "아파트명":"옥곡태왕아너스고은",
            "투자타입":"일반",
            "전용면적(m2)":"112.17",
            "전용면적(평)":"33평",
            "법정동주소":"경상북도 경산시 옥곡동 85-12",
            "도로명주소":"경상북도 경산시 옥실길 56",
            "세대수":0,
            "입주년차":80,
            "용적률점수":"--",
            "건폐율점수":"--",
            "세대당주차수":60,
            "난방방식":30,
            "공급면적":"--",
            "전용률":"--",
            "욕실수":100,
            "현관타입":100,
            "주거총점":48.0,
            "지역구공급총점":0.0,
            "역세권":"NA",
            "30분내 이동가능 거점":"NA",
            "1시간내 이동가능 거점":"NA",
            "교통총점":"NA",
            "백화점":0,
            "아울렛몰":0,
            "대형마트":0,
            "은행":0,
            "병원":30,
            "종합병원":100,
            "공원":100,
            "혐오시설":0,
            "인프라총점":26.0,
            "초등학군":90.01,
            "중학군":54.56,
            "학군총점":61.65,
            "인구수":28.79,
            "인구증감":13.06,
            "인구총점":24.071,
            "일자리":18.39,
            "소득수준":56.95,
            "일자리총점":29.958,
            "가치 총점":42.6125,
            "매매실거래년":20211208.0,
            "매매실거래가":27000.0,
            "전세실거래년":20210406.0,
            "전세실거래가":22000.0,
            "전세가율":92.44,
            "장기전세가율평균":73.59,
            "전세가율거품지수":-18.85,
            "검색코드":108482,
            "세대수":225.0,
            "준공년월":"2015-10-30",
            "준공년차":8.0,
            "가까운역이름":"NA",
            "가까운역거리":"NA",
            "역세권여부":"NA",
            "30분이내주요거점역":"NA",
            "30분거점역이름":"NA",
            "1시간이내주요거점역":"NA",
            "1시간거점역이름":"NA",
            "3km이내백화점수":0,
            "5km이내아울렛몰수":0,
            "1km이내대형먀트수":0,
            "500m이내은행수":0,
            "500m이내병원수":5,
            "5km이내대형병원수":2,
            "500m이내공원수":2,
            "3km이내혐오시설수":0,
            "초등학교학업성취도":90.01,
            "중학교학업성취도":90.8,
            "용적률":176,
            "건폐율":17,
            "Y":35.811395,
            "X":128.730034,
            "rank":37.0,
            "area_info":"33평(112.17), 34평(113.78), 34평(113.25), 34평(113.74)",
            "last_sales":"2021-12-08,27000.0,34평(113.74)",
            "rank_history":[
                [
                    "202203",
                    37
                ],
                [
                    "202202",
                    37
                ],
                [
                    "202201",
                    38
                ]
            ],
            "rank_gap":0
        },
        {
            "index":224,
            "아파트명":"우방",
            "투자타입":"일반",
            "전용면적(m2)":"84.22",
            "전용면적(평)":"25평",
            "법정동주소":"경상북도 경산시 옥산동 884-1",
            "도로명주소":"경상북도 경산시 성암로 26",
            "세대수":80,
            "입주년차":0,
            "용적률점수":"--",
            "건폐율점수":"--",
            "세대당주차수":30,
            "난방방식":30,
            "공급면적":"--",
            "전용률":"--",
            "욕실수":50,
            "현관타입":100,
            "주거총점":50.5,
            "지역구공급총점":0.0,
            "역세권":"NA",
            "30분내 이동가능 거점":"NA",
            "1시간내 이동가능 거점":"NA",
            "교통총점":"NA",
            "백화점":0,
            "아울렛몰":0,
            "대형마트":0,
            "은행":0,
            "병원":60,
            "종합병원":100,
            "공원":100,
            "혐오시설":0,
            "인프라총점":29.0,
            "초등학군":89.97,
            "중학군":44.08,
            "학군총점":53.258,
            "인구수":28.79,
            "인구증감":13.06,
            "인구총점":24.071,
            "일자리":18.39,
            "소득수준":56.95,
            "일자리총점":29.958,
            "가치 총점":42.5895,
            "매매실거래년":20211105.0,
            "매매실거래가":25200.0,
            "전세실거래년":20220122.0,
            "전세실거래가":12000.0,
            "전세가율":70.59,
            "장기전세가율평균":73.59,
            "전세가율거품지수":3.0,
            "검색코드":4039,
            "세대수":764.0,
            "준공년월":"1993-05-17",
            "준공년차":30.0,
            "가까운역이름":"NA",
            "가까운역거리":"NA",
            "역세권여부":"NA",
            "30분이내주요거점역":"NA",
            "30분거점역이름":"NA",
            "1시간이내주요거점역":"NA",
            "1시간거점역이름":"NA",
            "3km이내백화점수":0,
            "5km이내아울렛몰수":0,
            "1km이내대형먀트수":0,
            "500m이내은행수":1,
            "500m이내병원수":13,
            "5km이내대형병원수":2,
            "500m이내공원수":7,
            "3km이내혐오시설수":0,
            "초등학교학업성취도":89.97,
            "중학교학업성취도":73.2,
            "용적률":206,
            "건폐율":16,
            "Y":35.821526,
            "X":128.721063,
            "rank":38.0,
            "area_info":"25평(84.22), 29평(96.22), 34평(113.37), 43평(144.98)",
            "last_sales":"2021-11-05,25200.0,34평(113.37)",
            "rank_history":[
                [
                    "202203",
                    38
                ],
                [
                    "202202",
                    36
                ],
                [
                    "202201",
                    35
                ]
            ],
            "rank_gap":-2
        },
        {
            "index":259,
            "아파트명":"경산한서(한서신혼하이츠)",
            "투자타입":"일반",
            "전용면적(m2)":"97.6",
            "전용면적(평)":"29평",
            "법정동주소":"경상북도 경산시 정평동 255-39",
            "도로명주소":"경상북도 경산시 대학로13길 26",
            "세대수":0,
            "입주년차":0,
            "용적률점수":"--",
            "건폐율점수":"--",
            "세대당주차수":0,
            "난방방식":30,
            "공급면적":"--",
            "전용률":"--",
            "욕실수":100,
            "현관타입":100,
            "주거총점":23.0,
            "지역구공급총점":0.0,
            "역세권":"NA",
            "30분내 이동가능 거점":"NA",
            "1시간내 이동가능 거점":"NA",
            "교통총점":"NA",
            "백화점":0,
            "아울렛몰":80,
            "대형마트":100,
            "은행":0,
            "병원":60,
            "종합병원":100,
            "공원":100,
            "혐오시설":0,
            "인프라총점":52.0,
            "초등학군":89.98,
            "중학군":44.08,
            "학군총점":53.26,
            "인구수":28.79,
            "인구증감":13.06,
            "인구총점":24.071,
            "일자리":18.39,
            "소득수준":56.95,
            "일자리총점":29.958,
            "가치 총점":42.165,
            "매매실거래년":20220119.0,
            "매매실거래가":18000.0,
            "전세실거래년":20220223.0,
            "전세실거래가":16000.0,
            "전세가율":87.43,
            "장기전세가율평균":73.59,
            "전세가율거품지수":-13.84,
            "검색코드":4048,
            "세대수":228.0,
            "준공년월":"1993-10-30",
            "준공년차":30.0,
            "가까운역이름":"NA",
            "가까운역거리":"NA",
            "역세권여부":"NA",
            "30분이내주요거점역":"NA",
            "30분거점역이름":"NA",
            "1시간이내주요거점역":"NA",
            "1시간거점역이름":"NA",
            "3km이내백화점수":0,
            "5km이내아울렛몰수":1,
            "1km이내대형먀트수":2,
            "500m이내은행수":1,
            "500m이내병원수":28,
            "5km이내대형병원수":2,
            "500m이내공원수":2,
            "3km이내혐오시설수":0,
            "초등학교학업성취도":89.98,
            "중학교학업성취도":73.2,
            "용적률":492,
            "건폐율":34,
            "Y":35.836545,
            "X":128.729523,
            "rank":39.0,
            "area_info":"29평(97.6), 30평(102.31)",
            "last_sales":"2022-01-19,18000.0,30평(102.31)",
            "rank_history":[
                [
                    "202203",
                    39
                ],
                [
                    "202202",
                    38
                ],
                [
                    "202201",
                    36
                ]
            ],
            "rank_gap":-1
        },
        {
            "index":306,
            "아파트명":"대화타워팰리스2",
            "투자타입":"일반",
            "전용면적(m2)":"81.68",
            "전용면적(평)":"24평",
            "법정동주소":"경상북도 경산시 중방동 328-1",
            "도로명주소":"경상북도 경산시 경안로39길 49",
            "세대수":0,
            "입주년차":80,
            "용적률점수":"--",
            "건폐율점수":"--",
            "세대당주차수":0,
            "난방방식":30,
            "공급면적":"--",
            "전용률":"--",
            "욕실수":100,
            "현관타입":100,
            "주거총점":39.0,
            "지역구공급총점":0.0,
            "역세권":"NA",
            "30분내 이동가능 거점":"NA",
            "1시간내 이동가능 거점":"NA",
            "교통총점":"NA",
            "백화점":0,
            "아울렛몰":0,
            "대형마트":0,
            "은행":70,
            "병원":80,
            "종합병원":100,
            "공원":100,
            "혐오시설":0,
            "인프라총점":38.0,
            "초등학군":89.97,
            "중학군":44.08,
            "학군총점":53.258,
            "인구수":28.79,
            "인구증감":13.06,
            "인구총점":24.071,
            "일자리":18.39,
            "소득수준":56.95,
            "일자리총점":29.958,
            "가치 총점":42.1645,
            "매매실거래년":20210121.0,
            "매매실거래가":17000.0,
            "전세실거래년":20220127.0,
            "전세실거래가":23500.0,
            "전세가율":138.24,
            "장기전세가율평균":73.59,
            "전세가율거품지수":-64.65,
            "검색코드":113419,
            "세대수":68.0,
            "준공년월":"2016-07-01",
            "준공년차":7.0,
            "가까운역이름":"NA",
            "가까운역거리":"NA",
            "역세권여부":"NA",
            "30분이내주요거점역":"NA",
            "30분거점역이름":"NA",
            "1시간이내주요거점역":"NA",
            "1시간거점역이름":"NA",
            "3km이내백화점수":0,
            "5km이내아울렛몰수":0,
            "1km이내대형먀트수":0,
            "500m이내은행수":3,
            "500m이내병원수":52,
            "5km이내대형병원수":2,
            "500m이내공원수":3,
            "3km이내혐오시설수":0,
            "초등학교학업성취도":89.97,
            "중학교학업성취도":73.2,
            "용적률":307,
            "건폐율":35,
            "Y":35.822312,
            "X":128.732451,
            "rank":40.0,
            "area_info":"24평(81.68), 24평(81.68), 24평(81.68), 24평(81.68), 24평(81.68)",
            "last_sales":"2021-01-21,17000.0,24평(81.68)",
            "rank_history":[
                [
                    "202203",
                    40
                ],
                [
                    "202202",
                    9999
                ]
            ],
            "rank_gap":9999
        },
        {
            "index":174,
            "아파트명":"경산옥곡한일유앤아이",
            "투자타입":"일반",
            "전용면적(m2)":"81.93",
            "전용면적(평)":"24평",
            "법정동주소":"경상북도 경산시 옥곡동 828",
            "도로명주소":"경상북도 경산시 경산로 40",
            "세대수":30,
            "입주년차":40,
            "용적률점수":"--",
            "건폐율점수":"--",
            "세대당주차수":30,
            "난방방식":30,
            "공급면적":"--",
            "전용률":"--",
            "욕실수":100,
            "현관타입":100,
            "주거총점":46.0,
            "지역구공급총점":0.0,
            "역세권":"NA",
            "30분내 이동가능 거점":"NA",
            "1시간내 이동가능 거점":"NA",
            "교통총점":"NA",
            "백화점":0,
            "아울렛몰":0,
            "대형마트":0,
            "은행":0,
            "병원":30,
            "종합병원":100,
            "공원":100,
            "혐오시설":0,
            "인프라총점":26.0,
            "초등학군":90.01,
            "중학군":54.56,
            "학군총점":61.65,
            "인구수":28.79,
            "인구증감":13.06,
            "인구총점":24.071,
            "일자리":18.39,
            "소득수준":56.95,
            "일자리총점":29.958,
            "가치 총점":41.9125,
            "매매실거래년":20220205.0,
            "매매실거래가":23500.0,
            "전세실거래년":20210121.0,
            "전세실거래가":15000.0,
            "전세가율":76.53,
            "장기전세가율평균":73.59,
            "전세가율거품지수":-2.94,
            "검색코드":19517,
            "세대수":328.0,
            "준공년월":"2005-07-29",
            "준공년차":18.0,
            "가까운역이름":"NA",
            "가까운역거리":"NA",
            "역세권여부":"NA",
            "30분이내주요거점역":"NA",
            "30분거점역이름":"NA",
            "1시간이내주요거점역":"NA",
            "1시간거점역이름":"NA",
            "3km이내백화점수":0,
            "5km이내아울렛몰수":0,
            "1km이내대형먀트수":0,
            "500m이내은행수":0,
            "500m이내병원수":5,
            "5km이내대형병원수":2,
            "500m이내공원수":3,
            "3km이내혐오시설수":0,
            "초등학교학업성취도":90.01,
            "중학교학업성취도":90.8,
            "용적률":198,
            "건폐율":23,
            "Y":35.814044,
            "X":128.733135,
            "rank":41.0,
            "area_info":"24평(81.93), 29평(96.76), 31평(105.38)",
            "last_sales":"2022-02-05,23500.0,31평(105.38)",
            "rank_history":[
                [
                    "202203",
                    41
                ],
                [
                    "202202",
                    39
                ],
                [
                    "202201",
                    44
                ]
            ],
            "rank_gap":-2
        },
        {
            "index":439,
            "아파트명":"경산하양우미린더센트럴",
            "투자타입":"일반",
            "전용면적(m2)":"110.29",
            "전용면적(평)":"33평",
            "법정동주소":"경상북도 경산시 하양읍 서사리 351",
            "도로명주소":"경상북도 경산시 서사도리로 70",
            "세대수":80,
            "입주년차":100,
            "용적률점수":"--",
            "건폐율점수":"--",
            "세대당주차수":60,
            "난방방식":30,
            "공급면적":"--",
            "전용률":"--",
            "욕실수":100,
            "현관타입":100,
            "주거총점":80.0,
            "지역구공급총점":0.0,
            "역세권":"NA",
            "30분내 이동가능 거점":"NA",
            "1시간내 이동가능 거점":"NA",
            "교통총점":"NA",
            "백화점":0,
            "아울렛몰":0,
            "대형마트":0,
            "은행":0,
            "병원":0,
            "종합병원":0,
            "공원":0,
            "혐오시설":0,
            "인프라총점":0.0,
            "초등학군":90.67,
            "중학군":46.74,
            "학군총점":55.526,
            "인구수":28.79,
            "인구증감":13.06,
            "인구총점":24.071,
            "일자리":18.39,
            "소득수준":56.95,
            "일자리총점":29.958,
            "가치 총점":41.8815,
            "매매실거래년":20210614.0,
            "매매실거래가":32790.0,
            "전세실거래년":null,
            "전세실거래가":null,
            "전세가율":null,
            "장기전세가율평균":73.59,
            "전세가율거품지수":null,
            "검색코드":124875,
            "세대수":737.0,
            "준공년월":"2021-06-01",
            "준공년차":2.0,
            "가까운역이름":"NA",
            "가까운역거리":"NA",
            "역세권여부":"NA",
            "30분이내주요거점역":"NA",
            "30분거점역이름":"NA",
            "1시간이내주요거점역":"NA",
            "1시간거점역이름":"NA",
            "3km이내백화점수":0,
            "5km이내아울렛몰수":0,
            "1km이내대형먀트수":0,
            "500m이내은행수":0,
            "500m이내병원수":0,
            "5km이내대형병원수":0,
            "500m이내공원수":0,
            "3km이내혐오시설수":0,
            "초등학교학업성취도":90.67,
            "중학교학업성취도":77.9,
            "용적률":0,
            "건폐율":0,
            "Y":35.917298,
            "X":128.807788,
            "rank":42.0,
            "area_info":"33평(110.29), 33평(111.73), 39평(130.84), 43평(145.35)",
            "last_sales":"2021-06-14,32790.0,33평(110.29)",
            "rank_history":[
                [
                    "202203",
                    42
                ],
                [
                    "202202",
                    40
                ],
                [
                    "202201",
                    39
                ]
            ],
            "rank_gap":-2
        },
        {
            "index":156,
            "아파트명":"부영사랑으로1차",
            "투자타입":"일반",
            "전용면적(m2)":"80.43",
            "전용면적(평)":"24평",
            "법정동주소":"경상북도 경산시 압량읍 신대리 485",
            "도로명주소":"경상북도 경산시 압독2로 45",
            "세대수":50,
            "입주년차":60,
            "용적률점수":"--",
            "건폐율점수":"--",
            "세대당주차수":30,
            "난방방식":30,
            "공급면적":"--",
            "전용률":"--",
            "욕실수":100,
            "현관타입":100,
            "주거총점":57.0,
            "지역구공급총점":0.0,
            "역세권":"NA",
            "30분내 이동가능 거점":"NA",
            "1시간내 이동가능 거점":"NA",
            "교통총점":"NA",
            "백화점":0,
            "아울렛몰":0,
            "대형마트":0,
            "은행":0,
            "병원":30,
            "종합병원":80,
            "공원":100,
            "혐오시설":0,
            "인프라총점":22.0,
            "초등학군":89.97,
            "중학군":42.18,
            "학군총점":51.738,
            "인구수":28.79,
            "인구증감":13.06,
            "인구총점":24.071,
            "일자리":18.39,
            "소득수준":56.95,
            "일자리총점":29.958,
            "가치 총점":41.6845,
            "매매실거래년":20220219.0,
            "매매실거래가":18700.0,
            "전세실거래년":20220205.0,
            "전세실거래가":16500.0,
            "전세가율":88.24,
            "장기전세가율평균":73.59,
            "전세가율거품지수":-14.65,
            "검색코드":114324,
            "세대수":440.0,
            "준공년월":"2011-09-29",
            "준공년차":12.0,
            "가까운역이름":"NA",
            "가까운역거리":"NA",
            "역세권여부":"NA",
            "30분이내주요거점역":"NA",
            "30분거점역이름":"NA",
            "1시간이내주요거점역":"NA",
            "1시간거점역이름":"NA",
            "3km이내백화점수":0,
            "5km이내아울렛몰수":0,
            "1km이내대형먀트수":0,
            "500m이내은행수":0,
            "500m이내병원수":8,
            "5km이내대형병원수":1,
            "500m이내공원수":4,
            "3km이내혐오시설수":0,
            "초등학교학업성취도":89.97,
            "중학교학업성취도":69.7,
            "용적률":219,
            "건폐율":19,
            "Y":35.841222,
            "X":128.768308,
            "rank":43.0,
            "area_info":"24평(80.43)",
            "last_sales":"2022-02-19,18700.0,24평(80.43)",
            "rank_history":[
                [
                    "202203",
                    43
                ],
                [
                    "202202",
                    41
                ],
                [
                    "202201",
                    40
                ]
            ],
            "rank_gap":-2
        },
        {
            "index":157,
            "아파트명":"부영사랑으로2차",
            "투자타입":"일반",
            "전용면적(m2)":"80.36",
            "전용면적(평)":"24평",
            "법정동주소":"경상북도 경산시 압량읍 신대리 486",
            "도로명주소":"경상북도 경산시 압독2로 57",
            "세대수":50,
            "입주년차":60,
            "용적률점수":"--",
            "건폐율점수":"--",
            "세대당주차수":30,
            "난방방식":30,
            "공급면적":"--",
            "전용률":"--",
            "욕실수":100,
            "현관타입":100,
            "주거총점":57.0,
            "지역구공급총점":0.0,
            "역세권":"NA",
            "30분내 이동가능 거점":"NA",
            "1시간내 이동가능 거점":"NA",
            "교통총점":"NA",
            "백화점":0,
            "아울렛몰":0,
            "대형마트":0,
            "은행":0,
            "병원":30,
            "종합병원":80,
            "공원":100,
            "혐오시설":0,
            "인프라총점":22.0,
            "초등학군":89.97,
            "중학군":42.18,
            "학군총점":51.738,
            "인구수":28.79,
            "인구증감":13.06,
            "인구총점":24.071,
            "일자리":18.39,
            "소득수준":56.95,
            "일자리총점":29.958,
            "가치 총점":41.6845,
            "매매실거래년":20220214.0,
            "매매실거래가":16900.0,
            "전세실거래년":20220219.0,
            "전세실거래가":17500.0,
            "전세가율":103.55,
            "장기전세가율평균":73.59,
            "전세가율거품지수":-29.96,
            "검색코드":114325,
            "세대수":440.0,
            "준공년월":"2011-09-29",
            "준공년차":12.0,
            "가까운역이름":"NA",
            "가까운역거리":"NA",
            "역세권여부":"NA",
            "30분이내주요거점역":"NA",
            "30분거점역이름":"NA",
            "1시간이내주요거점역":"NA",
            "1시간거점역이름":"NA",
            "3km이내백화점수":0,
            "5km이내아울렛몰수":0,
            "1km이내대형먀트수":0,
            "500m이내은행수":0,
            "500m이내병원수":8,
            "5km이내대형병원수":1,
            "500m이내공원수":2,
            "3km이내혐오시설수":0,
            "초등학교학업성취도":89.97,
            "중학교학업성취도":69.7,
            "용적률":219,
            "건폐율":19,
            "Y":35.840685,
            "X":128.769466,
            "rank":43.0,
            "area_info":"24평(80.36)",
            "last_sales":"2022-02-14,16900.0,24평(80.36)",
            "rank_history":[
                [
                    "202203",
                    43
                ],
                [
                    "202202",
                    41
                ],
                [
                    "202201",
                    40
                ]
            ],
            "rank_gap":-2
        },
        {
            "index":75,
            "아파트명":"그린마을부영(부영5차)",
            "투자타입":"일반",
            "전용면적(m2)":"78.83",
            "전용면적(평)":"23평",
            "법정동주소":"경상북도 경산시 사동 670-1",
            "도로명주소":"경상북도 경산시 백양로 181",
            "세대수":80,
            "입주년차":20,
            "용적률점수":"--",
            "건폐율점수":"--",
            "세대당주차수":0,
            "난방방식":30,
            "공급면적":"--",
            "전용률":"--",
            "욕실수":100,
            "현관타입":100,
            "주거총점":55.0,
            "지역구공급총점":0.0,
            "역세권":"NA",
            "30분내 이동가능 거점":"NA",
            "1시간내 이동가능 거점":"NA",
            "교통총점":"NA",
            "백화점":0,
            "아울렛몰":0,
            "대형마트":0,
            "은행":0,
            "병원":10,
            "종합병원":80,
            "공원":100,
            "혐오시설":0,
            "인프라총점":20.0,
            "초등학군":90.01,
            "중학군":48.06,
            "학군총점":56.45,
            "인구수":28.79,
            "인구증감":13.06,
            "인구총점":24.071,
            "일자리":18.39,
            "소득수준":56.95,
            "일자리총점":29.958,
            "가치 총점":41.3625,
            "매매실거래년":20220216.0,
            "매매실거래가":19300.0,
            "전세실거래년":20210731.0,
            "전세실거래가":11000.0,
            "전세가율":77.46,
            "장기전세가율평균":73.59,
            "전세가율거품지수":-3.87,
            "검색코드":109432,
            "세대수":758.0,
            "준공년월":"2003-12-19",
            "준공년차":20.0,
            "가까운역이름":"NA",
            "가까운역거리":"NA",
            "역세권여부":"NA",
            "30분이내주요거점역":"NA",
            "30분거점역이름":"NA",
            "1시간이내주요거점역":"NA",
            "1시간거점역이름":"NA",
            "3km이내백화점수":0,
            "5km이내아울렛몰수":0,
            "1km이내대형먀트수":0,
            "500m이내은행수":0,
            "500m이내병원수":2,
            "5km이내대형병원수":1,
            "500m이내공원수":6,
            "3km이내혐오시설수":0,
            "초등학교학업성취도":90.01,
            "중학교학업성취도":79.3,
            "용적률":243,
            "건폐율":17,
            "Y":35.81138,
            "X":128.761603,
            "rank":44.0,
            "area_info":"23평(78.83), 31평(105.04)",
            "last_sales":"2022-02-16,19300.0,31평(105.04)",
            "rank_history":[
                [
                    "202203",
                    44
                ],
                [
                    "202202",
                    43
                ],
                [
                    "202201",
                    42
                ]
            ],
            "rank_gap":-1
        },
        {
            "index":443,
            "아파트명":"경산하양코아루2차",
            "투자타입":"일반",
            "전용면적(m2)":"102.93",
            "전용면적(평)":"31평",
            "법정동주소":"경상북도 경산시 하양읍 동서리 1218",
            "도로명주소":"경상북도 경산시 하양로37길 19",
            "세대수":50,
            "입주년차":80,
            "용적률점수":"--",
            "건폐율점수":"--",
            "세대당주차수":30,
            "난방방식":30,
            "공급면적":"--",
            "전용률":"--",
            "욕실수":100,
            "현관타입":100,
            "주거총점":61.0,
            "지역구공급총점":0.0,
            "역세권":"NA",
            "30분내 이동가능 거점":"NA",
            "1시간내 이동가능 거점":"NA",
            "교통총점":"NA",
            "백화점":0,
            "아울렛몰":0,
            "대형마트":80,
            "은행":0,
            "병원":10,
            "종합병원":0,
            "공원":80,
            "혐오시설":0,
            "인프라총점":15.4,
            "초등학군":89.97,
            "중학군":46.74,
            "학군총점":55.386,
            "인구수":28.79,
            "인구증감":13.06,
            "인구총점":24.071,
            "일자리":18.39,
            "소득수준":56.95,
            "일자리총점":29.958,
            "가치 총점":41.3565,
            "매매실거래년":20220127.0,
            "매매실거래가":26500.0,
            "전세실거래년":20211014.0,
            "전세실거래가":20000.0,
            "전세가율":81.63,
            "장기전세가율평균":73.59,
            "전세가율거품지수":-8.04,
            "검색코드":109549,
            "세대수":441.0,
            "준공년월":"2017-02-24",
            "준공년차":6.0,
            "가까운역이름":"NA",
            "가까운역거리":"NA",
            "역세권여부":"NA",
            "30분이내주요거점역":"NA",
            "30분거점역이름":"NA",
            "1시간이내주요거점역":"NA",
            "1시간거점역이름":"NA",
            "3km이내백화점수":0,
            "5km이내아울렛몰수":0,
            "1km이내대형먀트수":1,
            "500m이내은행수":0,
            "500m이내병원수":4,
            "5km이내대형병원수":0,
            "500m이내공원수":1,
            "3km이내혐오시설수":0,
            "초등학교학업성취도":89.97,
            "중학교학업성취도":77.9,
            "용적률":265,
            "건폐율":24,
            "Y":35.919462,
            "X":128.82749,
            "rank":45.0,
            "area_info":"31평(102.93), 31평(103.83), 34평(113.85)",
            "last_sales":"2022-01-27,26500.0,34평(113.85)",
            "rank_history":[
                [
                    "202203",
                    45
                ],
                [
                    "202202",
                    42
                ],
                [
                    "202201",
                    41
                ]
            ],
            "rank_gap":-3
        },
        {
            "index":411,
            "아파트명":"이안경산진량",
            "투자타입":"일반",
            "전용면적(m2)":"79.21",
            "전용면적(평)":"23평",
            "법정동주소":"경상북도 경산시 진량읍 선화리 1990",
            "도로명주소":"경상북도 경산시 일연로 747",
            "세대수":50,
            "입주년차":80,
            "용적률점수":"--",
            "건폐율점수":"--",
            "세대당주차수":30,
            "난방방식":30,
            "공급면적":"--",
            "전용률":"--",
            "욕실수":100,
            "현관타입":100,
            "주거총점":61.0,
            "지역구공급총점":0.0,
            "역세권":"NA",
            "30분내 이동가능 거점":"NA",
            "1시간내 이동가능 거점":"NA",
            "교통총점":"NA",
            "백화점":0,
            "아울렛몰":0,
            "대형마트":80,
            "은행":0,
            "병원":0,
            "종합병원":0,
            "공원":100,
            "혐오시설":0,
            "인프라총점":15.0,
            "초등학군":89.99,
            "중학군":43.14,
            "학군총점":52.51,
            "인구수":28.79,
            "인구증감":13.06,
            "인구총점":24.071,
            "일자리":18.39,
            "소득수준":56.95,
            "일자리총점":29.958,
            "가치 총점":40.4775,
            "매매실거래년":20220222.0,
            "매매실거래가":17300.0,
            "전세실거래년":20220222.0,
            "전세실거래가":15000.0,
            "전세가율":86.71,
            "장기전세가율평균":73.59,
            "전세가율거품지수":-13.12,
            "검색코드":110618,
            "세대수":540.0,
            "준공년월":"2017-10-12",
            "준공년차":6.0,
            "가까운역이름":"NA",
            "가까운역거리":"NA",
            "역세권여부":"NA",
            "30분이내주요거점역":"NA",
            "30분거점역이름":"NA",
            "1시간이내주요거점역":"NA",
            "1시간거점역이름":"NA",
            "3km이내백화점수":0,
            "5km이내아울렛몰수":0,
            "1km이내대형먀트수":1,
            "500m이내은행수":0,
            "500m이내병원수":0,
            "5km이내대형병원수":0,
            "500m이내공원수":4,
            "3km이내혐오시설수":0,
            "초등학교학업성취도":89.99,
            "중학교학업성취도":71.9,
            "용적률":258,
            "건폐율":69,
            "Y":35.875124,
            "X":128.803557,
            "rank":46.0,
            "area_info":"23평(79.21), 29평(98.95), 33평(111.18)",
            "last_sales":"2022-02-22,17300.0,23평(79.21)",
            "rank_history":[
                [
                    "202203",
                    46
                ],
                [
                    "202202",
                    44
                ],
                [
                    "202201",
                    45
                ]
            ],
            "rank_gap":-2
        },
        {
            "index":177,
            "아파트명":"경산우방유쉘",
            "투자타입":"일반",
            "전용면적(m2)":"139.56",
            "전용면적(평)":"42평",
            "법정동주소":"경상북도 경산시 옥곡동 3-1",
            "도로명주소":"경상북도 경산시 강변서로 111",
            "세대수":0,
            "입주년차":60,
            "용적률점수":"--",
            "건폐율점수":"--",
            "세대당주차수":60,
            "난방방식":30,
            "공급면적":"--",
            "전용률":"--",
            "욕실수":100,
            "현관타입":100,
            "주거총점":44.0,
            "지역구공급총점":0.0,
            "역세권":"NA",
            "30분내 이동가능 거점":"NA",
            "1시간내 이동가능 거점":"NA",
            "교통총점":"NA",
            "백화점":0,
            "아울렛몰":0,
            "대형마트":0,
            "은행":20,
            "병원":30,
            "종합병원":100,
            "공원":100,
            "혐오시설":0,
            "인프라총점":28.0,
            "초등학군":90.01,
            "중학군":44.08,
            "학군총점":53.266,
            "인구수":28.79,
            "인구증감":13.06,
            "인구총점":24.071,
            "일자리":18.39,
            "소득수준":56.95,
            "일자리총점":29.958,
            "가치 총점":39.9165,
            "매매실거래년":20220203.0,
            "매매실거래가":41400.0,
            "전세실거래년":20210715.0,
            "전세실거래가":32000.0,
            "전세가율":77.29,
            "장기전세가율평균":73.59,
            "전세가율거품지수":-3.7,
            "검색코드":26091,
            "세대수":297.0,
            "준공년월":"2009-11-09",
            "준공년차":14.0,
            "가까운역이름":"NA",
            "가까운역거리":"NA",
            "역세권여부":"NA",
            "30분이내주요거점역":"NA",
            "30분거점역이름":"NA",
            "1시간이내주요거점역":"NA",
            "1시간거점역이름":"NA",
            "3km이내백화점수":0,
            "5km이내아울렛몰수":0,
            "1km이내대형먀트수":0,
            "500m이내은행수":2,
            "500m이내병원수":5,
            "5km이내대형병원수":2,
            "500m이내공원수":3,
            "3km이내혐오시설수":0,
            "초등학교학업성취도":90.01,
            "중학교학업성취도":73.2,
            "용적률":290,
            "건폐율":16,
            "Y":35.81762,
            "X":128.732127,
            "rank":47.0,
            "area_info":"42평(139.56), 46평(152.32), 55평(182.85), 70평(232.14), 85평(283.97)",
            "last_sales":"2022-02-03,41400.0,42평(139.56)",
            "rank_history":[
                [
                    "202203",
                    47
                ],
                [
                    "202202",
                    45
                ],
                [
                    "202201",
                    43
                ]
            ],
            "rank_gap":-2
        },
        {
            "index":295,
            "아파트명":"강산애2차",
            "투자타입":"일반",
            "전용면적(m2)":"80.2",
            "전용면적(평)":"24평",
            "법정동주소":"경상북도 경산시 조영동 572-1",
            "도로명주소":"경상북도 경산시 청운2로 74",
            "세대수":0,
            "입주년차":80,
            "용적률점수":"--",
            "건폐율점수":"--",
            "세대당주차수":30,
            "난방방식":30,
            "공급면적":"--",
            "전용률":"--",
            "욕실수":100,
            "현관타입":100,
            "주거총점":43.5,
            "지역구공급총점":0.0,
            "역세권":"NA",
            "30분내 이동가능 거점":"NA",
            "1시간내 이동가능 거점":"NA",
            "교통총점":"NA",
            "백화점":0,
            "아울렛몰":0,
            "대형마트":0,
            "은행":0,
            "병원":60,
            "종합병원":100,
            "공원":100,
            "혐오시설":0,
            "인프라총점":29.0,
            "초등학군":89.97,
            "중학군":42.18,
            "학군총점":51.738,
            "인구수":28.79,
            "인구증감":13.06,
            "인구총점":24.071,
            "일자리":18.39,
            "소득수준":56.95,
            "일자리총점":29.958,
            "가치 총점":39.7595,
            "매매실거래년":20190712.0,
            "매매실거래가":26320.0,
            "전세실거래년":20180102.0,
            "전세실거래가":18000.0,
            "전세가율":83.1,
            "장기전세가율평균":73.59,
            "전세가율거품지수":-9.51,
            "검색코드":115038,
            "세대수":79.0,
            "준공년월":"2016-11-25",
            "준공년차":7.0,
            "가까운역이름":"NA",
            "가까운역거리":"NA",
            "역세권여부":"NA",
            "30분이내주요거점역":"NA",
            "30분거점역이름":"NA",
            "1시간이내주요거점역":"NA",
            "1시간거점역이름":"NA",
            "3km이내백화점수":0,
            "5km이내아울렛몰수":0,
            "1km이내대형먀트수":0,
            "500m이내은행수":1,
            "500m이내병원수":10,
            "5km이내대형병원수":2,
            "500m이내공원수":3,
            "3km이내혐오시설수":0,
            "초등학교학업성취도":89.97,
            "중학교학업성취도":69.7,
            "용적률":119,
            "건폐율":33,
            "Y":35.842485,
            "X":128.756353,
            "rank":48.0,
            "area_info":"24평(80.2), 25평(84.49), 31평(105.1), 32평(108.59)",
            "last_sales":"2019-07-12,26320.0,31평(105.1)",
            "rank_history":[
                [
                    "202203",
                    48
                ],
                [
                    "202202",
                    9999
                ]
            ],
            "rank_gap":9999
        },
        {
            "index":121,
            "아파트명":"경산태왕드림하이츠",
            "투자타입":"일반",
            "전용면적(m2)":"62.48",
            "전용면적(평)":"18평",
            "법정동주소":"경상북도 경산시 삼풍동 500-1",
            "도로명주소":"경상북도 경산시 삼풍로 13-7",
            "세대수":90,
            "입주년차":20,
            "용적률점수":"--",
            "건폐율점수":"--",
            "세대당주차수":30,
            "난방방식":30,
            "공급면적":"--",
            "전용률":"--",
            "욕실수":50,
            "현관타입":10,
            "주거총점":49.0,
            "지역구공급총점":0.0,
            "역세권":"NA",
            "30분내 이동가능 거점":"NA",
            "1시간내 이동가능 거점":"NA",
            "교통총점":"NA",
            "백화점":0,
            "아울렛몰":0,
            "대형마트":0,
            "은행":0,
            "병원":10,
            "종합병원":100,
            "공원":100,
            "혐오시설":0,
            "인프라총점":24.0,
            "초등학군":89.99,
            "중학군":42.18,
            "학군총점":51.742,
            "인구수":28.79,
            "인구증감":13.06,
            "인구총점":24.071,
            "일자리":18.39,
            "소득수준":56.95,
            "일자리총점":29.958,
            "가치 총점":39.6855,
            "매매실거래년":20220214.0,
            "매매실거래가":18000.0,
            "전세실거래년":20190629.0,
            "전세실거래가":9500.0,
            "전세가율":79.17,
            "장기전세가율평균":73.59,
            "전세가율거품지수":-5.58,
            "검색코드":12110,
            "세대수":1015.0,
            "준공년월":"2001-11-15",
            "준공년차":22.0,
            "가까운역이름":"NA",
            "가까운역거리":"NA",
            "역세권여부":"NA",
            "30분이내주요거점역":"NA",
            "30분거점역이름":"NA",
            "1시간이내주요거점역":"NA",
            "1시간거점역이름":"NA",
            "3km이내백화점수":0,
            "5km이내아울렛몰수":0,
            "1km이내대형먀트수":0,
            "500m이내은행수":0,
            "500m이내병원수":3,
            "5km이내대형병원수":2,
            "500m이내공원수":5,
            "3km이내혐오시설수":0,
            "초등학교학업성취도":89.99,
            "중학교학업성취도":69.7,
            "용적률":222,
            "건폐율":16,
            "Y":35.822593,
            "X":128.752912,
            "rank":49.0,
            "area_info":"18평(62.48), 25평(85.58), 30평(101.19), 34평(113.59), 46평(154.45)",
            "last_sales":"2022-02-14,18000.0,34평(113.59)",
            "rank_history":[
                [
                    "202203",
                    49
                ],
                [
                    "202202",
                    47
                ],
                [
                    "202201",
                    47
                ]
            ],
            "rank_gap":-2
        },
        {
            "index":379,
            "아파트명":"경산보국웰리치",
            "투자타입":"일반",
            "전용면적(m2)":"79.85",
            "전용면적(평)":"24평",
            "법정동주소":"경상북도 경산시 진량읍 신상리 205-1",
            "도로명주소":"경상북도 경산시 해든길 11",
            "세대수":50,
            "입주년차":40,
            "용적률점수":"--",
            "건폐율점수":"--",
            "세대당주차수":30,
            "난방방식":30,
            "공급면적":"--",
            "전용률":"--",
            "욕실수":50,
            "현관타입":100,
            "주거총점":48.0,
            "지역구공급총점":0.0,
            "역세권":"NA",
            "30분내 이동가능 거점":"NA",
            "1시간내 이동가능 거점":"NA",
            "교통총점":"NA",
            "백화점":0,
            "아울렛몰":0,
            "대형마트":80,
            "은행":20,
            "병원":60,
            "종합병원":0,
            "공원":100,
            "혐오시설":0,
            "인프라총점":23.0,
            "초등학군":89.99,
            "중학군":45.18,
            "학군총점":54.142,
            "인구수":28.79,
            "인구증감":13.06,
            "인구총점":24.071,
            "일자리":18.39,
            "소득수준":56.95,
            "일자리총점":29.958,
            "가치 총점":39.5355,
            "매매실거래년":20220215.0,
            "매매실거래가":13500.0,
            "전세실거래년":20220224.0,
            "전세실거래가":9000.0,
            "전세가율":66.67,
            "장기전세가율평균":73.59,
            "전세가율거품지수":6.92,
            "검색코드":19715,
            "세대수":534.0,
            "준공년월":"2005-04-15",
            "준공년차":18.0,
            "가까운역이름":"NA",
            "가까운역거리":"NA",
            "역세권여부":"NA",
            "30분이내주요거점역":"NA",
            "30분거점역이름":"NA",
            "1시간이내주요거점역":"NA",
            "1시간거점역이름":"NA",
            "3km이내백화점수":0,
            "5km이내아울렛몰수":0,
            "1km이내대형먀트수":1,
            "500m이내은행수":2,
            "500m이내병원수":10,
            "5km이내대형병원수":0,
            "500m이내공원수":2,
            "3km이내혐오시설수":0,
            "초등학교학업성취도":89.99,
            "중학교학업성취도":75.3,
            "용적률":317,
            "건폐율":25,
            "Y":35.873194,
            "X":128.817519,
            "rank":50.0,
            "area_info":"24평(79.85), 30평(99.72), 41평(135.91)",
            "last_sales":"2022-02-15,13500.0,24평(79.85)",
            "rank_history":[
                [
                    "202203",
                    50
                ],
                [
                    "202202",
                    46
                ],
                [
                    "202201",
                    46
                ]
            ],
            "rank_gap":-4
        },
        {
            "index":228,
            "아파트명":"창신성암타운",
            "투자타입":"일반",
            "전용면적(m2)":"69.42",
            "전용면적(평)":"20평",
            "법정동주소":"경상북도 경산시 옥산동 885",
            "도로명주소":"경상북도 경산시 삼성현로31길 12",
            "세대수":50,
            "입주년차":0,
            "용적률점수":"--",
            "건폐율점수":"--",
            "세대당주차수":0,
            "난방방식":30,
            "공급면적":"--",
            "전용률":"--",
            "욕실수":50,
            "현관타입":100,
            "주거총점":35.5,
            "지역구공급총점":0.0,
            "역세권":"NA",
            "30분내 이동가능 거점":"NA",
            "1시간내 이동가능 거점":"NA",
            "교통총점":"NA",
            "백화점":0,
            "아울렛몰":0,
            "대형마트":0,
            "은행":0,
            "병원":60,
            "종합병원":100,
            "공원":100,
            "혐오시설":0,
            "인프라총점":29.0,
            "초등학군":89.97,
            "중학군":54.56,
            "학군총점":61.642,
            "인구수":28.79,
            "인구증감":13.06,
            "인구총점":24.071,
            "일자리":18.39,
            "소득수준":56.95,
            "일자리총점":29.958,
            "가치 총점":39.4355,
            "매매실거래년":20220220.0,
            "매매실거래가":11000.0,
            "전세실거래년":20220115.0,
            "전세실거래가":8000.0,
            "전세가율":72.73,
            "장기전세가율평균":73.59,
            "전세가율거품지수":0.86,
            "검색코드":4040,
            "세대수":579.0,
            "준공년월":"1993-06-16",
            "준공년차":30.0,
            "가까운역이름":"NA",
            "가까운역거리":"NA",
            "역세권여부":"NA",
            "30분이내주요거점역":"NA",
            "30분거점역이름":"NA",
            "1시간이내주요거점역":"NA",
            "1시간거점역이름":"NA",
            "3km이내백화점수":0,
            "5km이내아울렛몰수":0,
            "1km이내대형먀트수":0,
            "500m이내은행수":1,
            "500m이내병원수":10,
            "5km이내대형병원수":2,
            "500m이내공원수":6,
            "3km이내혐오시설수":0,
            "초등학교학업성취도":89.97,
            "중학교학업성취도":90.8,
            "용적률":178,
            "건폐율":17,
            "Y":35.818555,
            "X":128.722076,
            "rank":51.0,
            "area_info":"20평(69.42), 22평(76.03), 31평(102.48)",
            "last_sales":"2022-02-20,11000.0,20평(69.42)",
            "rank_history":[
                [
                    "202203",
                    51
                ],
                [
                    "202202",
                    49
                ],
                [
                    "202201",
                    66
                ]
            ],
            "rank_gap":-2
        },
        {
            "index":146,
            "아파트명":"경산한신휴플러스",
            "투자타입":"일반",
            "전용면적(m2)":"82.91",
            "전용면적(평)":"25평",
            "법정동주소":"경상북도 경산시 압량읍 신대리 702",
            "도로명주소":"경상북도 경산시 김유신로 11",
            "세대수":30,
            "입주년차":80,
            "용적률점수":"--",
            "건폐율점수":"--",
            "세대당주차수":30,
            "난방방식":30,
            "공급면적":"--",
            "전용률":"--",
            "욕실수":100,
            "현관타입":100,
            "주거총점":54.0,
            "지역구공급총점":0.0,
            "역세권":"NA",
            "30분내 이동가능 거점":"NA",
            "1시간내 이동가능 거점":"NA",
            "교통총점":"NA",
            "백화점":0,
            "아울렛몰":0,
            "대형마트":0,
            "은행":0,
            "병원":0,
            "종합병원":80,
            "공원":100,
            "혐오시설":0,
            "인프라총점":19.0,
            "초등학군":89.97,
            "중학군":42.18,
            "학군총점":51.738,
            "인구수":28.79,
            "인구증감":13.06,
            "인구총점":24.071,
            "일자리":18.39,
            "소득수준":56.95,
            "일자리총점":29.958,
            "가치 총점":39.4345,
            "매매실거래년":20220208.0,
            "매매실거래가":25600.0,
            "전세실거래년":20210109.0,
            "전세실거래가":21000.0,
            "전세가율":82.03,
            "장기전세가율평균":73.59,
            "전세가율거품지수":-8.44,
            "검색코드":108473,
            "세대수":354.0,
            "준공년월":"2016-01-29",
            "준공년차":7.0,
            "가까운역이름":"NA",
            "가까운역거리":"NA",
            "역세권여부":"NA",
            "30분이내주요거점역":"NA",
            "30분거점역이름":"NA",
            "1시간이내주요거점역":"NA",
            "1시간거점역이름":"NA",
            "3km이내백화점수":0,
            "5km이내아울렛몰수":0,
            "1km이내대형먀트수":0,
            "500m이내은행수":0,
            "500m이내병원수":0,
            "5km이내대형병원수":1,
            "500m이내공원수":2,
            "3km이내혐오시설수":0,
            "초등학교학업성취도":89.97,
            "중학교학업성취도":69.7,
            "용적률":219,
            "건폐율":19,
            "Y":35.838463,
            "X":128.768599,
            "rank":52.0,
            "area_info":"25평(82.91), 33평(110.53), 33평(110.67)",
            "last_sales":"2022-02-08,25600.0,25평(82.91)",
            "rank_history":[
                [
                    "202203",
                    52
                ],
                [
                    "202202",
                    50
                ],
                [
                    "202201",
                    50
                ]
            ],
            "rank_gap":-2
        },
        {
            "index":288,
            "아파트명":"한솔3차",
            "투자타입":"일반",
            "전용면적(m2)":"76.6",
            "전용면적(평)":"23평",
            "법정동주소":"경상북도 경산시 정평동 168",
            "도로명주소":"경상북도 경산시 대학로13길 53",
            "세대수":0,
            "입주년차":0,
            "용적률점수":"--",
            "건폐율점수":"--",
            "세대당주차수":30,
            "난방방식":30,
            "공급면적":"--",
            "전용률":"--",
            "욕실수":50,
            "현관타입":100,
            "주거총점":22.5,
            "지역구공급총점":0.0,
            "역세권":"NA",
            "30분내 이동가능 거점":"NA",
            "1시간내 이동가능 거점":"NA",
            "교통총점":"NA",
            "백화점":0,
            "아울렛몰":80,
            "대형마트":80,
            "은행":0,
            "병원":30,
            "종합병원":100,
            "공원":80,
            "혐오시설":0,
            "인프라총점":45.4,
            "초등학군":89.98,
            "중학군":44.08,
            "학군총점":53.26,
            "인구수":28.79,
            "인구증감":13.06,
            "인구총점":24.071,
            "일자리":18.39,
            "소득수준":56.95,
            "일자리총점":29.958,
            "가치 총점":39.35,
            "매매실거래년":20210825.0,
            "매매실거래가":17300.0,
            "전세실거래년":20201121.0,
            "전세실거래가":14500.0,
            "전세가율":83.82,
            "장기전세가율평균":73.59,
            "전세가율거품지수":-10.23,
            "검색코드":4053,
            "세대수":144.0,
            "준공년월":"1998-02-02",
            "준공년차":25.0,
            "가까운역이름":"NA",
            "가까운역거리":"NA",
            "역세권여부":"NA",
            "30분이내주요거점역":"NA",
            "30분거점역이름":"NA",
            "1시간이내주요거점역":"NA",
            "1시간거점역이름":"NA",
            "3km이내백화점수":0,
            "5km이내아울렛몰수":1,
            "1km이내대형먀트수":1,
            "500m이내은행수":0,
            "500m이내병원수":8,
            "5km이내대형병원수":2,
            "500m이내공원수":1,
            "3km이내혐오시설수":0,
            "초등학교학업성취도":89.98,
            "중학교학업성취도":73.2,
            "용적률":224,
            "건폐율":20,
            "Y":35.838707,
            "X":128.726709,
            "rank":53.0,
            "area_info":"23평(76.6), 26평(88.99), 30평(101.65)",
            "last_sales":"2021-08-25,17300.0,23평(76.6)",
            "rank_history":[
                [
                    "202203",
                    53
                ],
                [
                    "202202",
                    48
                ],
                [
                    "202201",
                    48
                ]
            ],
            "rank_gap":-5
        },
        {
            "index":135,
            "아파트명":"e편한세상경산신대",
            "투자타입":"일반",
            "전용면적(m2)":"82.06",
            "전용면적(평)":"24평",
            "법정동주소":"경상북도 경산시 압량읍 신대리 709",
            "도로명주소":"경상북도 경산시 압독로 38-10",
            "세대수":30,
            "입주년차":80,
            "용적률점수":"--",
            "건폐율점수":"--",
            "세대당주차수":30,
            "난방방식":30,
            "공급면적":"--",
            "전용률":"--",
            "욕실수":100,
            "현관타입":100,
            "주거총점":54.0,
            "지역구공급총점":0.0,
            "역세권":"NA",
            "30분내 이동가능 거점":"NA",
            "1시간내 이동가능 거점":"NA",
            "교통총점":"NA",
            "백화점":0,
            "아울렛몰":0,
            "대형마트":0,
            "은행":0,
            "병원":0,
            "종합병원":80,
            "공원":80,
            "혐오시설":0,
            "인프라총점":18.4,
            "초등학군":89.97,
            "중학군":42.18,
            "학군총점":51.738,
            "인구수":28.79,
            "인구증감":13.06,
            "인구총점":24.071,
            "일자리":18.39,
            "소득수준":56.95,
            "일자리총점":29.958,
            "가치 총점":39.1945,
            "매매실거래년":20220126.0,
            "매매실거래가":36000.0,
            "전세실거래년":20220205.0,
            "전세실거래가":22000.0,
            "전세가율":78.57,
            "장기전세가율평균":73.59,
            "전세가율거품지수":-4.98,
            "검색코드":107735,
            "세대수":358.0,
            "준공년월":"2015-11-11",
            "준공년차":8.0,
            "가까운역이름":"NA",
            "가까운역거리":"NA",
            "역세권여부":"NA",
            "30분이내주요거점역":"NA",
            "30분거점역이름":"NA",
            "1시간이내주요거점역":"NA",
            "1시간거점역이름":"NA",
            "3km이내백화점수":0,
            "5km이내아울렛몰수":0,
            "1km이내대형먀트수":0,
            "500m이내은행수":0,
            "500m이내병원수":0,
            "5km이내대형병원수":1,
            "500m이내공원수":1,
            "3km이내혐오시설수":0,
            "초등학교학업성취도":89.97,
            "중학교학업성취도":69.7,
            "용적률":203,
            "건폐율":17,
            "Y":35.83608,
            "X":128.768089,
            "rank":54.0,
            "area_info":"24평(82.06), 33평(109.23)",
            "last_sales":"2022-01-26,36000.0,33평(109.23)",
            "rank_history":[
                [
                    "202203",
                    54
                ],
                [
                    "202202",
                    53
                ],
                [
                    "202201",
                    54
                ]
            ],
            "rank_gap":-1
        },
        {
            "index":496,
            "아파트명":"하양평광",
            "투자타입":"일반",
            "전용면적(m2)":"75.14",
            "전용면적(평)":"22평",
            "법정동주소":"경상북도 경산시 하양읍 금락리 408-1",
            "도로명주소":"경상북도 경산시 대학로295길 42",
            "세대수":80,
            "입주년차":0,
            "용적률점수":"--",
            "건폐율점수":"--",
            "세대당주차수":0,
            "난방방식":30,
            "공급면적":"--",
            "전용률":"--",
            "욕실수":50,
            "현관타입":100,
            "주거총점":46.0,
            "지역구공급총점":0.0,
            "역세권":"NA",
            "30분내 이동가능 거점":"NA",
            "1시간내 이동가능 거점":"NA",
            "교통총점":"NA",
            "백화점":0,
            "아울렛몰":0,
            "대형마트":80,
            "은행":20,
            "병원":60,
            "종합병원":0,
            "공원":100,
            "혐오시설":0,
            "인프라총점":23.0,
            "초등학군":90.01,
            "중학군":46.74,
            "학군총점":55.394,
            "인구수":28.79,
            "인구증감":13.06,
            "인구총점":24.071,
            "일자리":18.39,
            "소득수준":56.95,
            "일자리총점":29.958,
            "가치 총점":39.1485,
            "매매실거래년":20220214.0,
            "매매실거래가":13150.0,
            "전세실거래년":20211222.0,
            "전세실거래가":11500.0,
            "전세가율":87.45,
            "장기전세가율평균":73.59,
            "전세가율거품지수":-13.86,
            "검색코드":12918,
            "세대수":700.0,
            "준공년월":"1998-08-06",
            "준공년차":25.0,
            "가까운역이름":"NA",
            "가까운역거리":"NA",
            "역세권여부":"NA",
            "30분이내주요거점역":"NA",
            "30분거점역이름":"NA",
            "1시간이내주요거점역":"NA",
            "1시간거점역이름":"NA",
            "3km이내백화점수":0,
            "5km이내아울렛몰수":0,
            "1km이내대형먀트수":1,
            "500m이내은행수":2,
            "500m이내병원수":16,
            "5km이내대형병원수":0,
            "500m이내공원수":3,
            "3km이내혐오시설수":0,
            "초등학교학업성취도":90.01,
            "중학교학업성취도":77.9,
            "용적률":0,
            "건폐율":0,
            "Y":35.90926,
            "X":128.819319,
            "rank":55.0,
            "area_info":"22평(75.14), 23평(76.08)",
            "last_sales":"2022-02-14,13150.0,22평(75.14)",
            "rank_history":[
                [
                    "202203",
                    55
                ],
                [
                    "202202",
                    51
                ],
                [
                    "202201",
                    49
                ]
            ],
            "rank_gap":-4
        },
        {
            "index":431,
            "아파트명":"경산하양롯데",
            "투자타입":"일반",
            "전용면적(m2)":"76.8",
            "전용면적(평)":"23평",
            "법정동주소":"경상북도 경산시 하양읍 금락리 392-1",
            "도로명주소":"경상북도 경산시 대학로298길 20-9",
            "세대수":80,
            "입주년차":20,
            "용적률점수":"--",
            "건폐율점수":"--",
            "세대당주차수":30,
            "난방방식":30,
            "공급면적":"--",
            "전용률":"--",
            "욕실수":50,
            "현관타입":100,
            "주거총점":54.5,
            "지역구공급총점":0.0,
            "역세권":"NA",
            "30분내 이동가능 거점":"NA",
            "1시간내 이동가능 거점":"NA",
            "교통총점":"NA",
            "백화점":0,
            "아울렛몰":0,
            "대형마트":80,
            "은행":0,
            "병원":10,
            "종합병원":0,
            "공원":80,
            "혐오시설":0,
            "인프라총점":15.4,
            "초등학군":89.97,
            "중학군":46.74,
            "학군총점":55.386,
            "인구수":28.79,
            "인구증감":13.06,
            "인구총점":24.071,
            "일자리":18.39,
            "소득수준":56.95,
            "일자리총점":29.958,
            "가치 총점":39.0815,
            "매매실거래년":20220203.0,
            "매매실거래가":31300.0,
            "전세실거래년":20220212.0,
            "전세실거래가":11000.0,
            "전세가율":73.33,
            "장기전세가율평균":73.59,
            "전세가율거품지수":0.26,
            "검색코드":4088,
            "세대수":724.0,
            "준공년월":"1999-02-05",
            "준공년차":24.0,
            "가까운역이름":"NA",
            "가까운역거리":"NA",
            "역세권여부":"NA",
            "30분이내주요거점역":"NA",
            "30분거점역이름":"NA",
            "1시간이내주요거점역":"NA",
            "1시간거점역이름":"NA",
            "3km이내백화점수":0,
            "5km이내아울렛몰수":0,
            "1km이내대형먀트수":1,
            "500m이내은행수":0,
            "500m이내병원수":2,
            "5km이내대형병원수":0,
            "500m이내공원수":1,
            "3km이내혐오시설수":0,
            "초등학교학업성취도":89.97,
            "중학교학업성취도":77.9,
            "용적률":299,
            "건폐율":22,
            "Y":35.911716,
            "X":128.826613,
            "rank":56.0,
            "area_info":"23평(76.8), 31평(105.55), 48평(161.44), 58평(193.41)",
            "last_sales":"2022-02-03,31300.0,48평(161.44)",
            "rank_history":[
                [
                    "202203",
                    56
                ],
                [
                    "202202",
                    54
                ],
                [
                    "202201",
                    51
                ]
            ],
            "rank_gap":-2
        },
        {
            "index":58,
            "아파트명":"부영초록마을",
            "투자타입":"일반",
            "전용면적(m2)":"78.13",
            "전용면적(평)":"23평",
            "법정동주소":"경상북도 경산시 백천동 571-1",
            "도로명주소":"경상북도 경산시 백천동로 5",
            "세대수":80,
            "입주년차":40,
            "용적률점수":"--",
            "건폐율점수":"--",
            "세대당주차수":30,
            "난방방식":30,
            "공급면적":"--",
            "전용률":"--",
            "욕실수":100,
            "현관타입":100,
            "주거총점":63.5,
            "지역구공급총점":0.0,
            "역세권":"NA",
            "30분내 이동가능 거점":"NA",
            "1시간내 이동가능 거점":"NA",
            "교통총점":"NA",
            "백화점":0,
            "아울렛몰":0,
            "대형마트":0,
            "은행":0,
            "병원":30,
            "종합병원":100,
            "공원":0,
            "혐오시설":0,
            "인프라총점":23.0,
            "초등학군":90.01,
            "중학군":15.24,
            "학군총점":30.194,
            "인구수":28.79,
            "인구증감":13.06,
            "인구총점":24.071,
            "일자리":18.39,
            "소득수준":56.95,
            "일자리총점":29.958,
            "가치 총점":38.9735,
            "매매실거래년":20220129.0,
            "매매실거래가":18700.0,
            "전세실거래년":20220215.0,
            "전세실거래가":8608.0,
            "전세가율":null,
            "장기전세가율평균":73.59,
            "전세가율거품지수":null,
            "검색코드":108601,
            "세대수":872.0,
            "준공년월":"2004-11-24",
            "준공년차":19.0,
            "가까운역이름":"NA",
            "가까운역거리":"NA",
            "역세권여부":"NA",
            "30분이내주요거점역":"NA",
            "30분거점역이름":"NA",
            "1시간이내주요거점역":"NA",
            "1시간거점역이름":"NA",
            "3km이내백화점수":0,
            "5km이내아울렛몰수":0,
            "1km이내대형먀트수":0,
            "500m이내은행수":0,
            "500m이내병원수":7,
            "5km이내대형병원수":2,
            "500m이내공원수":0,
            "3km이내혐오시설수":0,
            "초등학교학업성취도":90.01,
            "중학교학업성취도":25.4,
            "용적률":217,
            "건폐율":19,
            "Y":35.807613,
            "X":128.738353,
            "rank":57.0,
            "area_info":"23평(78.13), 32평(106.39)",
            "last_sales":"2022-01-29,18700.0,32평(106.39)",
            "rank_history":[
                [
                    "202203",
                    57
                ],
                [
                    "202202",
                    55
                ],
                [
                    "202201",
                    52
                ]
            ],
            "rank_gap":-2
        },
        {
            "index":107,
            "아파트명":"경산역풀리비에",
            "투자타입":"일반",
            "전용면적(m2)":"83.88",
            "전용면적(평)":"25평",
            "법정동주소":"경상북도 경산시 사정동 326",
            "도로명주소":"경상북도 경산시 옥산로 49",
            "세대수":0,
            "입주년차":80,
            "용적률점수":"--",
            "건폐율점수":"--",
            "세대당주차수":30,
            "난방방식":30,
            "공급면적":"--",
            "전용률":"--",
            "욕실수":100,
            "현관타입":100,
            "주거총점":43.5,
            "지역구공급총점":0.0,
            "역세권":"NA",
            "30분내 이동가능 거점":"NA",
            "1시간내 이동가능 거점":"NA",
            "교통총점":"NA",
            "백화점":0,
            "아울렛몰":0,
            "대형마트":0,
            "은행":0,
            "병원":30,
            "종합병원":100,
            "공원":100,
            "혐오시설":0,
            "인프라총점":26.0,
            "초등학군":89.97,
            "중학군":44.08,
            "학군총점":53.258,
            "인구수":28.79,
            "인구증감":13.06,
            "인구총점":24.071,
            "일자리":18.39,
            "소득수준":56.95,
            "일자리총점":29.958,
            "가치 총점":38.9395,
            "매매실거래년":20210922.0,
            "매매실거래가":24400.0,
            "전세실거래년":20210809.0,
            "전세실거래가":18500.0,
            "전세가율":75.82,
            "장기전세가율평균":73.59,
            "전세가율거품지수":-2.23,
            "검색코드":110189,
            "세대수":110.0,
            "준공년월":"2017-03-30",
            "준공년차":6.0,
            "가까운역이름":"NA",
            "가까운역거리":"NA",
            "역세권여부":"NA",
            "30분이내주요거점역":"NA",
            "30분거점역이름":"NA",
            "1시간이내주요거점역":"NA",
            "1시간거점역이름":"NA",
            "3km이내백화점수":0,
            "5km이내아울렛몰수":0,
            "1km이내대형먀트수":0,
            "500m이내은행수":0,
            "500m이내병원수":5,
            "5km이내대형병원수":2,
            "500m이내공원수":7,
            "3km이내혐오시설수":0,
            "초등학교학업성취도":89.97,
            "중학교학업성취도":73.2,
            "용적률":247,
            "건폐율":27,
            "Y":35.819271,
            "X":128.726465,
            "rank":58.0,
            "area_info":"25평(83.88), 29평(96.95)",
            "last_sales":"2021-09-22,24400.0,25평(83.88)",
            "rank_history":[
                [
                    "202203",
                    58
                ],
                [
                    "202202",
                    52
                ],
                [
                    "202201",
                    53
                ]
            ],
            "rank_gap":-6
        },
        {
            "index":490,
            "아파트명":"하양코아루",
            "투자타입":"일반",
            "전용면적(m2)":"81.92",
            "전용면적(평)":"24평",
            "법정동주소":"경상북도 경산시 하양읍 동서리 1216",
            "도로명주소":"경상북도 경산시 하양로37길 17",
            "세대수":30,
            "입주년차":80,
            "용적률점수":"--",
            "건폐율점수":"--",
            "세대당주차수":30,
            "난방방식":30,
            "공급면적":"--",
            "전용률":"--",
            "욕실수":100,
            "현관타입":100,
            "주거총점":54.0,
            "지역구공급총점":0.0,
            "역세권":"NA",
            "30분내 이동가능 거점":"NA",
            "1시간내 이동가능 거점":"NA",
            "교통총점":"NA",
            "백화점":0,
            "아울렛몰":0,
            "대형마트":80,
            "은행":0,
            "병원":10,
            "종합병원":0,
            "공원":80,
            "혐오시설":0,
            "인프라총점":15.4,
            "초등학군":89.97,
            "중학군":46.74,
            "학군총점":55.386,
            "인구수":28.79,
            "인구증감":13.06,
            "인구총점":24.071,
            "일자리":18.39,
            "소득수준":56.95,
            "일자리총점":29.958,
            "가치 총점":38.9065,
            "매매실거래년":20220208.0,
            "매매실거래가":24800.0,
            "전세실거래년":20220128.0,
            "전세실거래가":16000.0,
            "전세가율":80.0,
            "장기전세가율평균":73.59,
            "전세가율거품지수":-6.41,
            "검색코드":108364,
            "세대수":314.0,
            "준공년월":"2016-05-11",
            "준공년차":7.0,
            "가까운역이름":"NA",
            "가까운역거리":"NA",
            "역세권여부":"NA",
            "30분이내주요거점역":"NA",
            "30분거점역이름":"NA",
            "1시간이내주요거점역":"NA",
            "1시간거점역이름":"NA",
            "3km이내백화점수":0,
            "5km이내아울렛몰수":0,
            "1km이내대형먀트수":1,
            "500m이내은행수":0,
            "500m이내병원수":4,
            "5km이내대형병원수":0,
            "500m이내공원수":1,
            "3km이내혐오시설수":0,
            "초등학교학업성취도":89.97,
            "중학교학업성취도":77.9,
            "용적률":272,
            "건폐율":25,
            "Y":35.918446,
            "X":128.826991,
            "rank":59.0,
            "area_info":"24평(81.92), 30평(102.43), 33평(110.35)",
            "last_sales":"2022-02-08,24800.0,30평(102.43)",
            "rank_history":[
                [
                    "202203",
                    59
                ],
                [
                    "202202",
                    56
                ],
                [
                    "202201",
                    55
                ]
            ],
            "rank_gap":-3
        },
        {
            "index":185,
            "아파트명":"두리마을부영사랑으로",
            "투자타입":"일반",
            "전용면적(m2)":"77.8",
            "전용면적(평)":"23평",
            "법정동주소":"경상북도 경산시 옥곡동 832-1",
            "도로명주소":"경상북도 경산시 강변서로 17",
            "세대수":90,
            "입주년차":40,
            "용적률점수":"--",
            "건폐율점수":"--",
            "세대당주차수":0,
            "난방방식":30,
            "공급면적":"--",
            "전용률":"--",
            "욕실수":100,
            "현관타입":100,
            "주거총점":62.5,
            "지역구공급총점":0.0,
            "역세권":"NA",
            "30분내 이동가능 거점":"NA",
            "1시간내 이동가능 거점":"NA",
            "교통총점":"NA",
            "백화점":0,
            "아울렛몰":0,
            "대형마트":0,
            "은행":0,
            "병원":30,
            "종합병원":100,
            "공원":0,
            "혐오시설":0,
            "인프라총점":23.0,
            "초등학군":90.01,
            "중학군":15.24,
            "학군총점":30.194,
            "인구수":28.79,
            "인구증감":13.06,
            "인구총점":24.071,
            "일자리":18.39,
            "소득수준":56.95,
            "일자리총점":29.958,
            "가치 총점":38.6235,
            "매매실거래년":20220225.0,
            "매매실거래가":20000.0,
            "전세실거래년":20220214.0,
            "전세실거래가":15000.0,
            "전세가율":81.08,
            "장기전세가율평균":73.59,
            "전세가율거품지수":-7.49,
            "검색코드":25563,
            "세대수":966.0,
            "준공년월":"2006-06-16",
            "준공년차":17.0,
            "가까운역이름":"NA",
            "가까운역거리":"NA",
            "역세권여부":"NA",
            "30분이내주요거점역":"NA",
            "30분거점역이름":"NA",
            "1시간이내주요거점역":"NA",
            "1시간거점역이름":"NA",
            "3km이내백화점수":0,
            "5km이내아울렛몰수":0,
            "1km이내대형먀트수":0,
            "500m이내은행수":0,
            "500m이내병원수":5,
            "5km이내대형병원수":2,
            "500m이내공원수":0,
            "3km이내혐오시설수":0,
            "초등학교학업성취도":90.01,
            "중학교학업성취도":25.4,
            "용적률":208,
            "건폐율":17,
            "Y":35.811219,
            "X":128.735288,
            "rank":60.0,
            "area_info":"23평(77.8), 32평(105.81)",
            "last_sales":"2022-02-25,20000.0,32평(105.81)",
            "rank_history":[
                [
                    "202203",
                    60
                ],
                [
                    "202202",
                    57
                ],
                [
                    "202201",
                    59
                ]
            ],
            "rank_gap":-3
        },
        {
            "index":211,
            "아파트명":"웰리치성암",
            "투자타입":"일반",
            "전용면적(m2)":"141.65",
            "전용면적(평)":"42평",
            "법정동주소":"경상북도 경산시 옥곡동 80",
            "도로명주소":"경상북도 경산시 삼성현로 203",
            "세대수":0,
            "입주년차":40,
            "용적률점수":"--",
            "건폐율점수":"--",
            "세대당주차수":60,
            "난방방식":30,
            "공급면적":"--",
            "전용률":"--",
            "욕실수":100,
            "현관타입":100,
            "주거총점":40.0,
            "지역구공급총점":0.0,
            "역세권":"NA",
            "30분내 이동가능 거점":"NA",
            "1시간내 이동가능 거점":"NA",
            "교통총점":"NA",
            "백화점":0,
            "아울렛몰":0,
            "대형마트":0,
            "은행":0,
            "병원":0,
            "종합병원":100,
            "공원":100,
            "혐오시설":0,
            "인프라총점":23.0,
            "초등학군":90.01,
            "중학군":54.56,
            "학군총점":61.65,
            "인구수":28.79,
            "인구증감":13.06,
            "인구총점":24.071,
            "일자리":18.39,
            "소득수준":56.95,
            "일자리총점":29.958,
            "가치 총점":38.6125,
            "매매실거래년":20211119.0,
            "매매실거래가":33000.0,
            "전세실거래년":null,
            "전세실거래가":null,
            "전세가율":null,
            "장기전세가율평균":73.59,
            "전세가율거품지수":null,
            "검색코드":22451,
            "세대수":250.0,
            "준공년월":"2006-06-30",
            "준공년차":17.0,
            "가까운역이름":"NA",
            "가까운역거리":"NA",
            "역세권여부":"NA",
            "30분이내주요거점역":"NA",
            "30분거점역이름":"NA",
            "1시간이내주요거점역":"NA",
            "1시간거점역이름":"NA",
            "3km이내백화점수":0,
            "5km이내아울렛몰수":0,
            "1km이내대형먀트수":0,
            "500m이내은행수":0,
            "500m이내병원수":0,
            "5km이내대형병원수":2,
            "500m이내공원수":5,
            "3km이내혐오시설수":0,
            "초등학교학업성취도":90.01,
            "중학교학업성취도":90.8,
            "용적률":238,
            "건폐율":22,
            "Y":35.815829,
            "X":128.725748,
            "rank":61.0,
            "area_info":"42평(141.65), 47평(155.53), 49평(162.22), 50평(168.08)",
            "last_sales":"2021-11-19,33000.0,49평(162.22)",
            "rank_history":[
                [
                    "202203",
                    61
                ],
                [
                    "202202",
                    58
                ],
                [
                    "202201",
                    56
                ]
            ],
            "rank_gap":-3
        },
        {
            "index":446,
            "아파트명":"경산하양호반써밋더퍼스트",
            "투자타입":"일반",
            "전용면적(m2)":"111.55",
            "전용면적(평)":"33평",
            "법정동주소":"경상북도 경산시 하양읍 서사리 349",
            "도로명주소":"경상북도 경산시 서사도리로 80",
            "세대수":50,
            "입주년차":100,
            "용적률점수":"--",
            "건폐율점수":"--",
            "세대당주차수":60,
            "난방방식":30,
            "공급면적":"--",
            "전용률":"--",
            "욕실수":100,
            "현관타입":100,
            "주거총점":69.5,
            "지역구공급총점":0.0,
            "역세권":"NA",
            "30분내 이동가능 거점":"NA",
            "1시간내 이동가능 거점":"NA",
            "교통총점":"NA",
            "백화점":0,
            "아울렛몰":0,
            "대형마트":0,
            "은행":0,
            "병원":0,
            "종합병원":0,
            "공원":0,
            "혐오시설":0,
            "인프라총점":0.0,
            "초등학군":90.67,
            "중학군":46.74,
            "학군총점":55.526,
            "인구수":28.79,
            "인구증감":13.06,
            "인구총점":24.071,
            "일자리":18.39,
            "소득수준":56.95,
            "일자리총점":29.958,
            "가치 총점":38.2065,
            "매매실거래년":20210524.0,
            "매매실거래가":32420.0,
            "전세실거래년":null,
            "전세실거래가":null,
            "전세가율":null,
            "장기전세가율평균":73.59,
            "전세가율거품지수":null,
            "검색코드":124874,
            "세대수":655.0,
            "준공년월":"2021-05-01",
            "준공년차":2.0,
            "가까운역이름":"NA",
            "가까운역거리":"NA",
            "역세권여부":"NA",
            "30분이내주요거점역":"NA",
            "30분거점역이름":"NA",
            "1시간이내주요거점역":"NA",
            "1시간거점역이름":"NA",
            "3km이내백화점수":0,
            "5km이내아울렛몰수":0,
            "1km이내대형먀트수":0,
            "500m이내은행수":0,
            "500m이내병원수":0,
            "5km이내대형병원수":0,
            "500m이내공원수":0,
            "3km이내혐오시설수":0,
            "초등학교학업성취도":90.67,
            "중학교학업성취도":77.9,
            "용적률":249,
            "건폐율":16,
            "Y":35.917368,
            "X":128.80987,
            "rank":62.0,
            "area_info":"33평(111.55), 33평(111.04), 38평(128.49)",
            "last_sales":"2021-05-24,32420.0,33평(111.55)",
            "rank_history":[
                [
                    "202203",
                    62
                ],
                [
                    "202202",
                    59
                ],
                [
                    "202201",
                    57
                ]
            ],
            "rank_gap":-3
        },
        {
            "index":85,
            "아파트명":"부영원앙마을",
            "투자타입":"일반",
            "전용면적(m2)":"77.82",
            "전용면적(평)":"23평",
            "법정동주소":"경상북도 경산시 사동 659-1",
            "도로명주소":"경상북도 경산시 백자로20길 9",
            "세대수":30,
            "입주년차":20,
            "용적률점수":"--",
            "건폐율점수":"--",
            "세대당주차수":0,
            "난방방식":30,
            "공급면적":"--",
            "전용률":"--",
            "욕실수":100,
            "현관타입":100,
            "주거총점":37.5,
            "지역구공급총점":0.0,
            "역세권":"NA",
            "30분내 이동가능 거점":"NA",
            "1시간내 이동가능 거점":"NA",
            "교통총점":"NA",
            "백화점":0,
            "아울렛몰":0,
            "대형마트":0,
            "은행":20,
            "병원":60,
            "종합병원":80,
            "공원":100,
            "혐오시설":0,
            "인프라총점":27.0,
            "초등학군":90.01,
            "중학군":48.06,
            "학군총점":56.45,
            "인구수":28.79,
            "인구증감":13.06,
            "인구총점":24.071,
            "일자리":18.39,
            "소득수준":56.95,
            "일자리총점":29.958,
            "가치 총점":38.0375,
            "매매실거래년":20220204.0,
            "매매실거래가":14900.0,
            "전세실거래년":20210219.0,
            "전세실거래가":13000.0,
            "전세가율":87.25,
            "장기전세가율평균":73.59,
            "전세가율거품지수":-13.66,
            "검색코드":112475,
            "세대수":340.0,
            "준공년월":"2003-09-08",
            "준공년차":20.0,
            "가까운역이름":"NA",
            "가까운역거리":"NA",
            "역세권여부":"NA",
            "30분이내주요거점역":"NA",
            "30분거점역이름":"NA",
            "1시간이내주요거점역":"NA",
            "1시간거점역이름":"NA",
            "3km이내백화점수":0,
            "5km이내아울렛몰수":0,
            "1km이내대형먀트수":0,
            "500m이내은행수":2,
            "500m이내병원수":10,
            "5km이내대형병원수":1,
            "500m이내공원수":9,
            "3km이내혐오시설수":0,
            "초등학교학업성취도":90.01,
            "중학교학업성취도":79.3,
            "용적률":239,
            "건폐율":19,
            "Y":35.814458,
            "X":128.758014,
            "rank":63.0,
            "area_info":"23평(77.82), 31평(105.04)",
            "last_sales":"2022-02-04,14900.0,23평(77.82)",
            "rank_history":[
                [
                    "202203",
                    63
                ],
                [
                    "202202",
                    60
                ],
                [
                    "202201",
                    63
                ]
            ],
            "rank_gap":-3
        },
        {
            "index":113,
            "아파트명":"옥산서한이다음",
            "투자타입":"일반",
            "전용면적(m2)":"109.15",
            "전용면적(평)":"33평",
            "법정동주소":"경상북도 경산시 사정동 141",
            "도로명주소":"경상북도 경산시 선비길 45",
            "세대수":0,
            "입주년차":40,
            "용적률점수":"--",
            "건폐율점수":"--",
            "세대당주차수":30,
            "난방방식":100,
            "공급면적":"--",
            "전용률":"--",
            "욕실수":100,
            "현관타입":100,
            "주거총점":42.5,
            "지역구공급총점":0.0,
            "역세권":"NA",
            "30분내 이동가능 거점":"NA",
            "1시간내 이동가능 거점":"NA",
            "교통총점":"NA",
            "백화점":0,
            "아울렛몰":0,
            "대형마트":0,
            "은행":0,
            "병원":10,
            "종합병원":100,
            "공원":100,
            "혐오시설":0,
            "인프라총점":24.0,
            "초등학군":89.97,
            "중학군":44.08,
            "학군총점":53.258,
            "인구수":28.79,
            "인구증감":13.06,
            "인구총점":24.071,
            "일자리":18.39,
            "소득수준":56.95,
            "일자리총점":29.958,
            "가치 총점":37.7895,
            "매매실거래년":20211109.0,
            "매매실거래가":30000.0,
            "전세실거래년":20210127.0,
            "전세실거래가":17000.0,
            "전세가율":61.37,
            "장기전세가율평균":73.59,
            "전세가율거품지수":12.22,
            "검색코드":18275,
            "세대수":237.0,
            "준공년월":"2005-12-02",
            "준공년차":18.0,
            "가까운역이름":"NA",
            "가까운역거리":"NA",
            "역세권여부":"NA",
            "30분이내주요거점역":"NA",
            "30분거점역이름":"NA",
            "1시간이내주요거점역":"NA",
            "1시간거점역이름":"NA",
            "3km이내백화점수":0,
            "5km이내아울렛몰수":0,
            "1km이내대형먀트수":0,
            "500m이내은행수":0,
            "500m이내병원수":4,
            "5km이내대형병원수":2,
            "500m이내공원수":6,
            "3km이내혐오시설수":0,
            "초등학교학업성취도":89.97,
            "중학교학업성취도":73.2,
            "용적률":188,
            "건폐율":21,
            "Y":35.818645,
            "X":128.725032,
            "rank":64.0,
            "area_info":"33평(109.15), 46평(154.17)",
            "last_sales":"2021-11-09,30000.0,46평(154.17)",
            "rank_history":[
                [
                    "202203",
                    64
                ],
                [
                    "202202",
                    61
                ],
                [
                    "202201",
                    58
                ]
            ],
            "rank_gap":-3
        },
        {
            "index":232,
            "아파트명":"영남대역코아루더테라스",
            "투자타입":"일반",
            "전용면적(m2)":"102.31",
            "전용면적(평)":"30평",
            "법정동주소":"경상북도 경산시 임당동 522",
            "도로명주소":"경상북도 경산시 궁당로 55",
            "세대수":0,
            "입주년차":80,
            "용적률점수":"--",
            "건폐율점수":"--",
            "세대당주차수":30,
            "난방방식":30,
            "공급면적":"--",
            "전용률":"--",
            "욕실수":100,
            "현관타입":100,
            "주거총점":43.5,
            "지역구공급총점":0.0,
            "역세권":"NA",
            "30분내 이동가능 거점":"NA",
            "1시간내 이동가능 거점":"NA",
            "교통총점":"NA",
            "백화점":0,
            "아울렛몰":0,
            "대형마트":0,
            "은행":0,
            "병원":0,
            "종합병원":100,
            "공원":100,
            "혐오시설":0,
            "인프라총점":23.0,
            "초등학군":89.91,
            "중학군":42.18,
            "학군총점":51.726,
            "인구수":28.79,
            "인구증감":13.06,
            "인구총점":24.071,
            "일자리":18.39,
            "소득수준":56.95,
            "일자리총점":29.958,
            "가치 총점":37.3565,
            "매매실거래년":20220214.0,
            "매매실거래가":24000.0,
            "전세실거래년":null,
            "전세실거래가":null,
            "전세가율":null,
            "장기전세가율평균":73.59,
            "전세가율거품지수":null,
            "검색코드":110642,
            "세대수":148.0,
            "준공년월":"2016-07-01",
            "준공년차":7.0,
            "가까운역이름":"NA",
            "가까운역거리":"NA",
            "역세권여부":"NA",
            "30분이내주요거점역":"NA",
            "30분거점역이름":"NA",
            "1시간이내주요거점역":"NA",
            "1시간거점역이름":"NA",
            "3km이내백화점수":0,
            "5km이내아울렛몰수":0,
            "1km이내대형먀트수":0,
            "500m이내은행수":0,
            "500m이내병원수":0,
            "5km이내대형병원수":2,
            "500m이내공원수":3,
            "3km이내혐오시설수":0,
            "초등학교학업성취도":89.91,
            "중학교학업성취도":69.7,
            "용적률":119,
            "건폐율":33,
            "Y":35.844643,
            "X":128.749356,
            "rank":65.0,
            "area_info":"30평(102.31), 30평(102.31), 30평(102.31), 30평(102.31), 30평(102.31)",
            "last_sales":"2022-02-14,24000.0,30평(102.31)",
            "rank_history":[
                [
                    "202203",
                    65
                ],
                [
                    "202202",
                    64
                ],
                [
                    "202201",
                    62
                ]
            ],
            "rank_gap":-1
        },
        {
            "index":222,
            "아파트명":"옥산협화타운",
            "투자타입":"일반",
            "전용면적(m2)":"67.55",
            "전용면적(평)":"20평",
            "법정동주소":"경상북도 경산시 옥산동 884",
            "도로명주소":"경상북도 경산시 성암로 8",
            "세대수":50,
            "입주년차":0,
            "용적률점수":"--",
            "건폐율점수":"--",
            "세대당주차수":0,
            "난방방식":30,
            "공급면적":"--",
            "전용률":"--",
            "욕실수":50,
            "현관타입":100,
            "주거총점":35.5,
            "지역구공급총점":0.0,
            "역세권":"NA",
            "30분내 이동가능 거점":"NA",
            "1시간내 이동가능 거점":"NA",
            "교통총점":"NA",
            "백화점":0,
            "아울렛몰":0,
            "대형마트":0,
            "은행":0,
            "병원":60,
            "종합병원":100,
            "공원":100,
            "혐오시설":0,
            "인프라총점":29.0,
            "초등학군":89.97,
            "중학군":44.08,
            "학군총점":53.258,
            "인구수":28.79,
            "인구증감":13.06,
            "인구총점":24.071,
            "일자리":18.39,
            "소득수준":56.95,
            "일자리총점":29.958,
            "가치 총점":37.3395,
            "매매실거래년":20220211.0,
            "매매실거래가":10700.0,
            "전세실거래년":20211227.0,
            "전세실거래가":8900.0,
            "전세가율":83.18,
            "장기전세가율평균":73.59,
            "전세가율거품지수":-9.59,
            "검색코드":4042,
            "세대수":570.0,
            "준공년월":"1994-07-05",
            "준공년차":29.0,
            "가까운역이름":"NA",
            "가까운역거리":"NA",
            "역세권여부":"NA",
            "30분이내주요거점역":"NA",
            "30분거점역이름":"NA",
            "1시간이내주요거점역":"NA",
            "1시간거점역이름":"NA",
            "3km이내백화점수":0,
            "5km이내아울렛몰수":0,
            "1km이내대형먀트수":0,
            "500m이내은행수":1,
            "500m이내병원수":13,
            "5km이내대형병원수":2,
            "500m이내공원수":7,
            "3km이내혐오시설수":0,
            "초등학교학업성취도":89.97,
            "중학교학업성취도":73.2,
            "용적률":178,
            "건폐율":50,
            "Y":35.821502,
            "X":128.719004,
            "rank":66.0,
            "area_info":"20평(67.55), 23평(76.86)",
            "last_sales":"2022-02-11,10700.0,20평(67.55)",
            "rank_history":[
                [
                    "202203",
                    66
                ],
                [
                    "202202",
                    62
                ],
                [
                    "202201",
                    60
                ]
            ],
            "rank_gap":-4
        },
        {
            "index":218,
            "아파트명":"옥산청구",
            "투자타입":"일반",
            "전용면적(m2)":"84.77",
            "전용면적(평)":"25평",
            "법정동주소":"경상북도 경산시 옥산동 884-2",
            "도로명주소":"경상북도 경산시 성암로8길 24",
            "세대수":50,
            "입주년차":0,
            "용적률점수":"--",
            "건폐율점수":"--",
            "세대당주차수":0,
            "난방방식":30,
            "공급면적":"--",
            "전용률":"--",
            "욕실수":50,
            "현관타입":100,
            "주거총점":35.5,
            "지역구공급총점":0.0,
            "역세권":"NA",
            "30분내 이동가능 거점":"NA",
            "1시간내 이동가능 거점":"NA",
            "교통총점":"NA",
            "백화점":0,
            "아울렛몰":0,
            "대형마트":0,
            "은행":0,
            "병원":60,
            "종합병원":100,
            "공원":100,
            "혐오시설":0,
            "인프라총점":29.0,
            "초등학군":89.97,
            "중학군":44.08,
            "학군총점":53.258,
            "인구수":28.79,
            "인구증감":13.06,
            "인구총점":24.071,
            "일자리":18.39,
            "소득수준":56.95,
            "일자리총점":29.958,
            "가치 총점":37.3395,
            "매매실거래년":20220210.0,
            "매매실거래가":16500.0,
            "전세실거래년":20220218.0,
            "전세실거래가":15000.0,
            "전세가율":90.91,
            "장기전세가율평균":73.59,
            "전세가율거품지수":-17.32,
            "검색코드":4041,
            "세대수":610.0,
            "준공년월":"1993-05-06",
            "준공년차":30.0,
            "가까운역이름":"NA",
            "가까운역거리":"NA",
            "역세권여부":"NA",
            "30분이내주요거점역":"NA",
            "30분거점역이름":"NA",
            "1시간이내주요거점역":"NA",
            "1시간거점역이름":"NA",
            "3km이내백화점수":0,
            "5km이내아울렛몰수":0,
            "1km이내대형먀트수":0,
            "500m이내은행수":1,
            "500m이내병원수":13,
            "5km이내대형병원수":2,
            "500m이내공원수":7,
            "3km이내혐오시설수":0,
            "초등학교학업성취도":89.97,
            "중학교학업성취도":73.2,
            "용적률":180,
            "건폐율":16,
            "Y":35.820456,
            "X":128.72216,
            "rank":66.0,
            "area_info":"25평(84.77), 30평(101.29)",
            "last_sales":"2022-02-10,16500.0,25평(84.77)",
            "rank_history":[
                [
                    "202203",
                    66
                ],
                [
                    "202202",
                    62
                ],
                [
                    "202201",
                    60
                ]
            ],
            "rank_gap":-4
        },
        {
            "index":272,
            "아파트명":"정평현대",
            "투자타입":"재건축",
            "전용면적(m2)":"94.37",
            "전용면적(평)":"28평",
            "법정동주소":"경상북도 경산시 정평동 240",
            "도로명주소":"경상북도 경산시 강변서로51길 15-6",
            "세대수":50,
            "입주년차":"--",
            "용적률점수":0,
            "건폐율점수":0,
            "세대당주차수":"--",
            "난방방식":"--",
            "공급면적":70,
            "전용률":60,
            "욕실수":"--",
            "현관타입":"--",
            "주거총점":21.5,
            "지역구공급총점":0.0,
            "역세권":"NA",
            "30분내 이동가능 거점":"NA",
            "1시간내 이동가능 거점":"NA",
            "교통총점":"NA",
            "백화점":0,
            "아울렛몰":0,
            "대형마트":80,
            "은행":0,
            "병원":60,
            "종합병원":100,
            "공원":100,
            "혐오시설":0,
            "인프라총점":41.0,
            "초등학군":90.03,
            "중학군":44.08,
            "학군총점":53.27,
            "인구수":28.79,
            "인구증감":13.06,
            "인구총점":24.071,
            "일자리":18.39,
            "소득수준":56.95,
            "일자리총점":29.958,
            "가치 총점":37.2425,
            "매매실거래년":20220117.0,
            "매매실거래가":17000.0,
            "전세실거래년":20210313.0,
            "전세실거래가":15000.0,
            "전세가율":88.24,
            "장기전세가율평균":73.59,
            "전세가율거품지수":-14.65,
            "검색코드":4057,
            "세대수":495.0,
            "준공년월":"1992-03-28",
            "준공년차":31.0,
            "가까운역이름":"NA",
            "가까운역거리":"NA",
            "역세권여부":"NA",
            "30분이내주요거점역":"NA",
            "30분거점역이름":"NA",
            "1시간이내주요거점역":"NA",
            "1시간거점역이름":"NA",
            "3km이내백화점수":0,
            "5km이내아울렛몰수":0,
            "1km이내대형먀트수":1,
            "500m이내은행수":0,
            "500m이내병원수":18,
            "5km이내대형병원수":2,
            "500m이내공원수":5,
            "3km이내혐오시설수":0,
            "초등학교학업성취도":90.03,
            "중학교학업성취도":73.2,
            "용적률":0,
            "건폐율":0,
            "Y":35.829508,
            "X":128.729215,
            "rank":67.0,
            "area_info":"28평(94.37), 31평(104.7), 31평(105.45)",
            "last_sales":"2022-01-17,17000.0,28평(94.37)",
            "rank_history":[
                [
                    "202203",
                    67
                ],
                [
                    "202202",
                    63
                ],
                [
                    "202201",
                    61
                ]
            ],
            "rank_gap":-4
        },
        {
            "index":291,
            "아파트명":"강산애",
            "투자타입":"일반",
            "전용면적(m2)":"87.03",
            "전용면적(평)":"26평",
            "법정동주소":"경상북도 경산시 조영동 572-2",
            "도로명주소":"경상북도 경산시 둥지로 32",
            "세대수":0,
            "입주년차":40,
            "용적률점수":"--",
            "건폐율점수":"--",
            "세대당주차수":30,
            "난방방식":30,
            "공급면적":"--",
            "전용률":"--",
            "욕실수":100,
            "현관타입":100,
            "주거총점":35.5,
            "지역구공급총점":0.0,
            "역세권":"NA",
            "30분내 이동가능 거점":"NA",
            "1시간내 이동가능 거점":"NA",
            "교통총점":"NA",
            "백화점":0,
            "아울렛몰":0,
            "대형마트":0,
            "은행":0,
            "병원":60,
            "종합병원":100,
            "공원":100,
            "혐오시설":0,
            "인프라총점":29.0,
            "초등학군":89.91,
            "중학군":42.18,
            "학군총점":51.726,
            "인구수":28.79,
            "인구증감":13.06,
            "인구총점":24.071,
            "일자리":18.39,
            "소득수준":56.95,
            "일자리총점":29.958,
            "가치 총점":36.9565,
            "매매실거래년":20220129.0,
            "매매실거래가":15500.0,
            "전세실거래년":20210902.0,
            "전세실거래가":12000.0,
            "전세가율":77.42,
            "장기전세가율평균":73.59,
            "전세가율거품지수":-3.83,
            "검색코드":25752,
            "세대수":299.0,
            "준공년월":"2004-09-06",
            "준공년차":19.0,
            "가까운역이름":"NA",
            "가까운역거리":"NA",
            "역세권여부":"NA",
            "30분이내주요거점역":"NA",
            "30분거점역이름":"NA",
            "1시간이내주요거점역":"NA",
            "1시간거점역이름":"NA",
            "3km이내백화점수":0,
            "5km이내아울렛몰수":0,
            "1km이내대형먀트수":0,
            "500m이내은행수":1,
            "500m이내병원수":10,
            "5km이내대형병원수":2,
            "500m이내공원수":4,
            "3km이내혐오시설수":0,
            "초등학교학업성취도":89.91,
            "중학교학업성취도":69.7,
            "용적률":0,
            "건폐율":0,
            "Y":35.841696,
            "X":128.755041,
            "rank":68.0,
            "area_info":"26평(87.03), 27평(89.63), 28평(95.39), 29평(96.06)",
            "last_sales":"2022-01-29,15500.0,26평(87.03)",
            "rank_history":[
                [
                    "202203",
                    68
                ],
                [
                    "202202",
                    65
                ],
                [
                    "202201",
                    71
                ]
            ],
            "rank_gap":-3
        },
        {
            "index":52,
            "아파트명":"경산윤성타운2차",
            "투자타입":"일반",
            "전용면적(m2)":"65.35",
            "전용면적(평)":"19평",
            "법정동주소":"경상북도 경산시 백천동 115-7",
            "도로명주소":"경상북도 경산시 백천길 29",
            "세대수":50,
            "입주년차":0,
            "용적률점수":"--",
            "건폐율점수":"--",
            "세대당주차수":0,
            "난방방식":30,
            "공급면적":"--",
            "전용률":"--",
            "욕실수":50,
            "현관타입":100,
            "주거총점":35.5,
            "지역구공급총점":0.0,
            "역세권":"NA",
            "30분내 이동가능 거점":"NA",
            "1시간내 이동가능 거점":"NA",
            "교통총점":"NA",
            "백화점":0,
            "아울렛몰":0,
            "대형마트":0,
            "은행":0,
            "병원":30,
            "종합병원":80,
            "공원":100,
            "혐오시설":0,
            "인프라총점":22.0,
            "초등학군":89.99,
            "중학군":55.9,
            "학군총점":62.718,
            "인구수":28.79,
            "인구증감":13.06,
            "인구총점":24.071,
            "일자리":18.39,
            "소득수준":56.95,
            "일자리총점":29.958,
            "가치 총점":36.9045,
            "매매실거래년":20220222.0,
            "매매실거래가":9400.0,
            "전세실거래년":20210901.0,
            "전세실거래가":7000.0,
            "전세가율":82.35,
            "장기전세가율평균":73.59,
            "전세가율거품지수":-8.76,
            "검색코드":13765,
            "세대수":413.0,
            "준공년월":"1995-11-27",
            "준공년차":28.0,
            "가까운역이름":"NA",
            "가까운역거리":"NA",
            "역세권여부":"NA",
            "30분이내주요거점역":"NA",
            "30분거점역이름":"NA",
            "1시간이내주요거점역":"NA",
            "1시간거점역이름":"NA",
            "3km이내백화점수":0,
            "5km이내아울렛몰수":0,
            "1km이내대형먀트수":0,
            "500m이내은행수":0,
            "500m이내병원수":7,
            "5km이내대형병원수":1,
            "500m이내공원수":5,
            "3km이내혐오시설수":0,
            "초등학교학업성취도":89.99,
            "중학교학업성취도":91.5,
            "용적률":246,
            "건폐율":30,
            "Y":35.804901,
            "X":128.742555,
            "rank":69.0,
            "area_info":"19평(65.35), 22평(73.11), 24평(81.48), 25평(83.23)",
            "last_sales":"2022-02-22,9400.0,22평(73.11)",
            "rank_history":[
                [
                    "202203",
                    69
                ],
                [
                    "202202",
                    66
                ],
                [
                    "202201",
                    64
                ]
            ],
            "rank_gap":-3
        },
        {
            "index":33,
            "아파트명":"경산백천신나리",
            "투자타입":"일반",
            "전용면적(m2)":"57.91",
            "전용면적(평)":"17평",
            "법정동주소":"경상북도 경산시 백천동 588-1",
            "도로명주소":"경상북도 경산시 경청로222길 8",
            "세대수":50,
            "입주년차":40,
            "용적률점수":"--",
            "건폐율점수":"--",
            "세대당주차수":0,
            "난방방식":30,
            "공급면적":"--",
            "전용률":"--",
            "욕실수":50,
            "현관타입":100,
            "주거총점":43.5,
            "지역구공급총점":0.0,
            "역세권":"NA",
            "30분내 이동가능 거점":"NA",
            "1시간내 이동가능 거점":"NA",
            "교통총점":"NA",
            "백화점":0,
            "아울렛몰":0,
            "대형마트":0,
            "은행":0,
            "병원":30,
            "종합병원":80,
            "공원":100,
            "혐오시설":0,
            "인프라총점":22.0,
            "초등학군":89.99,
            "중학군":40.98,
            "학군총점":50.782,
            "인구수":28.79,
            "인구증감":13.06,
            "인구총점":24.071,
            "일자리":18.39,
            "소득수준":56.95,
            "일자리총점":29.958,
            "가치 총점":36.7205,
            "매매실거래년":20220208.0,
            "매매실거래가":15300.0,
            "전세실거래년":20211016.0,
            "전세실거래가":9500.0,
            "전세가율":86.76,
            "장기전세가율평균":73.59,
            "전세가율거품지수":-13.17,
            "검색코드":104342,
            "세대수":630.0,
            "준공년월":"2005-09-29",
            "준공년차":18.0,
            "가까운역이름":"NA",
            "가까운역거리":"NA",
            "역세권여부":"NA",
            "30분이내주요거점역":"NA",
            "30분거점역이름":"NA",
            "1시간이내주요거점역":"NA",
            "1시간거점역이름":"NA",
            "3km이내백화점수":0,
            "5km이내아울렛몰수":0,
            "1km이내대형먀트수":0,
            "500m이내은행수":0,
            "500m이내병원수":8,
            "5km이내대형병원수":1,
            "500m이내공원수":6,
            "3km이내혐오시설수":0,
            "초등학교학업성취도":89.99,
            "중학교학업성취도":67.9,
            "용적률":219,
            "건폐율":19,
            "Y":35.803637,
            "X":128.740087,
            "rank":70.0,
            "area_info":"17평(57.91), 23평(76.82), 23평(77.79), 27평(91.66), 27평(92.26), 28평(93.46), 32평(107.24), 32평(107.89), 32평(107.92), 32평(108.06)",
            "last_sales":"2022-02-08,15300.0,27평(92.26)",
            "rank_history":[
                [
                    "202203",
                    70
                ],
                [
                    "202202",
                    67
                ],
                [
                    "202201",
                    65
                ]
            ],
            "rank_gap":-3
        },
        {
            "index":187,
            "아파트명":"부영우리마을",
            "투자타입":"일반",
            "전용면적(m2)":"105.79",
            "전용면적(평)":"32평",
            "법정동주소":"경상북도 경산시 옥곡동 829-1",
            "도로명주소":"경상북도 경산시 경산로 26",
            "세대수":50,
            "입주년차":40,
            "용적률점수":"--",
            "건폐율점수":"--",
            "세대당주차수":30,
            "난방방식":30,
            "공급면적":"--",
            "전용률":"--",
            "욕실수":100,
            "현관타입":100,
            "주거총점":53.0,
            "지역구공급총점":0.0,
            "역세권":"NA",
            "30분내 이동가능 거점":"NA",
            "1시간내 이동가능 거점":"NA",
            "교통총점":"NA",
            "백화점":0,
            "아울렛몰":0,
            "대형마트":0,
            "은행":0,
            "병원":30,
            "종합병원":100,
            "공원":100,
            "혐오시설":0,
            "인프라총점":26.0,
            "초등학군":90.01,
            "중학군":15.24,
            "학군총점":30.194,
            "인구수":28.79,
            "인구증감":13.06,
            "인구총점":24.071,
            "일자리":18.39,
            "소득수준":56.95,
            "일자리총점":29.958,
            "가치 총점":36.4985,
            "매매실거래년":20220122.0,
            "매매실거래가":18600.0,
            "전세실거래년":20211125.0,
            "전세실거래가":18000.0,
            "전세가율":96.77,
            "장기전세가율평균":73.59,
            "전세가율거품지수":-23.18,
            "검색코드":109480,
            "세대수":510.0,
            "준공년월":"2005-07-29",
            "준공년차":18.0,
            "가까운역이름":"NA",
            "가까운역거리":"NA",
            "역세권여부":"NA",
            "30분이내주요거점역":"NA",
            "30분거점역이름":"NA",
            "1시간이내주요거점역":"NA",
            "1시간거점역이름":"NA",
            "3km이내백화점수":0,
            "5km이내아울렛몰수":0,
            "1km이내대형먀트수":0,
            "500m이내은행수":0,
            "500m이내병원수":5,
            "5km이내대형병원수":2,
            "500m이내공원수":2,
            "3km이내혐오시설수":0,
            "초등학교학업성취도":90.01,
            "중학교학업성취도":25.4,
            "용적률":212,
            "건폐율":17,
            "Y":35.813091,
            "X":128.734299,
            "rank":71.0,
            "area_info":"32평(105.79)",
            "last_sales":"2022-01-22,18600.0,32평(105.79)",
            "rank_history":[
                [
                    "202203",
                    71
                ],
                [
                    "202202",
                    68
                ],
                [
                    "202201",
                    68
                ]
            ],
            "rank_gap":-3
        },
        {
            "index":487,
            "아파트명":"하양청구타운2차",
            "투자타입":"일반",
            "전용면적(m2)":"73.09",
            "전용면적(평)":"22평",
            "법정동주소":"경상북도 경산시 하양읍 동서리 740-1",
            "도로명주소":"경상북도 경산시 하양로 202-10",
            "세대수":50,
            "입주년차":20,
            "용적률점수":"--",
            "건폐율점수":"--",
            "세대당주차수":0,
            "난방방식":30,
            "공급면적":"--",
            "전용률":"--",
            "욕실수":100,
            "현관타입":100,
            "주거총점":44.5,
            "지역구공급총점":0.0,
            "역세권":"NA",
            "30분내 이동가능 거점":"NA",
            "1시간내 이동가능 거점":"NA",
            "교통총점":"NA",
            "백화점":0,
            "아울렛몰":0,
            "대형마트":80,
            "은행":0,
            "병원":30,
            "종합병원":0,
            "공원":80,
            "혐오시설":0,
            "인프라총점":17.4,
            "초등학군":89.97,
            "중학군":46.74,
            "학군총점":55.386,
            "인구수":28.79,
            "인구증감":13.06,
            "인구총점":24.071,
            "일자리":18.39,
            "소득수준":56.95,
            "일자리총점":29.958,
            "가치 총점":36.3815,
            "매매실거래년":20220127.0,
            "매매실거래가":17700.0,
            "전세실거래년":20200810.0,
            "전세실거래가":10000.0,
            "전세가율":80.65,
            "장기전세가율평균":73.59,
            "전세가율거품지수":-7.06,
            "검색코드":4083,
            "세대수":406.0,
            "준공년월":"2001-03-19",
            "준공년차":22.0,
            "가까운역이름":"NA",
            "가까운역거리":"NA",
            "역세권여부":"NA",
            "30분이내주요거점역":"NA",
            "30분거점역이름":"NA",
            "1시간이내주요거점역":"NA",
            "1시간거점역이름":"NA",
            "3km이내백화점수":0,
            "5km이내아울렛몰수":0,
            "1km이내대형먀트수":1,
            "500m이내은행수":0,
            "500m이내병원수":6,
            "5km이내대형병원수":0,
            "500m이내공원수":1,
            "3km이내혐오시설수":0,
            "초등학교학업성취도":89.97,
            "중학교학업성취도":77.9,
            "용적률":208,
            "건폐율":29,
            "Y":35.916629,
            "X":128.826487,
            "rank":72.0,
            "area_info":"22평(73.09), 30평(100.2), 41평(136.51)",
            "last_sales":"2022-01-27,17700.0,30평(100.2)",
            "rank_history":[
                [
                    "202203",
                    72
                ],
                [
                    "202202",
                    69
                ],
                [
                    "202201",
                    69
                ]
            ],
            "rank_gap":-3
        },
        {
            "index":82,
            "아파트명":"부영1차",
            "투자타입":"일반",
            "전용면적(m2)":"75.39",
            "전용면적(평)":"22평",
            "법정동주소":"경상북도 경산시 사동 662-1",
            "도로명주소":"경상북도 경산시 백자로20길 53",
            "세대수":50,
            "입주년차":20,
            "용적률점수":"--",
            "건폐율점수":"--",
            "세대당주차수":0,
            "난방방식":30,
            "공급면적":"--",
            "전용률":"--",
            "욕실수":50,
            "현관타입":100,
            "주거총점":39.5,
            "지역구공급총점":0.0,
            "역세권":"NA",
            "30분내 이동가능 거점":"NA",
            "1시간내 이동가능 거점":"NA",
            "교통총점":"NA",
            "백화점":0,
            "아울렛몰":0,
            "대형마트":0,
            "은행":0,
            "병원":10,
            "종합병원":80,
            "공원":100,
            "혐오시설":0,
            "인프라총점":20.0,
            "초등학군":90.01,
            "중학군":48.06,
            "학군총점":56.45,
            "인구수":28.79,
            "인구증감":13.06,
            "인구총점":24.071,
            "일자리":18.39,
            "소득수준":56.95,
            "일자리총점":29.958,
            "가치 총점":35.9375,
            "매매실거래년":20220212.0,
            "매매실거래가":10000.0,
            "전세실거래년":20220204.0,
            "전세실거래가":7480.0,
            "전세가율":74.8,
            "장기전세가율평균":73.59,
            "전세가율거품지수":-1.21,
            "검색코드":16975,
            "세대수":640.0,
            "준공년월":"2001-11-15",
            "준공년차":22.0,
            "가까운역이름":"NA",
            "가까운역거리":"NA",
            "역세권여부":"NA",
            "30분이내주요거점역":"NA",
            "30분거점역이름":"NA",
            "1시간이내주요거점역":"NA",
            "1시간거점역이름":"NA",
            "3km이내백화점수":0,
            "5km이내아울렛몰수":0,
            "1km이내대형먀트수":0,
            "500m이내은행수":0,
            "500m이내병원수":3,
            "5km이내대형병원수":1,
            "500m이내공원수":4,
            "3km이내혐오시설수":0,
            "초등학교학업성취도":90.01,
            "중학교학업성취도":79.3,
            "용적률":241,
            "건폐율":20,
            "Y":35.812761,
            "X":128.762612,
            "rank":73.0,
            "area_info":"22평(75.39), 25평(84.35)",
            "last_sales":"2022-02-12,10000.0,22평(75.39)",
            "rank_history":[
                [
                    "202203",
                    73
                ],
                [
                    "202202",
                    70
                ],
                [
                    "202201",
                    67
                ]
            ],
            "rank_gap":-3
        },
        {
            "index":56,
            "아파트명":"동화리버빌",
            "투자타입":"일반",
            "전용면적(m2)":"110.86",
            "전용면적(평)":"33평",
            "법정동주소":"경상북도 경산시 백천동 572-1",
            "도로명주소":"경상북도 경산시 경청로221길 17",
            "세대수":0,
            "입주년차":40,
            "용적률점수":"--",
            "건폐율점수":"--",
            "세대당주차수":30,
            "난방방식":30,
            "공급면적":"--",
            "전용률":"--",
            "욕실수":100,
            "현관타입":100,
            "주거총점":35.5,
            "지역구공급총점":0.0,
            "역세권":"NA",
            "30분내 이동가능 거점":"NA",
            "1시간내 이동가능 거점":"NA",
            "교통총점":"NA",
            "백화점":0,
            "아울렛몰":0,
            "대형마트":0,
            "은행":0,
            "병원":30,
            "종합병원":100,
            "공원":100,
            "혐오시설":0,
            "인프라총점":26.0,
            "초등학군":89.99,
            "중학군":40.98,
            "학군총점":50.782,
            "인구수":28.79,
            "인구증감":13.06,
            "인구총점":24.071,
            "일자리":18.39,
            "소득수준":56.95,
            "일자리총점":29.958,
            "가치 총점":35.5205,
            "매매실거래년":20220207.0,
            "매매실거래가":23100.0,
            "전세실거래년":20220123.0,
            "전세실거래가":18000.0,
            "전세가율":77.92,
            "장기전세가율평균":73.59,
            "전세가율거품지수":-4.33,
            "검색코드":15371,
            "세대수":296.0,
            "준공년월":"2005-03-21",
            "준공년차":18.0,
            "가까운역이름":"NA",
            "가까운역거리":"NA",
            "역세권여부":"NA",
            "30분이내주요거점역":"NA",
            "30분거점역이름":"NA",
            "1시간이내주요거점역":"NA",
            "1시간거점역이름":"NA",
            "3km이내백화점수":0,
            "5km이내아울렛몰수":0,
            "1km이내대형먀트수":0,
            "500m이내은행수":0,
            "500m이내병원수":8,
            "5km이내대형병원수":2,
            "500m이내공원수":4,
            "3km이내혐오시설수":0,
            "초등학교학업성취도":89.99,
            "중학교학업성취도":67.9,
            "용적률":0,
            "건폐율":0,
            "Y":35.80406,
            "X":128.737236,
            "rank":74.0,
            "area_info":"33평(110.86), 43평(143.4)",
            "last_sales":"2022-02-07,23100.0,33평(110.86)",
            "rank_history":[
                [
                    "202203",
                    74
                ],
                [
                    "202202",
                    71
                ],
                [
                    "202201",
                    70
                ]
            ],
            "rank_gap":-3
        },
        {
            "index":182,
            "아파트명":"동화프라임빌",
            "투자타입":"일반",
            "전용면적(m2)":"91.99",
            "전용면적(평)":"27평",
            "법정동주소":"경상북도 경산시 옥곡동 830",
            "도로명주소":"경상북도 경산시 경산로 25",
            "세대수":50,
            "입주년차":40,
            "용적률점수":"--",
            "건폐율점수":"--",
            "세대당주차수":0,
            "난방방식":30,
            "공급면적":"--",
            "전용률":"--",
            "욕실수":100,
            "현관타입":100,
            "주거총점":48.5,
            "지역구공급총점":0.0,
            "역세권":"NA",
            "30분내 이동가능 거점":"NA",
            "1시간내 이동가능 거점":"NA",
            "교통총점":"NA",
            "백화점":0,
            "아울렛몰":0,
            "대형마트":0,
            "은행":0,
            "병원":30,
            "종합병원":100,
            "공원":100,
            "혐오시설":0,
            "인프라총점":26.0,
            "초등학군":90.01,
            "중학군":15.24,
            "학군총점":30.194,
            "인구수":28.79,
            "인구증감":13.06,
            "인구총점":24.071,
            "일자리":18.39,
            "소득수준":56.95,
            "일자리총점":29.958,
            "가치 총점":34.9235,
            "매매실거래년":20211230.0,
            "매매실거래가":21800.0,
            "전세실거래년":20190611.0,
            "전세실거래가":15000.0,
            "전세가율":76.14,
            "장기전세가율평균":73.59,
            "전세가율거품지수":-2.55,
            "검색코드":14384,
            "세대수":516.0,
            "준공년월":"2004-06-18",
            "준공년차":19.0,
            "가까운역이름":"NA",
            "가까운역거리":"NA",
            "역세권여부":"NA",
            "30분이내주요거점역":"NA",
            "30분거점역이름":"NA",
            "1시간이내주요거점역":"NA",
            "1시간거점역이름":"NA",
            "3km이내백화점수":0,
            "5km이내아울렛몰수":0,
            "1km이내대형먀트수":0,
            "500m이내은행수":0,
            "500m이내병원수":5,
            "5km이내대형병원수":2,
            "500m이내공원수":2,
            "3km이내혐오시설수":0,
            "초등학교학업성취도":90.01,
            "중학교학업성취도":25.4,
            "용적률":219,
            "건폐율":19,
            "Y":35.81197,
            "X":128.73251,
            "rank":75.0,
            "area_info":"27평(91.99), 30평(100.25), 33평(109.95)",
            "last_sales":"2021-12-30,21800.0,30평(100.25)",
            "rank_history":[
                [
                    "202203",
                    75
                ],
                [
                    "202202",
                    73
                ],
                [
                    "202201",
                    37
                ]
            ],
            "rank_gap":-2
        },
        {
            "index":256,
            "아파트명":"경산우방맨션3차",
            "투자타입":"일반",
            "전용면적(m2)":"77.8",
            "전용면적(평)":"23평",
            "법정동주소":"경상북도 경산시 정평동 255-87",
            "도로명주소":"경상북도 경산시 대학로12길 11-4",
            "세대수":0,
            "입주년차":0,
            "용적률점수":"--",
            "건폐율점수":"--",
            "세대당주차수":0,
            "난방방식":30,
            "공급면적":"--",
            "전용률":"--",
            "욕실수":50,
            "현관타입":10,
            "주거총점":9.0,
            "지역구공급총점":0.0,
            "역세권":"NA",
            "30분내 이동가능 거점":"NA",
            "1시간내 이동가능 거점":"NA",
            "교통총점":"NA",
            "백화점":0,
            "아울렛몰":0,
            "대형마트":100,
            "은행":0,
            "병원":80,
            "종합병원":100,
            "공원":100,
            "혐오시설":0,
            "인프라총점":46.0,
            "초등학군":89.98,
            "중학군":44.08,
            "학군총점":53.26,
            "인구수":28.79,
            "인구증감":13.06,
            "인구총점":24.071,
            "일자리":18.39,
            "소득수준":56.95,
            "일자리총점":29.958,
            "가치 총점":34.865,
            "매매실거래년":20211220.0,
            "매매실거래가":13000.0,
            "전세실거래년":20211220.0,
            "전세실거래가":12000.0,
            "전세가율":92.31,
            "장기전세가율평균":73.59,
            "전세가율거품지수":-18.72,
            "검색코드":4045,
            "세대수":192.0,
            "준공년월":"1994-09-06",
            "준공년차":29.0,
            "가까운역이름":"NA",
            "가까운역거리":"NA",
            "역세권여부":"NA",
            "30분이내주요거점역":"NA",
            "30분거점역이름":"NA",
            "1시간이내주요거점역":"NA",
            "1시간거점역이름":"NA",
            "3km이내백화점수":0,
            "5km이내아울렛몰수":0,
            "1km이내대형먀트수":2,
            "500m이내은행수":1,
            "500m이내병원수":33,
            "5km이내대형병원수":2,
            "500m이내공원수":3,
            "3km이내혐오시설수":0,
            "초등학교학업성취도":89.98,
            "중학교학업성취도":73.2,
            "용적률":226,
            "건폐율":27,
            "Y":35.832522,
            "X":128.729984,
            "rank":76.0,
            "area_info":"23평(77.8), 30평(101.36), 35평(117.75)",
            "last_sales":"2021-12-20,13000.0,23평(77.8)",
            "rank_history":[
                [
                    "202203",
                    76
                ],
                [
                    "202202",
                    72
                ],
                [
                    "202201",
                    74
                ]
            ],
            "rank_gap":-4
        },
        {
            "index":422,
            "아파트명":"효성그랜드뷰",
            "투자타입":"일반",
            "전용면적(m2)":"104.63",
            "전용면적(평)":"31평",
            "법정동주소":"경상북도 경산시 진량읍 신상리 754",
            "도로명주소":"경상북도 경산시 대학로 1062-1",
            "세대수":0,
            "입주년차":80,
            "용적률점수":"--",
            "건폐율점수":"--",
            "세대당주차수":30,
            "난방방식":30,
            "공급면적":"--",
            "전용률":"--",
            "욕실수":100,
            "현관타입":100,
            "주거총점":43.5,
            "지역구공급총점":0.0,
            "역세권":"NA",
            "30분내 이동가능 거점":"NA",
            "1시간내 이동가능 거점":"NA",
            "교통총점":"NA",
            "백화점":0,
            "아울렛몰":0,
            "대형마트":80,
            "은행":0,
            "병원":10,
            "종합병원":0,
            "공원":100,
            "혐오시설":0,
            "인프라총점":16.0,
            "초등학군":89.99,
            "중학군":43.14,
            "학군총점":52.51,
            "인구수":28.79,
            "인구증감":13.06,
            "인구총점":24.071,
            "일자리":18.39,
            "소득수준":56.95,
            "일자리총점":29.958,
            "가치 총점":34.7525,
            "매매실거래년":20220211.0,
            "매매실거래가":20600.0,
            "전세실거래년":20210907.0,
            "전세실거래가":13000.0,
            "전세가율":63.11,
            "장기전세가율평균":73.59,
            "전세가율거품지수":10.48,
            "검색코드":112692,
            "세대수":52.0,
            "준공년월":"2016-05-27",
            "준공년차":7.0,
            "가까운역이름":"NA",
            "가까운역거리":"NA",
            "역세권여부":"NA",
            "30분이내주요거점역":"NA",
            "30분거점역이름":"NA",
            "1시간이내주요거점역":"NA",
            "1시간거점역이름":"NA",
            "3km이내백화점수":0,
            "5km이내아울렛몰수":0,
            "1km이내대형먀트수":1,
            "500m이내은행수":1,
            "500m이내병원수":4,
            "5km이내대형병원수":0,
            "500m이내공원수":3,
            "3km이내혐오시설수":0,
            "초등학교학업성취도":89.99,
            "중학교학업성취도":71.9,
            "용적률":289,
            "건폐율":29,
            "Y":35.875958,
            "X":128.812631,
            "rank":77.0,
            "area_info":"31평(104.63)",
            "last_sales":"2022-02-11,20600.0,31평(104.63)",
            "rank_history":[
                [
                    "202203",
                    77
                ],
                [
                    "202202",
                    9999
                ]
            ],
            "rank_gap":9999
        },
        {
            "index":158,
            "아파트명":"부적주공",
            "투자타입":"일반",
            "전용면적(m2)":"65.35",
            "전용면적(평)":"19평",
            "법정동주소":"경상북도 경산시 압량읍 부적리 777",
            "도로명주소":"경상북도 경산시 조산로 26",
            "세대수":50,
            "입주년차":0,
            "용적률점수":"--",
            "건폐율점수":"--",
            "세대당주차수":0,
            "난방방식":30,
            "공급면적":"--",
            "전용률":"--",
            "욕실수":50,
            "현관타입":100,
            "주거총점":35.5,
            "지역구공급총점":0.0,
            "역세권":"NA",
            "30분내 이동가능 거점":"NA",
            "1시간내 이동가능 거점":"NA",
            "교통총점":"NA",
            "백화점":0,
            "아울렛몰":0,
            "대형마트":0,
            "은행":0,
            "병원":0,
            "종합병원":100,
            "공원":100,
            "혐오시설":0,
            "인프라총점":23.0,
            "초등학군":89.97,
            "중학군":42.18,
            "학군총점":51.738,
            "인구수":28.79,
            "인구증감":13.06,
            "인구총점":24.071,
            "일자리":18.39,
            "소득수준":56.95,
            "일자리총점":29.958,
            "가치 총점":34.5595,
            "매매실거래년":20220215.0,
            "매매실거래가":12950.0,
            "전세실거래년":20210926.0,
            "전세실거래가":9500.0,
            "전세가율":91.35,
            "장기전세가율평균":73.59,
            "전세가율거품지수":-17.76,
            "검색코드":12929,
            "세대수":577.0,
            "준공년월":"1997-12-19",
            "준공년차":26.0,
            "가까운역이름":"NA",
            "가까운역거리":"NA",
            "역세권여부":"NA",
            "30분이내주요거점역":"NA",
            "30분거점역이름":"NA",
            "1시간이내주요거점역":"NA",
            "1시간거점역이름":"NA",
            "3km이내백화점수":0,
            "5km이내아울렛몰수":0,
            "1km이내대형먀트수":0,
            "500m이내은행수":1,
            "500m이내병원수":0,
            "5km이내대형병원수":2,
            "500m이내공원수":2,
            "3km이내혐오시설수":0,
            "초등학교학업성취도":89.97,
            "중학교학업성취도":69.7,
            "용적률":212,
            "건폐율":20,
            "Y":35.846537,
            "X":128.760611,
            "rank":78.0,
            "area_info":"19평(65.35), 20평(66.61), 23평(77.22), 23평(77.03), 24평(79.8), 24평(81.07)",
            "last_sales":"2022-02-15,12950.0,24평(79.8)",
            "rank_history":[
                [
                    "202203",
                    78
                ],
                [
                    "202202",
                    76
                ],
                [
                    "202201",
                    73
                ]
            ],
            "rank_gap":-2
        },
        {
            "index":484,
            "아파트명":"하양청구타운",
            "투자타입":"일반",
            "전용면적(m2)":"77.62",
            "전용면적(평)":"23평",
            "법정동주소":"경상북도 경산시 하양읍 동서리 1082-1",
            "도로명주소":"경상북도 경산시 하양로33길 6",
            "세대수":50,
            "입주년차":0,
            "용적률점수":"--",
            "건폐율점수":"--",
            "세대당주차수":0,
            "난방방식":30,
            "공급면적":"--",
            "전용률":"--",
            "욕실수":50,
            "현관타입":100,
            "주거총점":35.5,
            "지역구공급총점":0.0,
            "역세권":"NA",
            "30분내 이동가능 거점":"NA",
            "1시간내 이동가능 거점":"NA",
            "교통총점":"NA",
            "백화점":0,
            "아울렛몰":0,
            "대형마트":80,
            "은행":0,
            "병원":60,
            "종합병원":0,
            "공원":80,
            "혐오시설":0,
            "인프라총점":20.4,
            "초등학군":90.01,
            "중학군":46.74,
            "학군총점":55.394,
            "인구수":28.79,
            "인구증감":13.06,
            "인구총점":24.071,
            "일자리":18.39,
            "소득수준":56.95,
            "일자리총점":29.958,
            "가치 총점":34.4335,
            "매매실거래년":20220215.0,
            "매매실거래가":18100.0,
            "전세실거래년":20200811.0,
            "전세실거래가":9000.0,
            "전세가율":85.71,
            "장기전세가율평균":73.59,
            "전세가율거품지수":-12.12,
            "검색코드":4081,
            "세대수":546.0,
            "준공년월":"1994-06-29",
            "준공년차":29.0,
            "가까운역이름":"NA",
            "가까운역거리":"NA",
            "역세권여부":"NA",
            "30분이내주요거점역":"NA",
            "30분거점역이름":"NA",
            "1시간이내주요거점역":"NA",
            "1시간거점역이름":"NA",
            "3km이내백화점수":0,
            "5km이내아울렛몰수":0,
            "1km이내대형먀트수":1,
            "500m이내은행수":0,
            "500m이내병원수":11,
            "5km이내대형병원수":0,
            "500m이내공원수":1,
            "3km이내혐오시설수":0,
            "초등학교학업성취도":90.01,
            "중학교학업성취도":77.9,
            "용적률":216,
            "건폐율":20,
            "Y":35.918562,
            "X":128.823205,
            "rank":79.0,
            "area_info":"23평(77.62), 31평(104.62), 46평(155.3)",
            "last_sales":"2022-02-15,18100.0,31평(104.62)",
            "rank_history":[
                [
                    "202203",
                    79
                ],
                [
                    "202202",
                    77
                ],
                [
                    "202201",
                    79
                ]
            ],
            "rank_gap":-2
        },
        {
            "index":311,
            "아파트명":"은호",
            "투자타입":"재건축",
            "전용면적(m2)":"43.96",
            "전용면적(평)":"13평",
            "법정동주소":"경상북도 경산시 중방동 304-1",
            "도로명주소":"경상북도 경산시 경안로41길 44-3",
            "세대수":0,
            "입주년차":"--",
            "용적률점수":0,
            "건폐율점수":0,
            "세대당주차수":"--",
            "난방방식":"--",
            "공급면적":50,
            "전용률":80,
            "욕실수":"--",
            "현관타입":"--",
            "주거총점":6.5,
            "지역구공급총점":0.0,
            "역세권":"NA",
            "30분내 이동가능 거점":"NA",
            "1시간내 이동가능 거점":"NA",
            "교통총점":"NA",
            "백화점":0,
            "아울렛몰":0,
            "대형마트":80,
            "은행":20,
            "병원":100,
            "종합병원":100,
            "공원":100,
            "혐오시설":0,
            "인프라총점":47.0,
            "초등학군":90.03,
            "중학군":44.08,
            "학군총점":53.27,
            "인구수":28.79,
            "인구증감":13.06,
            "인구총점":24.071,
            "일자리":18.39,
            "소득수준":56.95,
            "일자리총점":29.958,
            "가치 총점":34.3925,
            "매매실거래년":20220124.0,
            "매매실거래가":9400.0,
            "전세실거래년":20210703.0,
            "전세실거래가":4000.0,
            "전세가율":42.55,
            "장기전세가율평균":73.59,
            "전세가율거품지수":31.04,
            "검색코드":16983,
            "세대수":204.0,
            "준공년월":"1987-12-29",
            "준공년차":36.0,
            "가까운역이름":"NA",
            "가까운역거리":"NA",
            "역세권여부":"NA",
            "30분이내주요거점역":"NA",
            "30분거점역이름":"NA",
            "1시간이내주요거점역":"NA",
            "1시간거점역이름":"NA",
            "3km이내백화점수":0,
            "5km이내아울렛몰수":0,
            "1km이내대형먀트수":1,
            "500m이내은행수":2,
            "500m이내병원수":64,
            "5km이내대형병원수":2,
            "500m이내공원수":3,
            "3km이내혐오시설수":0,
            "초등학교학업성취도":90.03,
            "중학교학업성취도":73.2,
            "용적률":0,
            "건폐율":0,
            "Y":35.826335,
            "X":128.732174,
            "rank":80.0,
            "area_info":"13평(43.96), 16평(53.89)",
            "last_sales":"2022-01-24,9400.0,13평(43.96)",
            "rank_history":[
                [
                    "202203",
                    80
                ],
                [
                    "202202",
                    74
                ],
                [
                    "202201",
                    76
                ]
            ],
            "rank_gap":-6
        },
        {
            "index":251,
            "아파트명":"경산우방맨션1차",
            "투자타입":"재건축",
            "전용면적(m2)":"112.77",
            "전용면적(평)":"34평",
            "법정동주소":"경상북도 경산시 정평동 138-6",
            "도로명주소":"경상북도 경산시 대학로16길 6",
            "세대수":0,
            "입주년차":"--",
            "용적률점수":0,
            "건폐율점수":0,
            "세대당주차수":"--",
            "난방방식":"--",
            "공급면적":90,
            "전용률":60,
            "욕실수":"--",
            "현관타입":"--",
            "주거총점":7.5,
            "지역구공급총점":0.0,
            "역세권":"NA",
            "30분내 이동가능 거점":"NA",
            "1시간내 이동가능 거점":"NA",
            "교통총점":"NA",
            "백화점":0,
            "아울렛몰":0,
            "대형마트":100,
            "은행":0,
            "병원":80,
            "종합병원":100,
            "공원":100,
            "혐오시설":0,
            "인프라총점":46.0,
            "초등학군":89.98,
            "중학군":44.08,
            "학군총점":53.26,
            "인구수":28.79,
            "인구증감":13.06,
            "인구총점":24.071,
            "일자리":18.39,
            "소득수준":56.95,
            "일자리총점":29.958,
            "가치 총점":34.34,
            "매매실거래년":20210809.0,
            "매매실거래가":33000.0,
            "전세실거래년":20220101.0,
            "전세실거래가":28000.0,
            "전세가율":106.87,
            "장기전세가율평균":73.59,
            "전세가율거품지수":-33.28,
            "검색코드":4043,
            "세대수":254.0,
            "준공년월":"1990-07-23",
            "준공년차":33.0,
            "가까운역이름":"NA",
            "가까운역거리":"NA",
            "역세권여부":"NA",
            "30분이내주요거점역":"NA",
            "30분거점역이름":"NA",
            "1시간이내주요거점역":"NA",
            "1시간거점역이름":"NA",
            "3km이내백화점수":0,
            "5km이내아울렛몰수":0,
            "1km이내대형먀트수":2,
            "500m이내은행수":1,
            "500m이내병원수":33,
            "5km이내대형병원수":2,
            "500m이내공원수":2,
            "3km이내혐오시설수":0,
            "초등학교학업성취도":89.98,
            "중학교학업성취도":73.2,
            "용적률":0,
            "건폐율":0,
            "Y":35.833442,
            "X":128.730026,
            "rank":81.0,
            "area_info":"34평(112.77), 49평(162.23), 52평(174.74)",
            "last_sales":"2021-08-09,33000.0,49평(162.23)",
            "rank_history":[
                [
                    "202203",
                    81
                ],
                [
                    "202202",
                    75
                ],
                [
                    "202201",
                    77
                ]
            ],
            "rank_gap":-6
        },
        {
            "index":220,
            "아파트명":"옥산해오름",
            "투자타입":"일반",
            "전용면적(m2)":"68.82",
            "전용면적(평)":"20평",
            "법정동주소":"경상북도 경산시 옥산동 884-4",
            "도로명주소":"경상북도 경산시 삼성현로31길 7",
            "세대수":50,
            "입주년차":0,
            "용적률점수":"--",
            "건폐율점수":"--",
            "세대당주차수":0,
            "난방방식":30,
            "공급면적":"--",
            "전용률":"--",
            "욕실수":50,
            "현관타입":10,
            "주거총점":26.5,
            "지역구공급총점":0.0,
            "역세권":"NA",
            "30분내 이동가능 거점":"NA",
            "1시간내 이동가능 거점":"NA",
            "교통총점":"NA",
            "백화점":0,
            "아울렛몰":0,
            "대형마트":0,
            "은행":0,
            "병원":60,
            "종합병원":100,
            "공원":100,
            "혐오시설":0,
            "인프라총점":29.0,
            "초등학군":89.97,
            "중학군":44.08,
            "학군총점":53.258,
            "인구수":28.79,
            "인구증감":13.06,
            "인구총점":24.071,
            "일자리":18.39,
            "소득수준":56.95,
            "일자리총점":29.958,
            "가치 총점":34.1895,
            "매매실거래년":20220213.0,
            "매매실거래가":10700.0,
            "전세실거래년":20220209.0,
            "전세실거래가":8500.0,
            "전세가율":79.44,
            "장기전세가율평균":73.59,
            "전세가율거품지수":-5.85,
            "검색코드":102127,
            "세대수":672.0,
            "준공년월":"1994-09-26",
            "준공년차":29.0,
            "가까운역이름":"NA",
            "가까운역거리":"NA",
            "역세권여부":"NA",
            "30분이내주요거점역":"NA",
            "30분거점역이름":"NA",
            "1시간이내주요거점역":"NA",
            "1시간거점역이름":"NA",
            "3km이내백화점수":0,
            "5km이내아울렛몰수":0,
            "1km이내대형먀트수":0,
            "500m이내은행수":1,
            "500m이내병원수":13,
            "5km이내대형병원수":2,
            "500m이내공원수":6,
            "3km이내혐오시설수":0,
            "초등학교학업성취도":89.97,
            "중학교학업성취도":73.2,
            "용적률":0,
            "건폐율":28,
            "Y":35.819864,
            "X":128.720229,
            "rank":82.0,
            "area_info":"20평(68.82), 25평(84.25)",
            "last_sales":"2022-02-13,10700.0,25평(84.25)",
            "rank_history":[
                [
                    "202203",
                    82
                ],
                [
                    "202202",
                    78
                ],
                [
                    "202201",
                    72
                ]
            ],
            "rank_gap":-4
        },
        {
            "index":254,
            "아파트명":"경산우방맨션2차",
            "투자타입":"재건축",
            "전용면적(m2)":"98.85",
            "전용면적(평)":"29평",
            "법정동주소":"경상북도 경산시 정평동 138-4",
            "도로명주소":"경상북도 경산시 대학로12길 6",
            "세대수":0,
            "입주년차":"--",
            "용적률점수":0,
            "건폐율점수":0,
            "세대당주차수":"--",
            "난방방식":"--",
            "공급면적":70,
            "전용률":60,
            "욕실수":"--",
            "현관타입":"--",
            "주거총점":6.5,
            "지역구공급총점":0.0,
            "역세권":"NA",
            "30분내 이동가능 거점":"NA",
            "1시간내 이동가능 거점":"NA",
            "교통총점":"NA",
            "백화점":0,
            "아울렛몰":0,
            "대형마트":100,
            "은행":0,
            "병원":80,
            "종합병원":100,
            "공원":100,
            "혐오시설":0,
            "인프라총점":46.0,
            "초등학군":89.98,
            "중학군":44.08,
            "학군총점":53.26,
            "인구수":28.79,
            "인구증감":13.06,
            "인구총점":24.071,
            "일자리":18.39,
            "소득수준":56.95,
            "일자리총점":29.958,
            "가치 총점":33.99,
            "매매실거래년":20220205.0,
            "매매실거래가":24700.0,
            "전세실거래년":20211016.0,
            "전세실거래가":20000.0,
            "전세가율":80.97,
            "장기전세가율평균":73.59,
            "전세가율거품지수":-7.38,
            "검색코드":4044,
            "세대수":291.0,
            "준공년월":"1991-11-04",
            "준공년차":32.0,
            "가까운역이름":"NA",
            "가까운역거리":"NA",
            "역세권여부":"NA",
            "30분이내주요거점역":"NA",
            "30분거점역이름":"NA",
            "1시간이내주요거점역":"NA",
            "1시간거점역이름":"NA",
            "3km이내백화점수":0,
            "5km이내아울렛몰수":0,
            "1km이내대형먀트수":2,
            "500m이내은행수":1,
            "500m이내병원수":35,
            "5km이내대형병원수":2,
            "500m이내공원수":3,
            "3km이내혐오시설수":0,
            "초등학교학업성취도":89.98,
            "중학교학업성취도":73.2,
            "용적률":0,
            "건폐율":0,
            "Y":35.833402,
            "X":128.728787,
            "rank":83.0,
            "area_info":"29평(98.85), 34평(114.86)",
            "last_sales":"2022-02-05,24700.0,29평(98.85)",
            "rank_history":[
                [
                    "202203",
                    83
                ],
                [
                    "202202",
                    79
                ],
                [
                    "202201",
                    80
                ]
            ],
            "rank_gap":-4
        },
        {
            "index":149,
            "아파트명":"나원(도시형)",
            "투자타입":"일반",
            "전용면적(m2)":"26.65",
            "전용면적(평)":"8평",
            "법정동주소":"경상북도 경산시 압량읍 부적리 386-1",
            "도로명주소":"경상북도 경산시 청운1로 88",
            "세대수":0,
            "입주년차":60,
            "용적률점수":"--",
            "건폐율점수":"--",
            "세대당주차수":0,
            "난방방식":30,
            "공급면적":"--",
            "전용률":"--",
            "욕실수":50,
            "현관타입":100,
            "주거총점":30.0,
            "지역구공급총점":0.0,
            "역세권":"NA",
            "30분내 이동가능 거점":"NA",
            "1시간내 이동가능 거점":"NA",
            "교통총점":"NA",
            "백화점":0,
            "아울렛몰":0,
            "대형마트":0,
            "은행":0,
            "병원":30,
            "종합병원":100,
            "공원":100,
            "혐오시설":0,
            "인프라총점":26.0,
            "초등학군":89.97,
            "중학군":42.18,
            "학군총점":51.738,
            "인구수":28.79,
            "인구증감":13.06,
            "인구총점":24.071,
            "일자리":18.39,
            "소득수준":56.95,
            "일자리총점":29.958,
            "가치 총점":33.8345,
            "매매실거래년":"18000101",
            "매매실거래가":null,
            "전세실거래년":null,
            "전세실거래가":null,
            "전세가율":null,
            "장기전세가율평균":73.59,
            "전세가율거품지수":null,
            "검색코드":119757,
            "세대수":58.0,
            "준공년월":"2012-04-13",
            "준공년차":11.0,
            "가까운역이름":"NA",
            "가까운역거리":"NA",
            "역세권여부":"NA",
            "30분이내주요거점역":"NA",
            "30분거점역이름":"NA",
            "1시간이내주요거점역":"NA",
            "1시간거점역이름":"NA",
            "3km이내백화점수":0,
            "5km이내아울렛몰수":0,
            "1km이내대형먀트수":0,
            "500m이내은행수":1,
            "500m이내병원수":9,
            "5km이내대형병원수":2,
            "500m이내공원수":4,
            "3km이내혐오시설수":0,
            "초등학교학업성취도":89.97,
            "중학교학업성취도":69.7,
            "용적률":0,
            "건폐율":0,
            "Y":35.842378,
            "X":128.75823,
            "rank":84.0,
            "area_info":"8평(26.65), 8평(26.68), 9평(29.89), 9평(31.98), 13평(44.79), 16평(53.37), 16평(53.3)",
            "last_sales":"1800-01-01,nan,8평(26.65)",
            "rank_history":[
                [
                    "202203",
                    84
                ],
                [
                    "202202",
                    9999
                ]
            ],
            "rank_gap":9999
        },
        {
            "index":418,
            "아파트명":"창신무학타운",
            "투자타입":"일반",
            "전용면적(m2)":"80.56",
            "전용면적(평)":"24평",
            "법정동주소":"경상북도 경산시 진량읍 부기리 565-2",
            "도로명주소":"경상북도 경산시 금호강변로 820",
            "세대수":90,
            "입주년차":0,
            "용적률점수":"--",
            "건폐율점수":"--",
            "세대당주차수":0,
            "난방방식":30,
            "공급면적":"--",
            "전용률":"--",
            "욕실수":50,
            "현관타입":10,
            "주거총점":40.5,
            "지역구공급총점":0.0,
            "역세권":"NA",
            "30분내 이동가능 거점":"NA",
            "1시간내 이동가능 거점":"NA",
            "교통총점":"NA",
            "백화점":0,
            "아울렛몰":0,
            "대형마트":80,
            "은행":0,
            "병원":0,
            "종합병원":0,
            "공원":80,
            "혐오시설":0,
            "인프라총점":14.4,
            "초등학군":89.97,
            "중학군":46.74,
            "학군총점":55.386,
            "인구수":28.79,
            "인구증감":13.06,
            "인구총점":24.071,
            "일자리":18.39,
            "소득수준":56.95,
            "일자리총점":29.958,
            "가치 총점":33.7815,
            "매매실거래년":20220216.0,
            "매매실거래가":8250.0,
            "전세실거래년":20211230.0,
            "전세실거래가":6000.0,
            "전세가율":72.73,
            "장기전세가율평균":73.59,
            "전세가율거품지수":0.86,
            "검색코드":16990,
            "세대수":980.0,
            "준공년월":"1996-04-01",
            "준공년차":27.0,
            "가까운역이름":"NA",
            "가까운역거리":"NA",
            "역세권여부":"NA",
            "30분이내주요거점역":"NA",
            "30분거점역이름":"NA",
            "1시간이내주요거점역":"NA",
            "1시간거점역이름":"NA",
            "3km이내백화점수":0,
            "5km이내아울렛몰수":0,
            "1km이내대형먀트수":1,
            "500m이내은행수":0,
            "500m이내병원수":0,
            "5km이내대형병원수":0,
            "500m이내공원수":1,
            "3km이내혐오시설수":0,
            "초등학교학업성취도":89.97,
            "중학교학업성취도":77.9,
            "용적률":357,
            "건폐율":24,
            "Y":35.905716,
            "X":128.821011,
            "rank":85.0,
            "area_info":"24평(80.56)",
            "last_sales":"2022-02-16,8250.0,24평(80.56)",
            "rank_history":[
                [
                    "202203",
                    85
                ],
                [
                    "202202",
                    80
                ],
                [
                    "202201",
                    75
                ]
            ],
            "rank_gap":-5
        },
        {
            "index":188,
            "아파트명":"부영조은마을",
            "투자타입":"일반",
            "전용면적(m2)":"77.76",
            "전용면적(평)":"23평",
            "법정동주소":"경상북도 경산시 옥곡동 831-1",
            "도로명주소":"경상북도 경산시 경산로 21",
            "세대수":50,
            "입주년차":40,
            "용적률점수":"--",
            "건폐율점수":"--",
            "세대당주차수":0,
            "난방방식":30,
            "공급면적":"--",
            "전용률":"--",
            "욕실수":100,
            "현관타입":100,
            "주거총점":48.5,
            "지역구공급총점":0.0,
            "역세권":"NA",
            "30분내 이동가능 거점":"NA",
            "1시간내 이동가능 거점":"NA",
            "교통총점":"NA",
            "백화점":0,
            "아울렛몰":0,
            "대형마트":0,
            "은행":0,
            "병원":30,
            "종합병원":100,
            "공원":0,
            "혐오시설":0,
            "인프라총점":23.0,
            "초등학군":90.01,
            "중학군":15.24,
            "학군총점":30.194,
            "인구수":28.79,
            "인구증감":13.06,
            "인구총점":24.071,
            "일자리":18.39,
            "소득수준":56.95,
            "일자리총점":29.958,
            "가치 총점":33.7235,
            "매매실거래년":20220221.0,
            "매매실거래가":15800.0,
            "전세실거래년":20220216.0,
            "전세실거래가":14500.0,
            "전세가율":91.77,
            "장기전세가율평균":73.59,
            "전세가율거품지수":-18.18,
            "검색코드":24187,
            "세대수":688.0,
            "준공년월":"2004-04-21",
            "준공년차":19.0,
            "가까운역이름":"NA",
            "가까운역거리":"NA",
            "역세권여부":"NA",
            "30분이내주요거점역":"NA",
            "30분거점역이름":"NA",
            "1시간이내주요거점역":"NA",
            "1시간거점역이름":"NA",
            "3km이내백화점수":0,
            "5km이내아울렛몰수":0,
            "1km이내대형먀트수":0,
            "500m이내은행수":0,
            "500m이내병원수":5,
            "5km이내대형병원수":2,
            "500m이내공원수":0,
            "3km이내혐오시설수":0,
            "초등학교학업성취도":90.01,
            "중학교학업성취도":25.4,
            "용적률":217,
            "건폐율":17,
            "Y":35.81081,
            "X":128.732861,
            "rank":86.0,
            "area_info":"23평(77.76), 32평(105.79)",
            "last_sales":"2022-02-21,15800.0,23평(77.76)",
            "rank_history":[
                [
                    "202203",
                    86
                ],
                [
                    "202202",
                    81
                ],
                [
                    "202201",
                    81
                ]
            ],
            "rank_gap":-5
        },
        {
            "index":126,
            "아파트명":"경산남천리버뷰우방아이유쉘",
            "투자타입":"일반",
            "전용면적(m2)":"92.02",
            "전용면적(평)":"27평",
            "법정동주소":"경상북도 경산시 상방동 298",
            "도로명주소":"경상북도 경산시 삼성현로 347",
            "세대수":0,
            "입주년차":100,
            "용적률점수":"--",
            "건폐율점수":"--",
            "세대당주차수":30,
            "난방방식":30,
            "공급면적":"--",
            "전용률":"--",
            "욕실수":100,
            "현관타입":100,
            "주거총점":47.5,
            "지역구공급총점":0.0,
            "역세권":"NA",
            "30분내 이동가능 거점":"NA",
            "1시간내 이동가능 거점":"NA",
            "교통총점":"NA",
            "백화점":0,
            "아울렛몰":0,
            "대형마트":0,
            "은행":0,
            "병원":0,
            "종합병원":100,
            "공원":100,
            "혐오시설":0,
            "인프라총점":23.0,
            "초등학군":90.01,
            "중학군":15.24,
            "학군총점":30.194,
            "인구수":28.79,
            "인구증감":13.06,
            "인구총점":24.071,
            "일자리":18.39,
            "소득수준":56.95,
            "일자리총점":29.958,
            "가치 총점":33.3735,
            "매매실거래년":20191113.0,
            "매매실거래가":26081.0,
            "전세실거래년":null,
            "전세실거래가":null,
            "전세가율":null,
            "장기전세가율평균":73.59,
            "전세가율거품지수":null,
            "검색코드":116423,
            "세대수":279.0,
            "준공년월":"2019-10-23",
            "준공년차":4.0,
            "가까운역이름":"NA",
            "가까운역거리":"NA",
            "역세권여부":"NA",
            "30분이내주요거점역":"NA",
            "30분거점역이름":"NA",
            "1시간이내주요거점역":"NA",
            "1시간거점역이름":"NA",
            "3km이내백화점수":0,
            "5km이내아울렛몰수":0,
            "1km이내대형먀트수":0,
            "500m이내은행수":0,
            "500m이내병원수":0,
            "5km이내대형병원수":2,
            "500m이내공원수":2,
            "3km이내혐오시설수":0,
            "초등학교학업성취도":90.01,
            "중학교학업성취도":25.4,
            "용적률":252,
            "건폐율":21,
            "Y":35.809268,
            "X":128.738374,
            "rank":87.0,
            "area_info":"27평(92.02), 29평(99.17), 29평(99.17)",
            "last_sales":"2019-11-13,26081.0,29평(99.17)",
            "rank_history":[
                [
                    "202203",
                    87
                ],
                [
                    "202202",
                    83
                ],
                [
                    "202201",
                    78
                ]
            ],
            "rank_gap":-4
        },
        {
            "index":203,
            "아파트명":"옥곡투윈뷰(도시형)",
            "투자타입":"일반",
            "전용면적(m2)":"47.48",
            "전용면적(평)":"14평",
            "법정동주소":"경상북도 경산시 옥곡동 61-1",
            "도로명주소":"경상북도 경산시 선비길 7-10",
            "세대수":0,
            "입주년차":80,
            "용적률점수":"--",
            "건폐율점수":"--",
            "세대당주차수":0,
            "난방방식":30,
            "공급면적":"--",
            "전용률":"--",
            "욕실수":50,
            "현관타입":10,
            "주거총점":25.0,
            "지역구공급총점":0.0,
            "역세권":"NA",
            "30분내 이동가능 거점":"NA",
            "1시간내 이동가능 거점":"NA",
            "교통총점":"NA",
            "백화점":0,
            "아울렛몰":0,
            "대형마트":0,
            "은행":0,
            "병원":0,
            "종합병원":100,
            "공원":100,
            "혐오시설":0,
            "인프라총점":23.0,
            "초등학군":90.01,
            "중학군":54.56,
            "학군총점":61.65,
            "인구수":28.79,
            "인구증감":13.06,
            "인구총점":24.071,
            "일자리":18.39,
            "소득수준":56.95,
            "일자리총점":29.958,
            "가치 총점":33.3625,
            "매매실거래년":20210821.0,
            "매매실거래가":10500.0,
            "전세실거래년":null,
            "전세실거래가":null,
            "전세가율":null,
            "장기전세가율평균":73.59,
            "전세가율거품지수":null,
            "검색코드":110324,
            "세대수":54.0,
            "준공년월":"2014-04-17",
            "준공년차":9.0,
            "가까운역이름":"NA",
            "가까운역거리":"NA",
            "역세권여부":"NA",
            "30분이내주요거점역":"NA",
            "30분거점역이름":"NA",
            "1시간이내주요거점역":"NA",
            "1시간거점역이름":"NA",
            "3km이내백화점수":0,
            "5km이내아울렛몰수":0,
            "1km이내대형먀트수":0,
            "500m이내은행수":0,
            "500m이내병원수":0,
            "5km이내대형병원수":2,
            "500m이내공원수":4,
            "3km이내혐오시설수":0,
            "초등학교학업성취도":90.01,
            "중학교학업성취도":90.8,
            "용적률":163,
            "건폐율":29,
            "Y":35.816013,
            "X":128.726646,
            "rank":88.0,
            "area_info":"14평(47.48), 17평(56.83), 17평(56.23), 19평(63.45), 19평(63.36), 19평(64.86), 19평(64.14), 20평(69.01)",
            "last_sales":"2021-08-21,10500.0,20평(69.01)",
            "rank_history":[
                [
                    "202203",
                    88
                ],
                [
                    "202202",
                    9999
                ]
            ],
            "rank_gap":9999
        },
        {
            "index":409,
            "아파트명":"우림필유",
            "투자타입":"일반",
            "전용면적(m2)":"111.72",
            "전용면적(평)":"33평",
            "법정동주소":"경상북도 경산시 진량읍 북리 122-3",
            "도로명주소":"경상북도 경산시 봉황길 53",
            "세대수":50,
            "입주년차":40,
            "용적률점수":"--",
            "건폐율점수":"--",
            "세대당주차수":30,
            "난방방식":30,
            "공급면적":"--",
            "전용률":"--",
            "욕실수":100,
            "현관타입":100,
            "주거총점":53.0,
            "지역구공급총점":0.0,
            "역세권":"NA",
            "30분내 이동가능 거점":"NA",
            "1시간내 이동가능 거점":"NA",
            "교통총점":"NA",
            "백화점":0,
            "아울렛몰":0,
            "대형마트":0,
            "은행":0,
            "병원":30,
            "종합병원":0,
            "공원":0,
            "혐오시설":0,
            "인프라총점":3.0,
            "초등학군":89.99,
            "중학군":45.18,
            "학군총점":54.142,
            "인구수":28.79,
            "인구증감":13.06,
            "인구총점":24.071,
            "일자리":18.39,
            "소득수준":56.95,
            "일자리총점":29.958,
            "가치 총점":33.2855,
            "매매실거래년":20220111.0,
            "매매실거래가":23500.0,
            "전세실거래년":20210828.0,
            "전세실거래가":17000.0,
            "전세가율":72.34,
            "장기전세가율평균":73.59,
            "전세가율거품지수":1.25,
            "검색코드":24532,
            "세대수":436.0,
            "준공년월":"2007-04-26",
            "준공년차":16.0,
            "가까운역이름":"NA",
            "가까운역거리":"NA",
            "역세권여부":"NA",
            "30분이내주요거점역":"NA",
            "30분거점역이름":"NA",
            "1시간이내주요거점역":"NA",
            "1시간거점역이름":"NA",
            "3km이내백화점수":0,
            "5km이내아울렛몰수":0,
            "1km이내대형먀트수":0,
            "500m이내은행수":0,
            "500m이내병원수":7,
            "5km이내대형병원수":0,
            "500m이내공원수":0,
            "3km이내혐오시설수":0,
            "초등학교학업성취도":89.99,
            "중학교학업성취도":75.3,
            "용적률":212,
            "건폐율":20,
            "Y":35.884748,
            "X":128.824217,
            "rank":89.0,
            "area_info":"33평(111.72), 43평(144.58)",
            "last_sales":"2022-01-11,23500.0,33평(111.72)",
            "rank_history":[
                [
                    "202203",
                    89
                ],
                [
                    "202202",
                    82
                ],
                [
                    "202201",
                    79
                ]
            ],
            "rank_gap":-7
        },
        {
            "index":457,
            "아파트명":"신현대(도시형)",
            "투자타입":"일반",
            "전용면적(m2)":"18.91",
            "전용면적(평)":"5평",
            "법정동주소":"경상북도 경산시 하양읍 동서리 1083",
            "도로명주소":"경상북도 경산시 하양로33길 6-7",
            "세대수":0,
            "입주년차":80,
            "용적률점수":"--",
            "건폐율점수":"--",
            "세대당주차수":0,
            "난방방식":30,
            "공급면적":"--",
            "전용률":"--",
            "욕실수":50,
            "현관타입":100,
            "주거총점":34.0,
            "지역구공급총점":0.0,
            "역세권":"NA",
            "30분내 이동가능 거점":"NA",
            "1시간내 이동가능 거점":"NA",
            "교통총점":"NA",
            "백화점":0,
            "아울렛몰":0,
            "대형마트":80,
            "은행":0,
            "병원":30,
            "종합병원":0,
            "공원":80,
            "혐오시설":0,
            "인프라총점":17.4,
            "초등학군":89.97,
            "중학군":46.74,
            "학군총점":55.386,
            "인구수":28.79,
            "인구증감":13.06,
            "인구총점":24.071,
            "일자리":18.39,
            "소득수준":56.95,
            "일자리총점":29.958,
            "가치 총점":32.7065,
            "매매실거래년":20210210.0,
            "매매실거래가":5900.0,
            "전세실거래년":null,
            "전세실거래가":null,
            "전세가율":null,
            "장기전세가율평균":73.59,
            "전세가율거품지수":null,
            "검색코드":111448,
            "세대수":115.0,
            "준공년월":"2014-06-30",
            "준공년차":9.0,
            "가까운역이름":"NA",
            "가까운역거리":"NA",
            "역세권여부":"NA",
            "30분이내주요거점역":"NA",
            "30분거점역이름":"NA",
            "1시간이내주요거점역":"NA",
            "1시간거점역이름":"NA",
            "3km이내백화점수":0,
            "5km이내아울렛몰수":0,
            "1km이내대형먀트수":1,
            "500m이내은행수":0,
            "500m이내병원수":6,
            "5km이내대형병원수":0,
            "500m이내공원수":1,
            "3km이내혐오시설수":0,
            "초등학교학업성취도":89.97,
            "중학교학업성취도":77.9,
            "용적률":157,
            "건폐율":36,
            "Y":35.918173,
            "X":128.824785,
            "rank":90.0,
            "area_info":"5평(18.91), 6평(20.33), 6평(21.35), 6평(22.38), 9평(29.83), 8평(29.42), 9평(31.44), 13평(44.62)",
            "last_sales":"2021-02-10,5900.0,13평(44.62)",
            "rank_history":[
                [
                    "202203",
                    90
                ],
                [
                    "202202",
                    85
                ],
                [
                    "202201",
                    85
                ]
            ],
            "rank_gap":-5
        },
        {
            "index":481,
            "아파트명":"하양우방타운3차",
            "투자타입":"일반",
            "전용면적(m2)":"83.69",
            "전용면적(평)":"25평",
            "법정동주소":"경상북도 경산시 하양읍 금락리 130-8",
            "도로명주소":"경상북도 경산시 문화로 3",
            "세대수":50,
            "입주년차":0,
            "용적률점수":"--",
            "건폐율점수":"--",
            "세대당주차수":0,
            "난방방식":30,
            "공급면적":"--",
            "전용률":"--",
            "욕실수":50,
            "현관타입":100,
            "주거총점":35.5,
            "지역구공급총점":0.0,
            "역세권":"NA",
            "30분내 이동가능 거점":"NA",
            "1시간내 이동가능 거점":"NA",
            "교통총점":"NA",
            "백화점":0,
            "아울렛몰":0,
            "대형마트":80,
            "은행":0,
            "병원":10,
            "종합병원":0,
            "공원":100,
            "혐오시설":0,
            "인프라총점":16.0,
            "초등학군":90.01,
            "중학군":46.74,
            "학군총점":55.394,
            "인구수":28.79,
            "인구증감":13.06,
            "인구총점":24.071,
            "일자리":18.39,
            "소득수준":56.95,
            "일자리총점":29.958,
            "가치 총점":32.6735,
            "매매실거래년":20220111.0,
            "매매실거래가":21300.0,
            "전세실거래년":20211129.0,
            "전세실거래가":8500.0,
            "전세가율":49.33,
            "장기전세가율평균":73.59,
            "전세가율거품지수":24.26,
            "검색코드":4079,
            "세대수":484.0,
            "준공년월":"1994-11-14",
            "준공년차":29.0,
            "가까운역이름":"NA",
            "가까운역거리":"NA",
            "역세권여부":"NA",
            "30분이내주요거점역":"NA",
            "30분거점역이름":"NA",
            "1시간이내주요거점역":"NA",
            "1시간거점역이름":"NA",
            "3km이내백화점수":0,
            "5km이내아울렛몰수":0,
            "1km이내대형먀트수":1,
            "500m이내은행수":0,
            "500m이내병원수":2,
            "5km이내대형병원수":0,
            "500m이내공원수":2,
            "3km이내혐오시설수":0,
            "초등학교학업성취도":90.01,
            "중학교학업성취도":77.9,
            "용적률":269,
            "건폐율":23,
            "Y":35.909673,
            "X":128.812976,
            "rank":91.0,
            "area_info":"25평(83.69), 34평(112.96), 52평(172.01)",
            "last_sales":"2022-01-11,21300.0,34평(112.96)",
            "rank_history":[
                [
                    "202203",
                    91
                ],
                [
                    "202202",
                    86
                ],
                [
                    "202201",
                    83
                ]
            ],
            "rank_gap":-5
        },
        {
            "index":468,
            "아파트명":"인테라뱅하우스(도시형)",
            "투자타입":"일반",
            "전용면적(m2)":"27.91",
            "전용면적(평)":"8평",
            "법정동주소":"경상북도 경산시 하양읍 금락리 116-3",
            "도로명주소":"경상북도 경산시 대학로305길 48",
            "세대수":0,
            "입주년차":60,
            "용적률점수":"--",
            "건폐율점수":"--",
            "세대당주차수":0,
            "난방방식":30,
            "공급면적":"--",
            "전용률":"--",
            "욕실수":50,
            "현관타입":50,
            "주거총점":25.0,
            "지역구공급총점":0.0,
            "역세권":"NA",
            "30분내 이동가능 거점":"NA",
            "1시간내 이동가능 거점":"NA",
            "교통총점":"NA",
            "백화점":0,
            "아울렛몰":0,
            "대형마트":80,
            "은행":20,
            "병원":80,
            "종합병원":0,
            "공원":100,
            "혐오시설":0,
            "인프라총점":25.0,
            "초등학군":90.01,
            "중학군":46.74,
            "학군총점":55.394,
            "인구수":28.79,
            "인구증감":13.06,
            "인구총점":24.071,
            "일자리":18.39,
            "소득수준":56.95,
            "일자리총점":29.958,
            "가치 총점":32.5985,
            "매매실거래년":20140420.0,
            "매매실거래가":5872.0,
            "전세실거래년":null,
            "전세실거래가":null,
            "전세가율":null,
            "장기전세가율평균":73.59,
            "전세가율거품지수":null,
            "검색코드":128201,
            "세대수":122.0,
            "준공년월":"2013-12-19",
            "준공년차":10.0,
            "가까운역이름":"NA",
            "가까운역거리":"NA",
            "역세권여부":"NA",
            "30분이내주요거점역":"NA",
            "30분거점역이름":"NA",
            "1시간이내주요거점역":"NA",
            "1시간거점역이름":"NA",
            "3km이내백화점수":0,
            "5km이내아울렛몰수":0,
            "1km이내대형먀트수":1,
            "500m이내은행수":2,
            "500m이내병원수":33,
            "5km이내대형병원수":0,
            "500m이내공원수":3,
            "3km이내혐오시설수":0,
            "초등학교학업성취도":90.01,
            "중학교학업성취도":77.9,
            "용적률":503,
            "건폐율":68,
            "Y":35.911356,
            "X":128.816909,
            "rank":92.0,
            "area_info":"8평(27.91)",
            "last_sales":"2014-04-20,5872.0,8평(27.91)",
            "rank_history":[
                [
                    "202203",
                    92
                ],
                [
                    "202202",
                    87
                ],
                [
                    "202201",
                    86
                ]
            ],
            "rank_gap":-5
        },
        {
            "index":392,
            "아파트명":"경산우방힐타운",
            "투자타입":"일반",
            "전용면적(m2)":"43.2",
            "전용면적(평)":"13평",
            "법정동주소":"경상북도 경산시 진량읍 신상리 868",
            "도로명주소":"경상북도 경산시 공단로 527",
            "세대수":50,
            "입주년차":20,
            "용적률점수":"--",
            "건폐율점수":"--",
            "세대당주차수":30,
            "난방방식":30,
            "공급면적":"--",
            "전용률":"--",
            "욕실수":50,
            "현관타입":10,
            "주거총점":35.0,
            "지역구공급총점":0.0,
            "역세권":"NA",
            "30분내 이동가능 거점":"NA",
            "1시간내 이동가능 거점":"NA",
            "교통총점":"NA",
            "백화점":0,
            "아울렛몰":0,
            "대형마트":80,
            "은행":20,
            "병원":30,
            "종합병원":0,
            "공원":0,
            "혐오시설":0,
            "인프라총점":17.0,
            "초등학군":89.99,
            "중학군":45.18,
            "학군총점":54.142,
            "인구수":28.79,
            "인구증감":13.06,
            "인구총점":24.071,
            "일자리":18.39,
            "소득수준":56.95,
            "일자리총점":29.958,
            "가치 총점":32.5855,
            "매매실거래년":20211113.0,
            "매매실거래가":14700.0,
            "전세실거래년":20201024.0,
            "전세실거래가":3200.0,
            "전세가율":71.11,
            "장기전세가율평균":73.59,
            "전세가율거품지수":2.48,
            "검색코드":4068,
            "세대수":509.0,
            "준공년월":"1999-12-17",
            "준공년차":24.0,
            "가까운역이름":"NA",
            "가까운역거리":"NA",
            "역세권여부":"NA",
            "30분이내주요거점역":"NA",
            "30분거점역이름":"NA",
            "1시간이내주요거점역":"NA",
            "1시간거점역이름":"NA",
            "3km이내백화점수":0,
            "5km이내아울렛몰수":0,
            "1km이내대형먀트수":1,
            "500m이내은행수":2,
            "500m이내병원수":6,
            "5km이내대형병원수":0,
            "500m이내공원수":0,
            "3km이내혐오시설수":0,
            "초등학교학업성취도":89.99,
            "중학교학업성취도":75.3,
            "용적률":193,
            "건폐율":15,
            "Y":35.878856,
            "X":128.817135,
            "rank":93.0,
            "area_info":"13평(43.2), 23평(76.31), 27평(91.67), 30평(100.02), 41평(138.48)",
            "last_sales":"2021-11-13,14700.0,30평(100.02)",
            "rank_history":[
                [
                    "202203",
                    93
                ],
                [
                    "202202",
                    84
                ],
                [
                    "202201",
                    82
                ]
            ],
            "rank_gap":-9
        },
        {
            "index":454,
            "아파트명":"삼우황제맨션",
            "투자타입":"일반",
            "전용면적(m2)":"86.97",
            "전용면적(평)":"26평",
            "법정동주소":"경상북도 경산시 하양읍 금락리 4-211",
            "도로명주소":"경상북도 경산시 대경로153길 15",
            "세대수":0,
            "입주년차":0,
            "용적률점수":"--",
            "건폐율점수":"--",
            "세대당주차수":0,
            "난방방식":30,
            "공급면적":"--",
            "전용률":"--",
            "욕실수":100,
            "현관타입":50,
            "주거총점":18.0,
            "지역구공급총점":0.0,
            "역세권":"NA",
            "30분내 이동가능 거점":"NA",
            "1시간내 이동가능 거점":"NA",
            "교통총점":"NA",
            "백화점":0,
            "아울렛몰":0,
            "대형마트":80,
            "은행":70,
            "병원":80,
            "종합병원":0,
            "공원":100,
            "혐오시설":0,
            "인프라총점":30.0,
            "초등학군":90.01,
            "중학군":46.74,
            "학군총점":55.394,
            "인구수":28.79,
            "인구증감":13.06,
            "인구총점":24.071,
            "일자리":18.39,
            "소득수준":56.95,
            "일자리총점":29.958,
            "가치 총점":32.1485,
            "매매실거래년":20210719.0,
            "매매실거래가":12000.0,
            "전세실거래년":20180817.0,
            "전세실거래가":3500.0,
            "전세가율":39.33,
            "장기전세가율평균":73.59,
            "전세가율거품지수":34.26,
            "검색코드":10519,
            "세대수":94.0,
            "준공년월":"1993-07-15",
            "준공년차":30.0,
            "가까운역이름":"NA",
            "가까운역거리":"NA",
            "역세권여부":"NA",
            "30분이내주요거점역":"NA",
            "30분거점역이름":"NA",
            "1시간이내주요거점역":"NA",
            "1시간거점역이름":"NA",
            "3km이내백화점수":0,
            "5km이내아울렛몰수":0,
            "1km이내대형먀트수":1,
            "500m이내은행수":3,
            "500m이내병원수":44,
            "5km이내대형병원수":0,
            "500m이내공원수":3,
            "3km이내혐오시설수":0,
            "초등학교학업성취도":90.01,
            "중학교학업성취도":77.9,
            "용적률":0,
            "건폐율":0,
            "Y":35.91436,
            "X":128.8221,
            "rank":94.0,
            "area_info":"26평(86.97), 31평(105.34), 58평(194.14)",
            "last_sales":"2021-07-19,12000.0,31평(105.34)",
            "rank_history":[
                [
                    "202203",
                    94
                ],
                [
                    "202202",
                    9999
                ]
            ],
            "rank_gap":9999
        },
        {
            "index":299,
            "아파트명":"경산세광맨션",
            "투자타입":"재건축",
            "전용면적(m2)":"86.73",
            "전용면적(평)":"26평",
            "법정동주소":"경상북도 경산시 중방동 818-59",
            "도로명주소":"경상북도 경산시 강변서로 271",
            "세대수":0,
            "입주년차":"--",
            "용적률점수":0,
            "건폐율점수":0,
            "세대당주차수":"--",
            "난방방식":"--",
            "공급면적":70,
            "전용률":80,
            "욕실수":"--",
            "현관타입":"--",
            "주거총점":7.5,
            "지역구공급총점":0.0,
            "역세권":"NA",
            "30분내 이동가능 거점":"NA",
            "1시간내 이동가능 거점":"NA",
            "교통총점":"NA",
            "백화점":0,
            "아울렛몰":0,
            "대형마트":80,
            "은행":0,
            "병원":60,
            "종합병원":100,
            "공원":80,
            "혐오시설":0,
            "인프라총점":40.4,
            "초등학군":89.98,
            "중학군":44.08,
            "학군총점":53.26,
            "인구수":28.79,
            "인구증감":13.06,
            "인구총점":24.071,
            "일자리":18.39,
            "소득수준":56.95,
            "일자리총점":29.958,
            "가치 총점":32.1,
            "매매실거래년":20220215.0,
            "매매실거래가":17500.0,
            "전세실거래년":20210428.0,
            "전세실거래가":12000.0,
            "전세가율":71.43,
            "장기전세가율평균":73.59,
            "전세가율거품지수":2.16,
            "검색코드":4062,
            "세대수":138.0,
            "준공년월":"1992-03-10",
            "준공년차":31.0,
            "가까운역이름":"NA",
            "가까운역거리":"NA",
            "역세권여부":"NA",
            "30분이내주요거점역":"NA",
            "30분거점역이름":"NA",
            "1시간이내주요거점역":"NA",
            "1시간거점역이름":"NA",
            "3km이내백화점수":0,
            "5km이내아울렛몰수":0,
            "1km이내대형먀트수":1,
            "500m이내은행수":1,
            "500m이내병원수":28,
            "5km이내대형병원수":2,
            "500m이내공원수":1,
            "3km이내혐오시설수":0,
            "초등학교학업성취도":89.98,
            "중학교학업성취도":73.2,
            "용적률":0,
            "건폐율":0,
            "Y":35.83152,
            "X":128.73204,
            "rank":95.0,
            "area_info":"26평(86.73), 26평(88.13), 30평(101.68)",
            "last_sales":"2022-02-15,17500.0,30평(101.68)",
            "rank_history":[
                [
                    "202203",
                    95
                ],
                [
                    "202202",
                    88
                ],
                [
                    "202201",
                    84
                ]
            ],
            "rank_gap":-7
        },
        {
            "index":101,
            "아파트명":"초원파크",
            "투자타입":"재건축",
            "전용면적(m2)":"59.39",
            "전용면적(평)":"17평",
            "법정동주소":"경상북도 경산시 사동 600-3",
            "도로명주소":"경상북도 경산시 백양로 91",
            "세대수":50,
            "입주년차":"--",
            "용적률점수":0,
            "건폐율점수":0,
            "세대당주차수":"--",
            "난방방식":"--",
            "공급면적":50,
            "전용률":100,
            "욕실수":"--",
            "현관타입":"--",
            "주거총점":22.5,
            "지역구공급총점":0.0,
            "역세권":"NA",
            "30분내 이동가능 거점":"NA",
            "1시간내 이동가능 거점":"NA",
            "교통총점":"NA",
            "백화점":0,
            "아울렛몰":0,
            "대형마트":0,
            "은행":0,
            "병원":60,
            "종합병원":80,
            "공원":100,
            "혐오시설":0,
            "인프라총점":25.0,
            "초등학군":89.99,
            "중학군":48.06,
            "학군총점":56.446,
            "인구수":28.79,
            "인구증감":13.06,
            "인구총점":24.071,
            "일자리":18.39,
            "소득수준":56.95,
            "일자리총점":29.958,
            "가치 총점":31.9865,
            "매매실거래년":20220120.0,
            "매매실거래가":6900.0,
            "전세실거래년":20200913.0,
            "전세실거래가":1600.0,
            "전세가율":35.56,
            "장기전세가율평균":73.59,
            "전세가율거품지수":38.03,
            "검색코드":10184,
            "세대수":420.0,
            "준공년월":"1991-07-15",
            "준공년차":32.0,
            "가까운역이름":"NA",
            "가까운역거리":"NA",
            "역세권여부":"NA",
            "30분이내주요거점역":"NA",
            "30분거점역이름":"NA",
            "1시간이내주요거점역":"NA",
            "1시간거점역이름":"NA",
            "3km이내백화점수":0,
            "5km이내아울렛몰수":0,
            "1km이내대형먀트수":0,
            "500m이내은행수":0,
            "500m이내병원수":16,
            "5km이내대형병원수":1,
            "500m이내공원수":10,
            "3km이내혐오시설수":0,
            "초등학교학업성취도":89.99,
            "중학교학업성취도":79.3,
            "용적률":0,
            "건폐율":0,
            "Y":35.815181,
            "X":128.751935,
            "rank":96.0,
            "area_info":"17평(59.39), 20평(66.82)",
            "last_sales":"2022-01-20,6900.0,20평(66.82)",
            "rank_history":[
                [
                    "202203",
                    96
                ],
                [
                    "202202",
                    89
                ],
                [
                    "202201",
                    87
                ]
            ],
            "rank_gap":-7
        },
        {
            "index":333,
            "아파트명":"초원하이츠",
            "투자타입":"재건축",
            "전용면적(m2)":"99.96",
            "전용면적(평)":"30평",
            "법정동주소":"경상북도 경산시 중방동 831-1",
            "도로명주소":"경상북도 경산시 중방로 32-1",
            "세대수":0,
            "입주년차":"--",
            "용적률점수":0,
            "건폐율점수":0,
            "세대당주차수":"--",
            "난방방식":"--",
            "공급면적":90,
            "전용률":60,
            "욕실수":"--",
            "현관타입":"--",
            "주거총점":7.5,
            "지역구공급총점":0.0,
            "역세권":"NA",
            "30분내 이동가능 거점":"NA",
            "1시간내 이동가능 거점":"NA",
            "교통총점":"NA",
            "백화점":0,
            "아울렛몰":0,
            "대형마트":80,
            "은행":0,
            "병원":60,
            "종합병원":100,
            "공원":100,
            "혐오시설":0,
            "인프라총점":41.0,
            "초등학군":89.98,
            "중학군":42.18,
            "학군총점":51.74,
            "인구수":28.79,
            "인구증감":13.06,
            "인구총점":24.071,
            "일자리":18.39,
            "소득수준":56.95,
            "일자리총점":29.958,
            "가치 총점":31.96,
            "매매실거래년":20211022.0,
            "매매실거래가":15000.0,
            "전세실거래년":20211229.0,
            "전세실거래가":13000.0,
            "전세가율":86.67,
            "장기전세가율평균":73.59,
            "전세가율거품지수":-13.08,
            "검색코드":4063,
            "세대수":144.0,
            "준공년월":"1989-12-26",
            "준공년차":34.0,
            "가까운역이름":"NA",
            "가까운역거리":"NA",
            "역세권여부":"NA",
            "30분이내주요거점역":"NA",
            "30분거점역이름":"NA",
            "1시간이내주요거점역":"NA",
            "1시간거점역이름":"NA",
            "3km이내백화점수":0,
            "5km이내아울렛몰수":0,
            "1km이내대형먀트수":1,
            "500m이내은행수":1,
            "500m이내병원수":20,
            "5km이내대형병원수":2,
            "500m이내공원수":2,
            "3km이내혐오시설수":0,
            "초등학교학업성취도":89.98,
            "중학교학업성취도":69.7,
            "용적률":0,
            "건폐율":0,
            "Y":35.82991,
            "X":128.73814,
            "rank":97.0,
            "area_info":"30평(99.96), 34평(114.0)",
            "last_sales":"2021-10-22,15000.0,30평(99.96)",
            "rank_history":[
                [
                    "202203",
                    97
                ],
                [
                    "202202",
                    91
                ],
                [
                    "202201",
                    88
                ]
            ],
            "rank_gap":-6
        },
        {
            "index":330,
            "아파트명":"초원",
            "투자타입":"재건축",
            "전용면적(m2)":"77.02",
            "전용면적(평)":"23평",
            "법정동주소":"경상북도 경산시 중방동 835-6",
            "도로명주소":"경상북도 경산시 경안로48길 11-12",
            "세대수":0,
            "입주년차":"--",
            "용적률점수":0,
            "건폐율점수":0,
            "세대당주차수":"--",
            "난방방식":"--",
            "공급면적":50,
            "전용률":100,
            "욕실수":"--",
            "현관타입":"--",
            "주거총점":7.5,
            "지역구공급총점":0.0,
            "역세권":"NA",
            "30분내 이동가능 거점":"NA",
            "1시간내 이동가능 거점":"NA",
            "교통총점":"NA",
            "백화점":0,
            "아울렛몰":0,
            "대형마트":80,
            "은행":0,
            "병원":60,
            "종합병원":100,
            "공원":100,
            "혐오시설":0,
            "인프라총점":41.0,
            "초등학군":89.98,
            "중학군":42.18,
            "학군총점":51.74,
            "인구수":28.79,
            "인구증감":13.06,
            "인구총점":24.071,
            "일자리":18.39,
            "소득수준":56.95,
            "일자리총점":29.958,
            "가치 총점":31.96,
            "매매실거래년":20220122.0,
            "매매실거래가":11500.0,
            "전세실거래년":20191213.0,
            "전세실거래가":7000.0,
            "전세가율":60.87,
            "장기전세가율평균":73.59,
            "전세가율거품지수":12.72,
            "검색코드":101845,
            "세대수":59.0,
            "준공년월":"1989-05-11",
            "준공년차":34.0,
            "가까운역이름":"NA",
            "가까운역거리":"NA",
            "역세권여부":"NA",
            "30분이내주요거점역":"NA",
            "30분거점역이름":"NA",
            "1시간이내주요거점역":"NA",
            "1시간거점역이름":"NA",
            "3km이내백화점수":0,
            "5km이내아울렛몰수":0,
            "1km이내대형먀트수":1,
            "500m이내은행수":1,
            "500m이내병원수":23,
            "5km이내대형병원수":2,
            "500m이내공원수":2,
            "3km이내혐오시설수":0,
            "초등학교학업성취도":89.98,
            "중학교학업성취도":69.7,
            "용적률":0,
            "건폐율":0,
            "Y":35.82932,
            "X":128.737769,
            "rank":97.0,
            "area_info":"23평(77.02), 27평(90.08), 27평(92.44)",
            "last_sales":"2022-01-22,11500.0,23평(77.02)",
            "rank_history":[
                [
                    "202203",
                    97
                ],
                [
                    "202202",
                    9999
                ]
            ],
            "rank_gap":9999
        },
        {
            "index":305,
            "아파트명":"대원",
            "투자타입":"일반",
            "전용면적(m2)":"49.68",
            "전용면적(평)":"15평",
            "법정동주소":"경상북도 경산시 중방동 105-6",
            "도로명주소":"경상북도 경산시 남매로 235",
            "세대수":0,
            "입주년차":0,
            "용적률점수":"--",
            "건폐율점수":"--",
            "세대당주차수":0,
            "난방방식":30,
            "공급면적":"--",
            "전용률":"--",
            "욕실수":50,
            "현관타입":50,
            "주거총점":13.0,
            "지역구공급총점":0.0,
            "역세권":"NA",
            "30분내 이동가능 거점":"NA",
            "1시간내 이동가능 거점":"NA",
            "교통총점":"NA",
            "백화점":0,
            "아울렛몰":0,
            "대형마트":80,
            "은행":0,
            "병원":10,
            "종합병원":100,
            "공원":100,
            "혐오시설":0,
            "인프라총점":36.0,
            "초등학군":89.98,
            "중학군":42.18,
            "학군총점":51.74,
            "인구수":28.79,
            "인구증감":13.06,
            "인구총점":24.071,
            "일자리":18.39,
            "소득수준":56.95,
            "일자리총점":29.958,
            "가치 총점":31.885,
            "매매실거래년":"18000101",
            "매매실거래가":null,
            "전세실거래년":null,
            "전세실거래가":null,
            "전세가율":null,
            "장기전세가율평균":73.59,
            "전세가율거품지수":null,
            "검색코드":106901,
            "세대수":60.0,
            "준공년월":"1997-10-17",
            "준공년차":26.0,
            "가까운역이름":"NA",
            "가까운역거리":"NA",
            "역세권여부":"NA",
            "30분이내주요거점역":"NA",
            "30분거점역이름":"NA",
            "1시간이내주요거점역":"NA",
            "1시간거점역이름":"NA",
            "3km이내백화점수":0,
            "5km이내아울렛몰수":0,
            "1km이내대형먀트수":1,
            "500m이내은행수":0,
            "500m이내병원수":2,
            "5km이내대형병원수":2,
            "500m이내공원수":3,
            "3km이내혐오시설수":0,
            "초등학교학업성취도":89.98,
            "중학교학업성취도":69.7,
            "용적률":103,
            "건폐율":36,
            "Y":35.831935,
            "X":128.740593,
            "rank":98.0,
            "area_info":"15평(49.68)",
            "last_sales":"1800-01-01,nan,15평(49.68)",
            "rank_history":[
                [
                    "202203",
                    98
                ],
                [
                    "202202",
                    9999
                ]
            ],
            "rank_gap":9999
        },
        {
            "index":109,
            "아파트명":"옥산삼산타운",
            "투자타입":"일반",
            "전용면적(m2)":"33.02",
            "전용면적(평)":"9평",
            "법정동주소":"경상북도 경산시 사정동 124",
            "도로명주소":"경상북도 경산시 선비길 57",
            "세대수":30,
            "입주년차":0,
            "용적률점수":"--",
            "건폐율점수":"--",
            "세대당주차수":0,
            "난방방식":30,
            "공급면적":"--",
            "전용률":"--",
            "욕실수":50,
            "현관타입":10,
            "주거총점":19.5,
            "지역구공급총점":0.0,
            "역세권":"NA",
            "30분내 이동가능 거점":"NA",
            "1시간내 이동가능 거점":"NA",
            "교통총점":"NA",
            "백화점":0,
            "아울렛몰":0,
            "대형마트":0,
            "은행":0,
            "병원":60,
            "종합병원":100,
            "공원":100,
            "혐오시설":0,
            "인프라총점":29.0,
            "초등학군":89.97,
            "중학군":44.08,
            "학군총점":53.258,
            "인구수":28.79,
            "인구증감":13.06,
            "인구총점":24.071,
            "일자리":18.39,
            "소득수준":56.95,
            "일자리총점":29.958,
            "가치 총점":31.7395,
            "매매실거래년":20220218.0,
            "매매실거래가":4800.0,
            "전세실거래년":20210426.0,
            "전세실거래가":5000.0,
            "전세가율":104.17,
            "장기전세가율평균":73.59,
            "전세가율거품지수":-30.58,
            "검색코드":4033,
            "세대수":342.0,
            "준공년월":"1995-09-29",
            "준공년차":28.0,
            "가까운역이름":"NA",
            "가까운역거리":"NA",
            "역세권여부":"NA",
            "30분이내주요거점역":"NA",
            "30분거점역이름":"NA",
            "1시간이내주요거점역":"NA",
            "1시간거점역이름":"NA",
            "3km이내백화점수":0,
            "5km이내아울렛몰수":0,
            "1km이내대형먀트수":0,
            "500m이내은행수":1,
            "500m이내병원수":14,
            "5km이내대형병원수":2,
            "500m이내공원수":5,
            "3km이내혐오시설수":0,
            "초등학교학업성취도":89.97,
            "중학교학업성취도":73.2,
            "용적률":226,
            "건폐율":25,
            "Y":35.819369,
            "X":128.724574,
            "rank":99.0,
            "area_info":"9평(33.02), 22평(73.49), 30평(100.41), 46평(152.78)",
            "last_sales":"2022-02-18,4800.0,9평(33.02)",
            "rank_history":[
                [
                    "202203",
                    99
                ],
                [
                    "202202",
                    90
                ],
                [
                    "202201",
                    87
                ]
            ],
            "rank_gap":-9
        },
        {
            "index":164,
            "아파트명":"압량세익로얄",
            "투자타입":"일반",
            "전용면적(m2)":"84.38",
            "전용면적(평)":"25평",
            "법정동주소":"경상북도 경산시 압량읍 부적리 263-1",
            "도로명주소":"경상북도 경산시 대학로81길 10",
            "세대수":0,
            "입주년차":0,
            "용적률점수":"--",
            "건폐율점수":"--",
            "세대당주차수":0,
            "난방방식":30,
            "공급면적":"--",
            "전용률":"--",
            "욕실수":100,
            "현관타입":100,
            "주거총점":23.0,
            "지역구공급총점":0.0,
            "역세권":"NA",
            "30분내 이동가능 거점":"NA",
            "1시간내 이동가능 거점":"NA",
            "교통총점":"NA",
            "백화점":0,
            "아울렛몰":0,
            "대형마트":0,
            "은행":0,
            "병원":60,
            "종합병원":80,
            "공원":100,
            "혐오시설":0,
            "인프라총점":25.0,
            "초등학군":89.97,
            "중학군":42.18,
            "학군총점":51.738,
            "인구수":28.79,
            "인구증감":13.06,
            "인구총점":24.071,
            "일자리":18.39,
            "소득수준":56.95,
            "일자리총점":29.958,
            "가치 총점":30.9845,
            "매매실거래년":20220205.0,
            "매매실거래가":9200.0,
            "전세실거래년":20211127.0,
            "전세실거래가":9000.0,
            "전세가율":92.78,
            "장기전세가율평균":73.59,
            "전세가율거품지수":-19.19,
            "검색코드":103766,
            "세대수":131.0,
            "준공년월":"1994-07-04",
            "준공년차":29.0,
            "가까운역이름":"NA",
            "가까운역거리":"NA",
            "역세권여부":"NA",
            "30분이내주요거점역":"NA",
            "30분거점역이름":"NA",
            "1시간이내주요거점역":"NA",
            "1시간거점역이름":"NA",
            "3km이내백화점수":0,
            "5km이내아울렛몰수":0,
            "1km이내대형먀트수":0,
            "500m이내은행수":1,
            "500m이내병원수":10,
            "5km이내대형병원수":1,
            "500m이내공원수":4,
            "3km이내혐오시설수":0,
            "초등학교학업성취도":89.97,
            "중학교학업성취도":69.7,
            "용적률":251,
            "건폐율":35,
            "Y":35.844607,
            "X":128.762319,
            "rank":100.0,
            "area_info":"25평(84.38), 27평(91.12), 30평(99.34), 32평(107.4)",
            "last_sales":"2022-02-05,9200.0,27평(91.12)",
            "rank_history":[
                [
                    "202203",
                    100
                ],
                [
                    "202202",
                    93
                ],
                [
                    "202201",
                    94
                ]
            ],
            "rank_gap":-7
        },
        {
            "index":421,
            "아파트명":"초원장미타운",
            "투자타입":"일반",
            "전용면적(m2)":"77.85",
            "전용면적(평)":"23평",
            "법정동주소":"경상북도 경산시 진량읍 양기리 403-3",
            "도로명주소":"경상북도 경산시 초원길 53-4",
            "세대수":90,
            "입주년차":0,
            "용적률점수":"--",
            "건폐율점수":"--",
            "세대당주차수":0,
            "난방방식":30,
            "공급면적":"--",
            "전용률":"--",
            "욕실수":50,
            "현관타입":100,
            "주거총점":49.5,
            "지역구공급총점":0.0,
            "역세권":"NA",
            "30분내 이동가능 거점":"NA",
            "1시간내 이동가능 거점":"NA",
            "교통총점":"NA",
            "백화점":0,
            "아울렛몰":0,
            "대형마트":0,
            "은행":0,
            "병원":0,
            "종합병원":0,
            "공원":0,
            "혐오시설":0,
            "인프라총점":0.0,
            "초등학군":89.97,
            "중학군":45.18,
            "학군총점":54.138,
            "인구수":28.79,
            "인구증감":13.06,
            "인구총점":24.071,
            "일자리":18.39,
            "소득수준":56.95,
            "일자리총점":29.958,
            "가치 총점":30.8595,
            "매매실거래년":20220217.0,
            "매매실거래가":5450.0,
            "전세실거래년":20220124.0,
            "전세실거래가":5000.0,
            "전세가율":91.74,
            "장기전세가율평균":73.59,
            "전세가율거품지수":-18.15,
            "검색코드":14451,
            "세대수":1200.0,
            "준공년월":"1996-07-04",
            "준공년차":27.0,
            "가까운역이름":"NA",
            "가까운역거리":"NA",
            "역세권여부":"NA",
            "30분이내주요거점역":"NA",
            "30분거점역이름":"NA",
            "1시간이내주요거점역":"NA",
            "1시간거점역이름":"NA",
            "3km이내백화점수":0,
            "5km이내아울렛몰수":0,
            "1km이내대형먀트수":0,
            "500m이내은행수":0,
            "500m이내병원수":0,
            "5km이내대형병원수":0,
            "500m이내공원수":0,
            "3km이내혐오시설수":0,
            "초등학교학업성취도":89.97,
            "중학교학업성취도":75.3,
            "용적률":183,
            "건폐율":17,
            "Y":35.892481,
            "X":128.838531,
            "rank":101.0,
            "area_info":"23평(77.85)",
            "last_sales":"2022-02-17,5450.0,23평(77.85)",
            "rank_history":[
                [
                    "202203",
                    101
                ],
                [
                    "202202",
                    92
                ],
                [
                    "202201",
                    90
                ]
            ],
            "rank_gap":-9
        },
        {
            "index":231,
            "아파트명":"예다인",
            "투자타입":"일반",
            "전용면적(m2)":"78.47",
            "전용면적(평)":"23평",
            "법정동주소":"경상북도 경산시 와촌면 덕촌리 594-1",
            "도로명주소":"경상북도 경산시 금송로 325",
            "세대수":50,
            "입주년차":60,
            "용적률점수":"--",
            "건폐율점수":"--",
            "세대당주차수":0,
            "난방방식":30,
            "공급면적":"--",
            "전용률":"--",
            "욕실수":50,
            "현관타입":100,
            "주거총점":47.5,
            "지역구공급총점":0.0,
            "역세권":"NA",
            "30분내 이동가능 거점":"NA",
            "1시간내 이동가능 거점":"NA",
            "교통총점":"NA",
            "백화점":0,
            "아울렛몰":0,
            "대형마트":0,
            "은행":0,
            "병원":0,
            "종합병원":0,
            "공원":0,
            "혐오시설":0,
            "인프라총점":0.0,
            "초등학군":89.97,
            "중학군":48.24,
            "학군총점":56.586,
            "인구수":28.79,
            "인구증감":13.06,
            "인구총점":24.071,
            "일자리":18.39,
            "소득수준":56.95,
            "일자리총점":29.958,
            "가치 총점":30.7715,
            "매매실거래년":20220203.0,
            "매매실거래가":8000.0,
            "전세실거래년":20220205.0,
            "전세실거래가":7500.0,
            "전세가율":93.75,
            "장기전세가율평균":73.59,
            "전세가율거품지수":-20.16,
            "검색코드":24490,
            "세대수":499.0,
            "준공년월":"2009-09-04",
            "준공년차":14.0,
            "가까운역이름":"NA",
            "가까운역거리":"NA",
            "역세권여부":"NA",
            "30분이내주요거점역":"NA",
            "30분거점역이름":"NA",
            "1시간이내주요거점역":"NA",
            "1시간거점역이름":"NA",
            "3km이내백화점수":0,
            "5km이내아울렛몰수":0,
            "1km이내대형먀트수":0,
            "500m이내은행수":0,
            "500m이내병원수":0,
            "5km이내대형병원수":0,
            "500m이내공원수":0,
            "3km이내혐오시설수":0,
            "초등학교학업성취도":89.97,
            "중학교학업성취도":80.4,
            "용적률":147,
            "건폐율":14,
            "Y":35.938676,
            "X":128.831493,
            "rank":102.0,
            "area_info":"23평(78.47)",
            "last_sales":"2022-02-03,8000.0,23평(78.47)",
            "rank_history":[
                [
                    "202203",
                    102
                ],
                [
                    "202202",
                    94
                ],
                [
                    "202201",
                    89
                ]
            ],
            "rank_gap":-8
        },
        {
            "index":97,
            "아파트명":"창신백조1차",
            "투자타입":"재건축",
            "전용면적(m2)":"51.87",
            "전용면적(평)":"15평",
            "법정동주소":"경상북도 경산시 사동 600-5",
            "도로명주소":"경상북도 경산시 원효로36길 46",
            "세대수":30,
            "입주년차":"--",
            "용적률점수":0,
            "건폐율점수":0,
            "세대당주차수":"--",
            "난방방식":"--",
            "공급면적":50,
            "전용률":80,
            "욕실수":"--",
            "현관타입":"--",
            "주거총점":15.5,
            "지역구공급총점":0.0,
            "역세권":"NA",
            "30분내 이동가능 거점":"NA",
            "1시간내 이동가능 거점":"NA",
            "교통총점":"NA",
            "백화점":0,
            "아울렛몰":0,
            "대형마트":0,
            "은행":20,
            "병원":60,
            "종합병원":80,
            "공원":100,
            "혐오시설":0,
            "인프라총점":27.0,
            "초등학군":89.99,
            "중학군":48.06,
            "학군총점":56.446,
            "인구수":28.79,
            "인구증감":13.06,
            "인구총점":24.071,
            "일자리":18.39,
            "소득수준":56.95,
            "일자리총점":29.958,
            "가치 총점":30.3365,
            "매매실거래년":20220222.0,
            "매매실거래가":6000.0,
            "전세실거래년":20220123.0,
            "전세실거래가":5500.0,
            "전세가율":91.67,
            "장기전세가율평균":73.59,
            "전세가율거품지수":-18.08,
            "검색코드":4028,
            "세대수":360.0,
            "준공년월":"1990-03-31",
            "준공년차":33.0,
            "가까운역이름":"NA",
            "가까운역거리":"NA",
            "역세권여부":"NA",
            "30분이내주요거점역":"NA",
            "30분거점역이름":"NA",
            "1시간이내주요거점역":"NA",
            "1시간거점역이름":"NA",
            "3km이내백화점수":0,
            "5km이내아울렛몰수":0,
            "1km이내대형먀트수":0,
            "500m이내은행수":2,
            "500m이내병원수":13,
            "5km이내대형병원수":1,
            "500m이내공원수":12,
            "3km이내혐오시설수":0,
            "초등학교학업성취도":89.99,
            "중학교학업성취도":79.3,
            "용적률":0,
            "건폐율":0,
            "Y":35.816053,
            "X":128.753791,
            "rank":103.0,
            "area_info":"15평(51.87), 20평(66.68)",
            "last_sales":"2022-02-22,6000.0,15평(51.87)",
            "rank_history":[
                [
                    "202203",
                    103
                ],
                [
                    "202202",
                    95
                ],
                [
                    "202201",
                    91
                ]
            ],
            "rank_gap":-8
        },
        {
            "index":77,
            "아파트명":"대화타워펠리스(도시형)",
            "투자타입":"일반",
            "전용면적(m2)":"22.11",
            "전용면적(평)":"6평",
            "법정동주소":"경상북도 경산시 사동 635-3",
            "도로명주소":"경상북도 경산시 박물관로1길 20",
            "세대수":0,
            "입주년차":60,
            "용적률점수":"--",
            "건폐율점수":"--",
            "세대당주차수":0,
            "난방방식":30,
            "공급면적":"--",
            "전용률":"--",
            "욕실수":50,
            "현관타입":10,
            "주거총점":21.0,
            "지역구공급총점":0.0,
            "역세권":"NA",
            "30분내 이동가능 거점":"NA",
            "1시간내 이동가능 거점":"NA",
            "교통총점":"NA",
            "백화점":0,
            "아울렛몰":0,
            "대형마트":0,
            "은행":20,
            "병원":10,
            "종합병원":80,
            "공원":100,
            "혐오시설":0,
            "인프라총점":22.0,
            "초등학군":90.01,
            "중학군":48.06,
            "학군총점":56.45,
            "인구수":28.79,
            "인구증감":13.06,
            "인구총점":24.071,
            "일자리":18.39,
            "소득수준":56.95,
            "일자리총점":29.958,
            "가치 총점":30.2625,
            "매매실거래년":20220115.0,
            "매매실거래가":3500.0,
            "전세실거래년":null,
            "전세실거래가":null,
            "전세가율":null,
            "장기전세가율평균":73.59,
            "전세가율거품지수":null,
            "검색코드":116363,
            "세대수":63.0,
            "준공년월":"2012-01-18",
            "준공년차":11.0,
            "가까운역이름":"NA",
            "가까운역거리":"NA",
            "역세권여부":"NA",
            "30분이내주요거점역":"NA",
            "30분거점역이름":"NA",
            "1시간이내주요거점역":"NA",
            "1시간거점역이름":"NA",
            "3km이내백화점수":0,
            "5km이내아울렛몰수":0,
            "1km이내대형먀트수":0,
            "500m이내은행수":2,
            "500m이내병원수":2,
            "5km이내대형병원수":1,
            "500m이내공원수":6,
            "3km이내혐오시설수":0,
            "초등학교학업성취도":90.01,
            "중학교학업성취도":79.3,
            "용적률":353,
            "건폐율":51,
            "Y":35.816847,
            "X":128.761264,
            "rank":104.0,
            "area_info":"6평(22.11), 8평(27.57)",
            "last_sales":"2022-01-15,3500.0,6평(22.11)",
            "rank_history":[
                [
                    "202203",
                    104
                ],
                [
                    "202202",
                    9999
                ]
            ],
            "rank_gap":9999
        },
        {
            "index":79,
            "아파트명":"동산",
            "투자타입":"재건축",
            "전용면적(m2)":"64.99",
            "전용면적(평)":"19평",
            "법정동주소":"경상북도 경산시 사동 600",
            "도로명주소":"경상북도 경산시 원효로32길 45",
            "세대수":30,
            "입주년차":"--",
            "용적률점수":0,
            "건폐율점수":0,
            "세대당주차수":"--",
            "난방방식":"--",
            "공급면적":50,
            "전용률":80,
            "욕실수":"--",
            "현관타입":"--",
            "주거총점":15.5,
            "지역구공급총점":0.0,
            "역세권":"NA",
            "30분내 이동가능 거점":"NA",
            "1시간내 이동가능 거점":"NA",
            "교통총점":"NA",
            "백화점":0,
            "아울렛몰":0,
            "대형마트":0,
            "은행":0,
            "병원":30,
            "종합병원":100,
            "공원":100,
            "혐오시설":0,
            "인프라총점":26.0,
            "초등학군":89.99,
            "중학군":48.06,
            "학군총점":56.446,
            "인구수":28.79,
            "인구증감":13.06,
            "인구총점":24.071,
            "일자리":18.39,
            "소득수준":56.95,
            "일자리총점":29.958,
            "가치 총점":29.9365,
            "매매실거래년":20220221.0,
            "매매실거래가":7000.0,
            "전세실거래년":20220214.0,
            "전세실거래가":6300.0,
            "전세가율":90.0,
            "장기전세가율평균":73.59,
            "전세가율거품지수":-16.41,
            "검색코드":4025,
            "세대수":370.0,
            "준공년월":"1991-01-31",
            "준공년차":32.0,
            "가까운역이름":"NA",
            "가까운역거리":"NA",
            "역세권여부":"NA",
            "30분이내주요거점역":"NA",
            "30분거점역이름":"NA",
            "1시간이내주요거점역":"NA",
            "1시간거점역이름":"NA",
            "3km이내백화점수":0,
            "5km이내아울렛몰수":0,
            "1km이내대형먀트수":0,
            "500m이내은행수":0,
            "500m이내병원수":8,
            "5km이내대형병원수":2,
            "500m이내공원수":10,
            "3km이내혐오시설수":0,
            "초등학교학업성취도":89.99,
            "중학교학업성취도":79.3,
            "용적률":0,
            "건폐율":0,
            "Y":35.816488,
            "X":128.751859,
            "rank":105.0,
            "area_info":"19평(64.99), 21평(69.45), 21평(70.7)",
            "last_sales":"2022-02-21,7000.0,19평(64.99)",
            "rank_history":[
                [
                    "202203",
                    105
                ],
                [
                    "202202",
                    96
                ],
                [
                    "202201",
                    93
                ]
            ],
            "rank_gap":-9
        },
        {
            "index":473,
            "아파트명":"하양금락우방타운",
            "투자타입":"일반",
            "전용면적(m2)":"55.26",
            "전용면적(평)":"16평",
            "법정동주소":"경상북도 경산시 하양읍 금락리 391-1",
            "도로명주소":"경상북도 경산시 대학로298길 19-3",
            "세대수":30,
            "입주년차":0,
            "용적률점수":"--",
            "건폐율점수":"--",
            "세대당주차수":0,
            "난방방식":30,
            "공급면적":"--",
            "전용률":"--",
            "욕실수":50,
            "현관타입":10,
            "주거총점":19.5,
            "지역구공급총점":0.0,
            "역세권":"NA",
            "30분내 이동가능 거점":"NA",
            "1시간내 이동가능 거점":"NA",
            "교통총점":"NA",
            "백화점":0,
            "아울렛몰":0,
            "대형마트":80,
            "은행":20,
            "병원":60,
            "종합병원":0,
            "공원":100,
            "혐오시설":0,
            "인프라총점":23.0,
            "초등학군":89.97,
            "중학군":46.74,
            "학군총점":55.386,
            "인구수":28.79,
            "인구증감":13.06,
            "인구총점":24.071,
            "일자리":18.39,
            "소득수준":56.95,
            "일자리총점":29.958,
            "가치 총점":29.8715,
            "매매실거래년":20220204.0,
            "매매실거래가":14000.0,
            "전세실거래년":20201228.0,
            "전세실거래가":7000.0,
            "전세가율":77.78,
            "장기전세가율평균":73.59,
            "전세가율거품지수":-4.19,
            "검색코드":4087,
            "세대수":365.0,
            "준공년월":"1997-12-15",
            "준공년차":26.0,
            "가까운역이름":"NA",
            "가까운역거리":"NA",
            "역세권여부":"NA",
            "30분이내주요거점역":"NA",
            "30분거점역이름":"NA",
            "1시간이내주요거점역":"NA",
            "1시간거점역이름":"NA",
            "3km이내백화점수":0,
            "5km이내아울렛몰수":0,
            "1km이내대형먀트수":1,
            "500m이내은행수":2,
            "500m이내병원수":29,
            "5km이내대형병원수":0,
            "500m이내공원수":2,
            "3km이내혐오시설수":0,
            "초등학교학업성취도":89.97,
            "중학교학업성취도":77.9,
            "용적률":0,
            "건폐율":0,
            "Y":35.912175,
            "X":128.82418,
            "rank":106.0,
            "area_info":"16평(55.26), 22평(74.92), 30평(101.5)",
            "last_sales":"2022-02-04,14000.0,22평(74.92)",
            "rank_history":[
                [
                    "202203",
                    106
                ],
                [
                    "202202",
                    97
                ],
                [
                    "202201",
                    92
                ]
            ],
            "rank_gap":-9
        },
        {
            "index":105,
            "아파트명":"효동맨션",
            "투자타입":"일반",
            "전용면적(m2)":"77.9",
            "전용면적(평)":"23평",
            "법정동주소":"경상북도 경산시 사동 575",
            "도로명주소":"경상북도 경산시 원효로34길 24",
            "세대수":0,
            "입주년차":0,
            "용적률점수":"--",
            "건폐율점수":"--",
            "세대당주차수":0,
            "난방방식":30,
            "공급면적":"--",
            "전용률":"--",
            "욕실수":50,
            "현관타입":10,
            "주거총점":9.0,
            "지역구공급총점":0.0,
            "역세권":"NA",
            "30분내 이동가능 거점":"NA",
            "1시간내 이동가능 거점":"NA",
            "교통총점":"NA",
            "백화점":0,
            "아울렛몰":0,
            "대형마트":0,
            "은행":20,
            "병원":60,
            "종합병원":100,
            "공원":100,
            "혐오시설":0,
            "인프라총점":31.0,
            "초등학군":89.99,
            "중학군":48.06,
            "학군총점":56.446,
            "인구수":28.79,
            "인구증감":13.06,
            "인구총점":24.071,
            "일자리":18.39,
            "소득수준":56.95,
            "일자리총점":29.958,
            "가치 총점":29.6615,
            "매매실거래년":20211215.0,
            "매매실거래가":12000.0,
            "전세실거래년":20180625.0,
            "전세실거래가":6500.0,
            "전세가율":73.03,
            "장기전세가율평균":73.59,
            "전세가율거품지수":0.56,
            "검색코드":4030,
            "세대수":157.0,
            "준공년월":"1994-09-15",
            "준공년차":29.0,
            "가까운역이름":"NA",
            "가까운역거리":"NA",
            "역세권여부":"NA",
            "30분이내주요거점역":"NA",
            "30분거점역이름":"NA",
            "1시간이내주요거점역":"NA",
            "1시간거점역이름":"NA",
            "3km이내백화점수":0,
            "5km이내아울렛몰수":0,
            "1km이내대형먀트수":0,
            "500m이내은행수":2,
            "500m이내병원수":11,
            "5km이내대형병원수":2,
            "500m이내공원수":11,
            "3km이내혐오시설수":0,
            "초등학교학업성취도":89.99,
            "중학교학업성취도":79.3,
            "용적률":305,
            "건폐율":31,
            "Y":35.818333,
            "X":128.753779,
            "rank":107.0,
            "area_info":"23평(77.9), 29평(98.12)",
            "last_sales":"2021-12-15,12000.0,29평(98.12)",
            "rank_history":[
                [
                    "202203",
                    107
                ],
                [
                    "202202",
                    98
                ],
                [
                    "202201",
                    100
                ]
            ],
            "rank_gap":-9
        },
        {
            "index":119,
            "아파트명":"경산삼북주공",
            "투자타입":"일반",
            "전용면적(m2)":"77.13",
            "전용면적(평)":"23평",
            "법정동주소":"경상북도 경산시 삼북동 27",
            "도로명주소":"경상북도 경산시 장산로 152",
            "세대수":50,
            "입주년차":0,
            "용적률점수":"--",
            "건폐율점수":"--",
            "세대당주차수":0,
            "난방방식":30,
            "공급면적":"--",
            "전용률":"--",
            "욕실수":50,
            "현관타입":100,
            "주거총점":35.5,
            "지역구공급총점":0.0,
            "역세권":"NA",
            "30분내 이동가능 거점":"NA",
            "1시간내 이동가능 거점":"NA",
            "교통총점":"NA",
            "백화점":0,
            "아울렛몰":0,
            "대형마트":0,
            "은행":0,
            "병원":10,
            "종합병원":100,
            "공원":80,
            "혐오시설":0,
            "인프라총점":23.4,
            "초등학군":90.01,
            "중학군":15.24,
            "학군총점":30.194,
            "인구수":28.79,
            "인구증감":13.06,
            "인구총점":24.071,
            "일자리":18.39,
            "소득수준":56.95,
            "일자리총점":29.958,
            "가치 총점":29.3335,
            "매매실거래년":20220218.0,
            "매매실거래가":10800.0,
            "전세실거래년":20210601.0,
            "전세실거래가":8000.0,
            "전세가율":68.97,
            "장기전세가율평균":73.59,
            "전세가율거품지수":4.62,
            "검색코드":4034,
            "세대수":620.0,
            "준공년월":"1997-03-11",
            "준공년차":26.0,
            "가까운역이름":"NA",
            "가까운역거리":"NA",
            "역세권여부":"NA",
            "30분이내주요거점역":"NA",
            "30분거점역이름":"NA",
            "1시간이내주요거점역":"NA",
            "1시간거점역이름":"NA",
            "3km이내백화점수":0,
            "5km이내아울렛몰수":0,
            "1km이내대형먀트수":0,
            "500m이내은행수":0,
            "500m이내병원수":2,
            "5km이내대형병원수":2,
            "500m이내공원수":1,
            "3km이내혐오시설수":0,
            "초등학교학업성취도":90.01,
            "중학교학업성취도":25.4,
            "용적률":206,
            "건폐율":17,
            "Y":35.817915,
            "X":128.741281,
            "rank":108.0,
            "area_info":"23평(77.13), 24평(79.91)",
            "last_sales":"2022-02-18,10800.0,24평(79.91)",
            "rank_history":[
                [
                    "202203",
                    108
                ],
                [
                    "202202",
                    99
                ],
                [
                    "202201",
                    96
                ]
            ],
            "rank_gap":-9
        },
        {
            "index":168,
            "아파트명":"한라빌라트",
            "투자타입":"일반",
            "전용면적(m2)":"58.32",
            "전용면적(평)":"17평",
            "법정동주소":"경상북도 경산시 압량읍 부적리 537",
            "도로명주소":"경상북도 경산시 화랑로63길 3",
            "세대수":0,
            "입주년차":0,
            "용적률점수":"--",
            "건폐율점수":"--",
            "세대당주차수":0,
            "난방방식":30,
            "공급면적":"--",
            "전용률":"--",
            "욕실수":50,
            "현관타입":100,
            "주거총점":18.0,
            "지역구공급총점":0.0,
            "역세권":"NA",
            "30분내 이동가능 거점":"NA",
            "1시간내 이동가능 거점":"NA",
            "교통총점":"NA",
            "백화점":0,
            "아울렛몰":0,
            "대형마트":0,
            "은행":0,
            "병원":60,
            "종합병원":80,
            "공원":100,
            "혐오시설":0,
            "인프라총점":25.0,
            "초등학군":89.97,
            "중학군":42.18,
            "학군총점":51.738,
            "인구수":28.79,
            "인구증감":13.06,
            "인구총점":24.071,
            "일자리":18.39,
            "소득수준":56.95,
            "일자리총점":29.958,
            "가치 총점":29.2345,
            "매매실거래년":20220212.0,
            "매매실거래가":8500.0,
            "전세실거래년":20200929.0,
            "전세실거래가":2000.0,
            "전세가율":23.53,
            "장기전세가율평균":73.59,
            "전세가율거품지수":50.06,
            "검색코드":4035,
            "세대수":194.0,
            "준공년월":"1998-08-19",
            "준공년차":25.0,
            "가까운역이름":"NA",
            "가까운역거리":"NA",
            "역세권여부":"NA",
            "30분이내주요거점역":"NA",
            "30분거점역이름":"NA",
            "1시간이내주요거점역":"NA",
            "1시간거점역이름":"NA",
            "3km이내백화점수":0,
            "5km이내아울렛몰수":0,
            "1km이내대형먀트수":0,
            "500m이내은행수":1,
            "500m이내병원수":17,
            "5km이내대형병원수":1,
            "500m이내공원수":5,
            "3km이내혐오시설수":0,
            "초등학교학업성취도":89.97,
            "중학교학업성취도":69.7,
            "용적률":388,
            "건폐율":25,
            "Y":35.84072,
            "X":128.76154,
            "rank":109.0,
            "area_info":"17평(58.32), 19평(64.79), 23평(76.04), 23평(77.74), 31평(102.84), 33평(109.28)",
            "last_sales":"2022-02-12,8500.0,17평(58.32)",
            "rank_history":[
                [
                    "202203",
                    109
                ],
                [
                    "202202",
                    100
                ],
                [
                    "202201",
                    97
                ]
            ],
            "rank_gap":-9
        },
        {
            "index":493,
            "아파트명":"하양코아루3차",
            "투자타입":"일반",
            "전용면적(m2)":"82.14",
            "전용면적(평)":"24평",
            "법정동주소":"경상북도 경산시 하양읍 동서리 1220",
            "도로명주소":"경상북도 경산시 하양로37길 33",
            "세대수":0,
            "입주년차":80,
            "용적률점수":"--",
            "건폐율점수":"--",
            "세대당주차수":30,
            "난방방식":30,
            "공급면적":"--",
            "전용률":"--",
            "욕실수":100,
            "현관타입":100,
            "주거총점":43.5,
            "지역구공급총점":0.0,
            "역세권":"NA",
            "30분내 이동가능 거점":"NA",
            "1시간내 이동가능 거점":"NA",
            "교통총점":"NA",
            "백화점":0,
            "아울렛몰":0,
            "대형마트":0,
            "은행":0,
            "병원":0,
            "종합병원":0,
            "공원":0,
            "혐오시설":0,
            "인프라총점":0.0,
            "초등학군":89.97,
            "중학군":46.74,
            "학군총점":55.386,
            "인구수":28.79,
            "인구증감":13.06,
            "인구총점":24.071,
            "일자리":18.39,
            "소득수준":56.95,
            "일자리총점":29.958,
            "가치 총점":29.0715,
            "매매실거래년":20220203.0,
            "매매실거래가":26300.0,
            "전세실거래년":20220205.0,
            "전세실거래가":15000.0,
            "전세가율":73.17,
            "장기전세가율평균":73.59,
            "전세가율거품지수":0.42,
            "검색코드":111043,
            "세대수":212.0,
            "준공년월":"2017-09-27",
            "준공년차":6.0,
            "가까운역이름":"NA",
            "가까운역거리":"NA",
            "역세권여부":"NA",
            "30분이내주요거점역":"NA",
            "30분거점역이름":"NA",
            "1시간이내주요거점역":"NA",
            "1시간거점역이름":"NA",
            "3km이내백화점수":0,
            "5km이내아울렛몰수":0,
            "1km이내대형먀트수":0,
            "500m이내은행수":0,
            "500m이내병원수":0,
            "5km이내대형병원수":0,
            "500m이내공원수":0,
            "3km이내혐오시설수":0,
            "초등학교학업성취도":89.97,
            "중학교학업성취도":77.9,
            "용적률":229,
            "건폐율":25,
            "Y":35.920451,
            "X":128.828448,
            "rank":110.0,
            "area_info":"24평(82.14), 33평(109.52), 33평(110.35)",
            "last_sales":"2022-02-03,26300.0,33평(110.35)",
            "rank_history":[
                [
                    "202203",
                    110
                ],
                [
                    "202202",
                    101
                ],
                [
                    "202201",
                    95
                ]
            ],
            "rank_gap":-9
        },
        {
            "index":382,
            "아파트명":"경산삼주봉황타운1차",
            "투자타입":"일반",
            "전용면적(m2)":"46.82",
            "전용면적(평)":"14평",
            "법정동주소":"경상북도 경산시 진량읍 봉회리 71-1",
            "도로명주소":"경상북도 경산시 봉황길 31",
            "세대수":90,
            "입주년차":0,
            "용적률점수":"--",
            "건폐율점수":"--",
            "세대당주차수":0,
            "난방방식":30,
            "공급면적":"--",
            "전용률":"--",
            "욕실수":50,
            "현관타입":10,
            "주거총점":40.5,
            "지역구공급총점":0.0,
            "역세권":"NA",
            "30분내 이동가능 거점":"NA",
            "1시간내 이동가능 거점":"NA",
            "교통총점":"NA",
            "백화점":0,
            "아울렛몰":0,
            "대형마트":0,
            "은행":0,
            "병원":30,
            "종합병원":0,
            "공원":0,
            "혐오시설":0,
            "인프라총점":3.0,
            "초등학군":89.99,
            "중학군":45.18,
            "학군총점":54.142,
            "인구수":28.79,
            "인구증감":13.06,
            "인구총점":24.071,
            "일자리":18.39,
            "소득수준":56.95,
            "일자리총점":29.958,
            "가치 총점":28.9105,
            "매매실거래년":20220216.0,
            "매매실거래가":4300.0,
            "전세실거래년":20210712.0,
            "전세실거래가":3500.0,
            "전세가율":81.4,
            "장기전세가율평균":73.59,
            "전세가율거품지수":-7.81,
            "검색코드":11969,
            "세대수":1177.0,
            "준공년월":"1996-12-07",
            "준공년차":27.0,
            "가까운역이름":"NA",
            "가까운역거리":"NA",
            "역세권여부":"NA",
            "30분이내주요거점역":"NA",
            "30분거점역이름":"NA",
            "1시간이내주요거점역":"NA",
            "1시간거점역이름":"NA",
            "3km이내백화점수":0,
            "5km이내아울렛몰수":0,
            "1km이내대형먀트수":0,
            "500m이내은행수":0,
            "500m이내병원수":7,
            "5km이내대형병원수":0,
            "500m이내공원수":0,
            "3km이내혐오시설수":0,
            "초등학교학업성취도":89.99,
            "중학교학업성취도":75.3,
            "용적률":343,
            "건폐율":21,
            "Y":35.88547,
            "X":128.822785,
            "rank":111.0,
            "area_info":"14평(46.82), 24평(81.54), 25평(82.72), 25평(83.39), 26평(86.63)",
            "last_sales":"2022-02-16,4300.0,14평(46.82)",
            "rank_history":[
                [
                    "202203",
                    111
                ],
                [
                    "202202",
                    102
                ],
                [
                    "202201",
                    98
                ]
            ],
            "rank_gap":-9
        },
        {
            "index":419,
            "아파트명":"창신황제타운",
            "투자타입":"일반",
            "전용면적(m2)":"67.9",
            "전용면적(평)":"20평",
            "법정동주소":"경상북도 경산시 진량읍 황제리 70-1",
            "도로명주소":"경상북도 경산시 황제1길 86-25",
            "세대수":90,
            "입주년차":0,
            "용적률점수":"--",
            "건폐율점수":"--",
            "세대당주차수":0,
            "난방방식":30,
            "공급면적":"--",
            "전용률":"--",
            "욕실수":50,
            "현관타입":10,
            "주거총점":40.5,
            "지역구공급총점":0.0,
            "역세권":"NA",
            "30분내 이동가능 거점":"NA",
            "1시간내 이동가능 거점":"NA",
            "교통총점":"NA",
            "백화점":0,
            "아울렛몰":0,
            "대형마트":0,
            "은행":0,
            "병원":0,
            "종합병원":0,
            "공원":80,
            "혐오시설":0,
            "인프라총점":2.4,
            "초등학군":89.97,
            "중학군":45.18,
            "학군총점":54.138,
            "인구수":28.79,
            "인구증감":13.06,
            "인구총점":24.071,
            "일자리":18.39,
            "소득수준":56.95,
            "일자리총점":29.958,
            "가치 총점":28.6695,
            "매매실거래년":20220217.0,
            "매매실거래가":6700.0,
            "전세실거래년":20210313.0,
            "전세실거래가":4000.0,
            "전세가율":80.81,
            "장기전세가율평균":73.59,
            "전세가율거품지수":-7.22,
            "검색코드":13888,
            "세대수":1112.0,
            "준공년월":"1996-11-25",
            "준공년차":27.0,
            "가까운역이름":"NA",
            "가까운역거리":"NA",
            "역세권여부":"NA",
            "30분이내주요거점역":"NA",
            "30분거점역이름":"NA",
            "1시간이내주요거점역":"NA",
            "1시간거점역이름":"NA",
            "3km이내백화점수":0,
            "5km이내아울렛몰수":0,
            "1km이내대형먀트수":0,
            "500m이내은행수":0,
            "500m이내병원수":1,
            "5km이내대형병원수":0,
            "500m이내공원수":1,
            "3km이내혐오시설수":0,
            "초등학교학업성취도":89.97,
            "중학교학업성취도":75.3,
            "용적률":258,
            "건폐율":48,
            "Y":35.858251,
            "X":128.818761,
            "rank":112.0,
            "area_info":"20평(67.9), 23평(78.89)",
            "last_sales":"2022-02-17,6700.0,23평(78.89)",
            "rank_history":[
                [
                    "202203",
                    112
                ],
                [
                    "202202",
                    103
                ],
                [
                    "202201",
                    99
                ]
            ],
            "rank_gap":-9
        },
        {
            "index":115,
            "아파트명":"창신",
            "투자타입":"재건축",
            "전용면적(m2)":"76.22",
            "전용면적(평)":"23평",
            "법정동주소":"경상북도 경산시 사정동 15",
            "도로명주소":"경상북도 경산시 경산로30길 8",
            "세대수":0,
            "입주년차":"--",
            "용적률점수":0,
            "건폐율점수":0,
            "세대당주차수":"--",
            "난방방식":"--",
            "공급면적":50,
            "전용률":100,
            "욕실수":"--",
            "현관타입":"--",
            "주거총점":7.5,
            "지역구공급총점":0.0,
            "역세권":"NA",
            "30분내 이동가능 거점":"NA",
            "1시간내 이동가능 거점":"NA",
            "교통총점":"NA",
            "백화점":0,
            "아울렛몰":0,
            "대형마트":0,
            "은행":20,
            "병원":60,
            "종합병원":100,
            "공원":100,
            "혐오시설":0,
            "인프라총점":31.0,
            "초등학군":89.97,
            "중학군":44.08,
            "학군총점":53.258,
            "인구수":28.79,
            "인구증감":13.06,
            "인구총점":24.071,
            "일자리":18.39,
            "소득수준":56.95,
            "일자리총점":29.958,
            "가치 총점":28.3395,
            "매매실거래년":20210515.0,
            "매매실거래가":17000.0,
            "전세실거래년":20170331.0,
            "전세실거래가":5000.0,
            "전세가율":40.0,
            "장기전세가율평균":73.59,
            "전세가율거품지수":33.59,
            "검색코드":16976,
            "세대수":115.0,
            "준공년월":"1989-05-22",
            "준공년차":34.0,
            "가까운역이름":"NA",
            "가까운역거리":"NA",
            "역세권여부":"NA",
            "30분이내주요거점역":"NA",
            "30분거점역이름":"NA",
            "1시간이내주요거점역":"NA",
            "1시간거점역이름":"NA",
            "3km이내백화점수":0,
            "5km이내아울렛몰수":0,
            "1km이내대형먀트수":0,
            "500m이내은행수":2,
            "500m이내병원수":12,
            "5km이내대형병원수":2,
            "500m이내공원수":4,
            "3km이내혐오시설수":0,
            "초등학교학업성취도":89.97,
            "중학교학업성취도":73.2,
            "용적률":0,
            "건폐율":0,
            "Y":35.821891,
            "X":128.729333,
            "rank":113.0,
            "area_info":"23평(76.22), 23평(79.32), 26평(86.14), 28평(93.02)",
            "last_sales":"2021-05-15,17000.0,28평(93.02)",
            "rank_history":[
                [
                    "202203",
                    113
                ],
                [
                    "202202",
                    104
                ],
                [
                    "202201",
                    103
                ]
            ],
            "rank_gap":-9
        },
        {
            "index":476,
            "아파트명":"하양동신",
            "투자타입":"일반",
            "전용면적(m2)":"74.4",
            "전용면적(평)":"22평",
            "법정동주소":"경상북도 경산시 하양읍 도리리 112-6",
            "도로명주소":"경상북도 경산시 무학로 6",
            "세대수":0,
            "입주년차":0,
            "용적률점수":"--",
            "건폐율점수":"--",
            "세대당주차수":0,
            "난방방식":30,
            "공급면적":"--",
            "전용률":"--",
            "욕실수":50,
            "현관타입":100,
            "주거총점":18.0,
            "지역구공급총점":0.0,
            "역세권":"NA",
            "30분내 이동가능 거점":"NA",
            "1시간내 이동가능 거점":"NA",
            "교통총점":"NA",
            "백화점":0,
            "아울렛몰":0,
            "대형마트":80,
            "은행":0,
            "병원":80,
            "종합병원":0,
            "공원":0,
            "혐오시설":0,
            "인프라총점":20.0,
            "초등학군":90.67,
            "중학군":46.74,
            "학군총점":55.526,
            "인구수":28.79,
            "인구증감":13.06,
            "인구총점":24.071,
            "일자리":18.39,
            "소득수준":56.95,
            "일자리총점":29.958,
            "가치 총점":28.1815,
            "매매실거래년":20211210.0,
            "매매실거래가":12000.0,
            "전세실거래년":20211214.0,
            "전세실거래가":8000.0,
            "전세가율":67.23,
            "장기전세가율평균":73.59,
            "전세가율거품지수":6.36,
            "검색코드":16997,
            "세대수":188.0,
            "준공년월":"1997-02-05",
            "준공년차":26.0,
            "가까운역이름":"NA",
            "가까운역거리":"NA",
            "역세권여부":"NA",
            "30분이내주요거점역":"NA",
            "30분거점역이름":"NA",
            "1시간이내주요거점역":"NA",
            "1시간거점역이름":"NA",
            "3km이내백화점수":0,
            "5km이내아울렛몰수":0,
            "1km이내대형먀트수":1,
            "500m이내은행수":1,
            "500m이내병원수":33,
            "5km이내대형병원수":0,
            "500m이내공원수":0,
            "3km이내혐오시설수":0,
            "초등학교학업성취도":90.67,
            "중학교학업성취도":77.9,
            "용적률":309,
            "건폐율":76,
            "Y":35.916702,
            "X":128.815751,
            "rank":114.0,
            "area_info":"22평(74.4), 24평(82.64), 27평(90.16)",
            "last_sales":"2021-12-10,12000.0,27평(90.16)",
            "rank_history":[
                [
                    "202203",
                    114
                ],
                [
                    "202202",
                    105
                ],
                [
                    "202201",
                    102
                ]
            ],
            "rank_gap":-9
        },
        {
            "index":449,
            "아파트명":"금락",
            "투자타입":"재건축",
            "전용면적(m2)":"64.24",
            "전용면적(평)":"19평",
            "법정동주소":"경상북도 경산시 하양읍 금락리 116-40",
            "도로명주소":"경상북도 경산시 대경로 709-1",
            "세대수":0,
            "입주년차":"--",
            "용적률점수":0,
            "건폐율점수":0,
            "세대당주차수":"--",
            "난방방식":"--",
            "공급면적":50,
            "전용률":80,
            "욕실수":"--",
            "현관타입":"--",
            "주거총점":6.5,
            "지역구공급총점":0.0,
            "역세권":"NA",
            "30분내 이동가능 거점":"NA",
            "1시간내 이동가능 거점":"NA",
            "교통총점":"NA",
            "백화점":0,
            "아울렛몰":0,
            "대형마트":80,
            "은행":70,
            "병원":80,
            "종합병원":0,
            "공원":100,
            "혐오시설":0,
            "인프라총점":30.0,
            "초등학군":90.01,
            "중학군":46.74,
            "학군총점":55.394,
            "인구수":28.79,
            "인구증감":13.06,
            "인구총점":24.071,
            "일자리":18.39,
            "소득수준":56.95,
            "일자리총점":29.958,
            "가치 총점":28.1235,
            "매매실거래년":20220104.0,
            "매매실거래가":8100.0,
            "전세실거래년":20200112.0,
            "전세실거래가":4000.0,
            "전세가율":49.38,
            "장기전세가율평균":73.59,
            "전세가율거품지수":24.21,
            "검색코드":111126,
            "세대수":80.0,
            "준공년월":"1983-07-21",
            "준공년차":40.0,
            "가까운역이름":"NA",
            "가까운역거리":"NA",
            "역세권여부":"NA",
            "30분이내주요거점역":"NA",
            "30분거점역이름":"NA",
            "1시간이내주요거점역":"NA",
            "1시간거점역이름":"NA",
            "3km이내백화점수":0,
            "5km이내아울렛몰수":0,
            "1km이내대형먀트수":1,
            "500m이내은행수":3,
            "500m이내병원수":38,
            "5km이내대형병원수":0,
            "500m이내공원수":3,
            "3km이내혐오시설수":0,
            "초등학교학업성취도":90.01,
            "중학교학업성취도":77.9,
            "용적률":0,
            "건폐율":0,
            "Y":35.91106,
            "X":128.81843,
            "rank":115.0,
            "area_info":"19평(64.24), 30평(100.29), 30평(100.19)",
            "last_sales":"2022-01-04,8100.0,19평(64.24)",
            "rank_history":[
                [
                    "202203",
                    115
                ],
                [
                    "202202",
                    9999
                ]
            ],
            "rank_gap":9999
        },
        {
            "index":72,
            "아파트명":"계양우방맨션",
            "투자타입":"일반",
            "전용면적(m2)":"77.36",
            "전용면적(평)":"23평",
            "법정동주소":"경상북도 경산시 사동 595",
            "도로명주소":"경상북도 경산시 백자로 103",
            "세대수":0,
            "입주년차":0,
            "용적률점수":"--",
            "건폐율점수":"--",
            "세대당주차수":0,
            "난방방식":30,
            "공급면적":"--",
            "전용률":"--",
            "욕실수":50,
            "현관타입":10,
            "주거총점":9.0,
            "지역구공급총점":0.0,
            "역세권":"NA",
            "30분내 이동가능 거점":"NA",
            "1시간내 이동가능 거점":"NA",
            "교통총점":"NA",
            "백화점":0,
            "아울렛몰":0,
            "대형마트":0,
            "은행":20,
            "병원":60,
            "종합병원":80,
            "공원":100,
            "혐오시설":0,
            "인프라총점":27.0,
            "초등학군":90.01,
            "중학군":48.06,
            "학군총점":56.45,
            "인구수":28.79,
            "인구증감":13.06,
            "인구총점":24.071,
            "일자리":18.39,
            "소득수준":56.95,
            "일자리총점":29.958,
            "가치 총점":28.0625,
            "매매실거래년":20211231.0,
            "매매실거래가":13600.0,
            "전세실거래년":20210206.0,
            "전세실거래가":8500.0,
            "전세가율":79.44,
            "장기전세가율평균":73.59,
            "전세가율거품지수":-5.85,
            "검색코드":4027,
            "세대수":192.0,
            "준공년월":"1994-09-01",
            "준공년차":29.0,
            "가까운역이름":"NA",
            "가까운역거리":"NA",
            "역세권여부":"NA",
            "30분이내주요거점역":"NA",
            "30분거점역이름":"NA",
            "1시간이내주요거점역":"NA",
            "1시간거점역이름":"NA",
            "3km이내백화점수":0,
            "5km이내아울렛몰수":0,
            "1km이내대형먀트수":0,
            "500m이내은행수":2,
            "500m이내병원수":16,
            "5km이내대형병원수":1,
            "500m이내공원수":13,
            "3km이내혐오시설수":0,
            "초등학교학업성취도":90.01,
            "중학교학업성취도":79.3,
            "용적률":245,
            "건폐율":28,
            "Y":35.814863,
            "X":128.756602,
            "rank":116.0,
            "area_info":"23평(77.36), 30평(101.95), 35평(118.06)",
            "last_sales":"2021-12-31,13600.0,30평(101.95)",
            "rank_history":[
                [
                    "202203",
                    116
                ],
                [
                    "202202",
                    106
                ],
                [
                    "202201",
                    104
                ]
            ],
            "rank_gap":-10
        },
        {
            "index":390,
            "아파트명":"경산삼주봉황타운4차",
            "투자타입":"일반",
            "전용면적(m2)":"45.71",
            "전용면적(평)":"13평",
            "법정동주소":"경상북도 경산시 진량읍 북리 100",
            "도로명주소":"경상북도 경산시 봉황길 72",
            "세대수":90,
            "입주년차":0,
            "용적률점수":"--",
            "건폐율점수":"--",
            "세대당주차수":0,
            "난방방식":30,
            "공급면적":"--",
            "전용률":"--",
            "욕실수":50,
            "현관타입":10,
            "주거총점":40.5,
            "지역구공급총점":0.0,
            "역세권":"NA",
            "30분내 이동가능 거점":"NA",
            "1시간내 이동가능 거점":"NA",
            "교통총점":"NA",
            "백화점":0,
            "아울렛몰":0,
            "대형마트":0,
            "은행":0,
            "병원":0,
            "종합병원":0,
            "공원":0,
            "혐오시설":0,
            "인프라총점":0.0,
            "초등학군":89.99,
            "중학군":45.18,
            "학군총점":54.142,
            "인구수":28.79,
            "인구증감":13.06,
            "인구총점":24.071,
            "일자리":18.39,
            "소득수준":56.95,
            "일자리총점":29.958,
            "가치 총점":27.7105,
            "매매실거래년":20220217.0,
            "매매실거래가":7500.0,
            "전세실거래년":20211224.0,
            "전세실거래가":3500.0,
            "전세가율":89.74,
            "장기전세가율평균":73.59,
            "전세가율거품지수":-16.15,
            "검색코드":4072,
            "세대수":1191.0,
            "준공년월":"1998-06-08",
            "준공년차":25.0,
            "가까운역이름":"NA",
            "가까운역거리":"NA",
            "역세권여부":"NA",
            "30분이내주요거점역":"NA",
            "30분거점역이름":"NA",
            "1시간이내주요거점역":"NA",
            "1시간거점역이름":"NA",
            "3km이내백화점수":0,
            "5km이내아울렛몰수":0,
            "1km이내대형먀트수":0,
            "500m이내은행수":0,
            "500m이내병원수":1,
            "5km이내대형병원수":0,
            "500m이내공원수":0,
            "3km이내혐오시설수":0,
            "초등학교학업성취도":89.99,
            "중학교학업성취도":75.3,
            "용적률":241,
            "건폐율":18,
            "Y":35.883108,
            "X":128.826747,
            "rank":117.0,
            "area_info":"13평(45.71), 23평(77.84)",
            "last_sales":"2022-02-17,7500.0,23평(77.84)",
            "rank_history":[
                [
                    "202203",
                    117
                ],
                [
                    "202202",
                    107
                ],
                [
                    "202201",
                    101
                ]
            ],
            "rank_gap":-10
        },
        {
            "index":423,
            "아파트명":"개나리",
            "투자타입":"재건축",
            "전용면적(m2)":"60.83",
            "전용면적(평)":"18평",
            "법정동주소":"경상북도 경산시 하양읍 금락리 107-4",
            "도로명주소":"경상북도 경산시 아낙고개길 21",
            "세대수":0,
            "입주년차":"--",
            "용적률점수":0,
            "건폐율점수":0,
            "세대당주차수":"--",
            "난방방식":"--",
            "공급면적":50,
            "전용률":60,
            "욕실수":"--",
            "현관타입":"--",
            "주거총점":5.5,
            "지역구공급총점":0.0,
            "역세권":"NA",
            "30분내 이동가능 거점":"NA",
            "1시간내 이동가능 거점":"NA",
            "교통총점":"NA",
            "백화점":0,
            "아울렛몰":0,
            "대형마트":80,
            "은행":70,
            "병원":80,
            "종합병원":0,
            "공원":80,
            "혐오시설":0,
            "인프라총점":29.4,
            "초등학군":90.01,
            "중학군":46.74,
            "학군총점":55.394,
            "인구수":28.79,
            "인구증감":13.06,
            "인구총점":24.071,
            "일자리":18.39,
            "소득수준":56.95,
            "일자리총점":29.958,
            "가치 총점":27.5335,
            "매매실거래년":20130426.0,
            "매매실거래가":8000.0,
            "전세실거래년":null,
            "전세실거래가":null,
            "전세가율":null,
            "장기전세가율평균":73.59,
            "전세가율거품지수":null,
            "검색코드":117586,
            "세대수":60.0,
            "준공년월":"1987-10-19",
            "준공년차":36.0,
            "가까운역이름":"NA",
            "가까운역거리":"NA",
            "역세권여부":"NA",
            "30분이내주요거점역":"NA",
            "30분거점역이름":"NA",
            "1시간이내주요거점역":"NA",
            "1시간거점역이름":"NA",
            "3km이내백화점수":0,
            "5km이내아울렛몰수":0,
            "1km이내대형먀트수":1,
            "500m이내은행수":3,
            "500m이내병원수":38,
            "5km이내대형병원수":0,
            "500m이내공원수":1,
            "3km이내혐오시설수":0,
            "초등학교학업성취도":90.01,
            "중학교학업성취도":77.9,
            "용적률":0,
            "건폐율":0,
            "Y":35.913516,
            "X":128.815865,
            "rank":118.0,
            "area_info":"18평(60.83), 21평(72.27), 22평(72.83), 23평(76.85), 24평(80.89), 25평(83.61), 26평(88.03), 27평(89.76)",
            "last_sales":"2013-04-26,8000.0,27평(89.76)",
            "rank_history":[
                [
                    "202203",
                    118
                ],
                [
                    "202202",
                    9999
                ]
            ],
            "rank_gap":9999
        },
        {
            "index":397,
            "아파트명":"경산윤성1차",
            "투자타입":"일반",
            "전용면적(m2)":"55.77",
            "전용면적(평)":"16평",
            "법정동주소":"경상북도 경산시 진량읍 선화리 1089",
            "도로명주소":"경상북도 경산시 선화로20길 25",
            "세대수":90,
            "입주년차":0,
            "용적률점수":"--",
            "건폐율점수":"--",
            "세대당주차수":0,
            "난방방식":30,
            "공급면적":"--",
            "전용률":"--",
            "욕실수":50,
            "현관타입":10,
            "주거총점":40.5,
            "지역구공급총점":0.0,
            "역세권":"NA",
            "30분내 이동가능 거점":"NA",
            "1시간내 이동가능 거점":"NA",
            "교통총점":"NA",
            "백화점":0,
            "아울렛몰":0,
            "대형마트":0,
            "은행":0,
            "병원":0,
            "종합병원":0,
            "공원":0,
            "혐오시설":0,
            "인프라총점":0.0,
            "초등학군":89.97,
            "중학군":43.14,
            "학군총점":52.506,
            "인구수":28.79,
            "인구증감":13.06,
            "인구총점":24.071,
            "일자리":18.39,
            "소득수준":56.95,
            "일자리총점":29.958,
            "가치 총점":27.3015,
            "매매실거래년":20220221.0,
            "매매실거래가":3900.0,
            "전세실거래년":20211002.0,
            "전세실거래가":4000.0,
            "전세가율":102.56,
            "장기전세가율평균":73.59,
            "전세가율거품지수":-28.97,
            "검색코드":10480,
            "세대수":1305.0,
            "준공년월":"1995-12-29",
            "준공년차":28.0,
            "가까운역이름":"NA",
            "가까운역거리":"NA",
            "역세권여부":"NA",
            "30분이내주요거점역":"NA",
            "30분거점역이름":"NA",
            "1시간이내주요거점역":"NA",
            "1시간거점역이름":"NA",
            "3km이내백화점수":0,
            "5km이내아울렛몰수":0,
            "1km이내대형먀트수":0,
            "500m이내은행수":0,
            "500m이내병원수":1,
            "5km이내대형병원수":0,
            "500m이내공원수":0,
            "3km이내혐오시설수":0,
            "초등학교학업성취도":89.97,
            "중학교학업성취도":71.9,
            "용적률":301,
            "건폐율":23,
            "Y":35.865501,
            "X":128.794055,
            "rank":119.0,
            "area_info":"16평(55.77), 24평(82.38)",
            "last_sales":"2022-02-21,3900.0,16평(55.77)",
            "rank_history":[
                [
                    "202203",
                    119
                ],
                [
                    "202202",
                    108
                ],
                [
                    "202201",
                    105
                ]
            ],
            "rank_gap":-11
        },
        {
            "index":99,
            "아파트명":"창신백조2차",
            "투자타입":"재건축",
            "전용면적(m2)":"52.16",
            "전용면적(평)":"15평",
            "법정동주소":"경상북도 경산시 사동 600-1",
            "도로명주소":"경상북도 경산시 원효로32길 57",
            "세대수":0,
            "입주년차":"--",
            "용적률점수":0,
            "건폐율점수":0,
            "세대당주차수":"--",
            "난방방식":"--",
            "공급면적":50,
            "전용률":80,
            "욕실수":"--",
            "현관타입":"--",
            "주거총점":6.5,
            "지역구공급총점":0.0,
            "역세권":"NA",
            "30분내 이동가능 거점":"NA",
            "1시간내 이동가능 거점":"NA",
            "교통총점":"NA",
            "백화점":0,
            "아울렛몰":0,
            "대형마트":0,
            "은행":0,
            "병원":30,
            "종합병원":100,
            "공원":100,
            "혐오시설":0,
            "인프라총점":26.0,
            "초등학군":89.99,
            "중학군":48.06,
            "학군총점":56.446,
            "인구수":28.79,
            "인구증감":13.06,
            "인구총점":24.071,
            "일자리":18.39,
            "소득수준":56.95,
            "일자리총점":29.958,
            "가치 총점":26.7865,
            "매매실거래년":20220204.0,
            "매매실거래가":7500.0,
            "전세실거래년":20211112.0,
            "전세실거래가":5500.0,
            "전세가율":112.24,
            "장기전세가율평균":73.59,
            "전세가율거품지수":-38.65,
            "검색코드":4029,
            "세대수":204.0,
            "준공년월":"1990-10-13",
            "준공년차":33.0,
            "가까운역이름":"NA",
            "가까운역거리":"NA",
            "역세권여부":"NA",
            "30분이내주요거점역":"NA",
            "30분거점역이름":"NA",
            "1시간이내주요거점역":"NA",
            "1시간거점역이름":"NA",
            "3km이내백화점수":0,
            "5km이내아울렛몰수":0,
            "1km이내대형먀트수":0,
            "500m이내은행수":0,
            "500m이내병원수":9,
            "5km이내대형병원수":2,
            "500m이내공원수":7,
            "3km이내혐오시설수":0,
            "초등학교학업성취도":89.99,
            "중학교학업성취도":79.3,
            "용적률":0,
            "건폐율":0,
            "Y":35.815697,
            "X":128.75153,
            "rank":120.0,
            "area_info":"15평(52.16), 20평(66.91)",
            "last_sales":"2022-02-04,7500.0,20평(66.91)",
            "rank_history":[
                [
                    "202203",
                    120
                ],
                [
                    "202202",
                    109
                ],
                [
                    "202201",
                    107
                ]
            ],
            "rank_gap":-11
        },
        {
            "index":129,
            "아파트명":"경산태성맨션",
            "투자타입":"일반",
            "전용면적(m2)":"80.17",
            "전용면적(평)":"24평",
            "법정동주소":"경상북도 경산시 상방동 130",
            "도로명주소":"경상북도 경산시 남매로6길 20",
            "세대수":30,
            "입주년차":0,
            "용적률점수":"--",
            "건폐율점수":"--",
            "세대당주차수":0,
            "난방방식":30,
            "공급면적":"--",
            "전용률":"--",
            "욕실수":50,
            "현관타입":100,
            "주거총점":28.5,
            "지역구공급총점":0.0,
            "역세권":"NA",
            "30분내 이동가능 거점":"NA",
            "1시간내 이동가능 거점":"NA",
            "교통총점":"NA",
            "백화점":0,
            "아울렛몰":0,
            "대형마트":0,
            "은행":0,
            "병원":0,
            "종합병원":100,
            "공원":100,
            "혐오시설":0,
            "인프라총점":23.0,
            "초등학군":90.01,
            "중학군":15.24,
            "학군총점":30.194,
            "인구수":28.79,
            "인구증감":13.06,
            "인구총점":24.071,
            "일자리":18.39,
            "소득수준":56.95,
            "일자리총점":29.958,
            "가치 총점":26.7235,
            "매매실거래년":20211226.0,
            "매매실거래가":8500.0,
            "전세실거래년":20211028.0,
            "전세실거래가":6000.0,
            "전세가율":70.59,
            "장기전세가율평균":73.59,
            "전세가율거품지수":3.0,
            "검색코드":11271,
            "세대수":321.0,
            "준공년월":"1995-05-22",
            "준공년차":28.0,
            "가까운역이름":"NA",
            "가까운역거리":"NA",
            "역세권여부":"NA",
            "30분이내주요거점역":"NA",
            "30분거점역이름":"NA",
            "1시간이내주요거점역":"NA",
            "1시간거점역이름":"NA",
            "3km이내백화점수":0,
            "5km이내아울렛몰수":0,
            "1km이내대형먀트수":0,
            "500m이내은행수":0,
            "500m이내병원수":0,
            "5km이내대형병원수":2,
            "500m이내공원수":2,
            "3km이내혐오시설수":0,
            "초등학교학업성취도":90.01,
            "중학교학업성취도":25.4,
            "용적률":257,
            "건폐율":23,
            "Y":35.81238,
            "X":128.742846,
            "rank":121.0,
            "area_info":"24평(80.17), 29평(98.94), 42평(141.27)",
            "last_sales":"2021-12-26,8500.0,24평(80.17)",
            "rank_history":[
                [
                    "202203",
                    121
                ],
                [
                    "202202",
                    110
                ],
                [
                    "202201",
                    106
                ]
            ],
            "rank_gap":-11
        },
        {
            "index":16,
            "아파트명":"초원전원",
            "투자타입":"재건축",
            "전용면적(m2)":"63.61",
            "전용면적(평)":"19평",
            "법정동주소":"경상북도 경산시 계양동 690",
            "도로명주소":"경상북도 경산시 계양로8길 36",
            "세대수":0,
            "입주년차":"--",
            "용적률점수":0,
            "건폐율점수":0,
            "세대당주차수":"--",
            "난방방식":"--",
            "공급면적":50,
            "전용률":100,
            "욕실수":"--",
            "현관타입":"--",
            "주거총점":7.5,
            "지역구공급총점":0.0,
            "역세권":"NA",
            "30분내 이동가능 거점":"NA",
            "1시간내 이동가능 거점":"NA",
            "교통총점":"NA",
            "백화점":0,
            "아울렛몰":0,
            "대형마트":0,
            "은행":0,
            "병원":30,
            "종합병원":100,
            "공원":100,
            "혐오시설":0,
            "인프라총점":26.0,
            "초등학군":89.99,
            "중학군":42.18,
            "학군총점":51.742,
            "인구수":28.79,
            "인구증감":13.06,
            "인구총점":24.071,
            "일자리":18.39,
            "소득수준":56.95,
            "일자리총점":29.958,
            "가치 총점":25.9605,
            "매매실거래년":20211221.0,
            "매매실거래가":5900.0,
            "전세실거래년":null,
            "전세실거래가":null,
            "전세가율":null,
            "장기전세가율평균":73.59,
            "전세가율거품지수":null,
            "검색코드":14530,
            "세대수":207.0,
            "준공년월":"1990-11-19",
            "준공년차":33.0,
            "가까운역이름":"NA",
            "가까운역거리":"NA",
            "역세권여부":"NA",
            "30분이내주요거점역":"NA",
            "30분거점역이름":"NA",
            "1시간이내주요거점역":"NA",
            "1시간거점역이름":"NA",
            "3km이내백화점수":0,
            "5km이내아울렛몰수":0,
            "1km이내대형먀트수":0,
            "500m이내은행수":0,
            "500m이내병원수":9,
            "5km이내대형병원수":2,
            "500m이내공원수":9,
            "3km이내혐오시설수":0,
            "초등학교학업성취도":89.99,
            "중학교학업성취도":69.7,
            "용적률":0,
            "건폐율":0,
            "Y":35.817287,
            "X":128.751014,
            "rank":122.0,
            "area_info":"19평(63.61), 19평(64.12), 20평(66.49), 20평(66.52), 21평(72.66)",
            "last_sales":"2021-12-21,5900.0,20평(66.52)",
            "rank_history":[
                [
                    "202203",
                    122
                ],
                [
                    "202202",
                    111
                ],
                [
                    "202201",
                    108
                ]
            ],
            "rank_gap":-11
        },
        {
            "index":471,
            "아파트명":"하나맨션2차",
            "투자타입":"재건축",
            "전용면적(m2)":"85.27",
            "전용면적(평)":"25평",
            "법정동주소":"경상북도 경산시 하양읍 동서리 751-1",
            "도로명주소":"경상북도 경산시 조산천동길 2",
            "세대수":0,
            "입주년차":"--",
            "용적률점수":0,
            "건폐율점수":0,
            "세대당주차수":"--",
            "난방방식":"--",
            "공급면적":70,
            "전용률":60,
            "욕실수":"--",
            "현관타입":"--",
            "주거총점":6.5,
            "지역구공급총점":0.0,
            "역세권":"NA",
            "30분내 이동가능 거점":"NA",
            "1시간내 이동가능 거점":"NA",
            "교통총점":"NA",
            "백화점":0,
            "아울렛몰":0,
            "대형마트":80,
            "은행":20,
            "병원":60,
            "종합병원":0,
            "공원":80,
            "혐오시설":0,
            "인프라총점":22.4,
            "초등학군":89.97,
            "중학군":46.74,
            "학군총점":55.386,
            "인구수":28.79,
            "인구증감":13.06,
            "인구총점":24.071,
            "일자리":18.39,
            "소득수준":56.95,
            "일자리총점":29.958,
            "가치 총점":25.0815,
            "매매실거래년":20210705.0,
            "매매실거래가":11500.0,
            "전세실거래년":20210216.0,
            "전세실거래가":6000.0,
            "전세가율":64.17,
            "장기전세가율평균":73.59,
            "전세가율거품지수":9.42,
            "검색코드":4085,
            "세대수":99.0,
            "준공년월":"1992-10-27",
            "준공년차":31.0,
            "가까운역이름":"NA",
            "가까운역거리":"NA",
            "역세권여부":"NA",
            "30분이내주요거점역":"NA",
            "30분거점역이름":"NA",
            "1시간이내주요거점역":"NA",
            "1시간거점역이름":"NA",
            "3km이내백화점수":0,
            "5km이내아울렛몰수":0,
            "1km이내대형먀트수":1,
            "500m이내은행수":2,
            "500m이내병원수":18,
            "5km이내대형병원수":0,
            "500m이내공원수":1,
            "3km이내혐오시설수":0,
            "초등학교학업성취도":89.97,
            "중학교학업성취도":77.9,
            "용적률":0,
            "건폐율":0,
            "Y":35.91501,
            "X":128.82518,
            "rank":123.0,
            "area_info":"25평(85.27), 29평(99.09)",
            "last_sales":"2021-07-05,11500.0,29평(99.09)",
            "rank_history":[
                [
                    "202203",
                    123
                ],
                [
                    "202202",
                    9999
                ]
            ],
            "rank_gap":9999
        },
        {
            "index":452,
            "아파트명":"삼우궁전",
            "투자타입":"재건축",
            "전용면적(m2)":"79.88",
            "전용면적(평)":"24평",
            "법정동주소":"경상북도 경산시 하양읍 동서리 747",
            "도로명주소":"경상북도 경산시 대경로159길 12",
            "세대수":0,
            "입주년차":"--",
            "용적률점수":0,
            "건폐율점수":0,
            "세대당주차수":"--",
            "난방방식":"--",
            "공급면적":50,
            "전용률":60,
            "욕실수":"--",
            "현관타입":"--",
            "주거총점":5.5,
            "지역구공급총점":0.0,
            "역세권":"NA",
            "30분내 이동가능 거점":"NA",
            "1시간내 이동가능 거점":"NA",
            "교통총점":"NA",
            "백화점":0,
            "아울렛몰":0,
            "대형마트":80,
            "은행":20,
            "병원":60,
            "종합병원":0,
            "공원":80,
            "혐오시설":0,
            "인프라총점":22.4,
            "초등학군":89.97,
            "중학군":46.74,
            "학군총점":55.386,
            "인구수":28.79,
            "인구증감":13.06,
            "인구총점":24.071,
            "일자리":18.39,
            "소득수준":56.95,
            "일자리총점":29.958,
            "가치 총점":24.7315,
            "매매실거래년":20210928.0,
            "매매실거래가":10800.0,
            "전세실거래년":20190426.0,
            "전세실거래가":6000.0,
            "전세가율":70.59,
            "장기전세가율평균":73.59,
            "전세가율거품지수":3.0,
            "검색코드":16998,
            "세대수":163.0,
            "준공년월":"1992-08-10",
            "준공년차":31.0,
            "가까운역이름":"NA",
            "가까운역거리":"NA",
            "역세권여부":"NA",
            "30분이내주요거점역":"NA",
            "30분거점역이름":"NA",
            "1시간이내주요거점역":"NA",
            "1시간거점역이름":"NA",
            "3km이내백화점수":0,
            "5km이내아울렛몰수":0,
            "1km이내대형먀트수":1,
            "500m이내은행수":2,
            "500m이내병원수":18,
            "5km이내대형병원수":0,
            "500m이내공원수":1,
            "3km이내혐오시설수":0,
            "초등학교학업성취도":89.97,
            "중학교학업성취도":77.9,
            "용적률":0,
            "건폐율":0,
            "Y":35.91592,
            "X":128.82474,
            "rank":124.0,
            "area_info":"24평(79.88), 30평(99.63)",
            "last_sales":"2021-09-28,10800.0,30평(99.63)",
            "rank_history":[
                [
                    "202203",
                    124
                ],
                [
                    "202202",
                    112
                ],
                [
                    "202201",
                    109
                ]
            ],
            "rank_gap":-12
        },
        {
            "index":13,
            "아파트명":"초원맘모스",
            "투자타입":"재건축",
            "전용면적(m2)":"51.15",
            "전용면적(평)":"15평",
            "법정동주소":"경상북도 경산시 계양동 672-1",
            "도로명주소":"경상북도 경산시 원효로22길 22",
            "세대수":0,
            "입주년차":"--",
            "용적률점수":0,
            "건폐율점수":0,
            "세대당주차수":"--",
            "난방방식":"--",
            "공급면적":50,
            "전용률":80,
            "욕실수":"--",
            "현관타입":"--",
            "주거총점":6.5,
            "지역구공급총점":0.0,
            "역세권":"NA",
            "30분내 이동가능 거점":"NA",
            "1시간내 이동가능 거점":"NA",
            "교통총점":"NA",
            "백화점":0,
            "아울렛몰":0,
            "대형마트":0,
            "은행":0,
            "병원":0,
            "종합병원":100,
            "공원":100,
            "혐오시설":0,
            "인프라총점":23.0,
            "초등학군":89.99,
            "중학군":42.18,
            "학군총점":51.742,
            "인구수":28.79,
            "인구증감":13.06,
            "인구총점":24.071,
            "일자리":18.39,
            "소득수준":56.95,
            "일자리총점":29.958,
            "가치 총점":24.4105,
            "매매실거래년":20220219.0,
            "매매실거래가":4950.0,
            "전세실거래년":20211101.0,
            "전세실거래가":3500.0,
            "전세가율":70.71,
            "장기전세가율평균":73.59,
            "전세가율거품지수":2.88,
            "검색코드":4023,
            "세대수":262.0,
            "준공년월":"1990-09-18",
            "준공년차":33.0,
            "가까운역이름":"NA",
            "가까운역거리":"NA",
            "역세권여부":"NA",
            "30분이내주요거점역":"NA",
            "30분거점역이름":"NA",
            "1시간이내주요거점역":"NA",
            "1시간거점역이름":"NA",
            "3km이내백화점수":0,
            "5km이내아울렛몰수":0,
            "1km이내대형먀트수":0,
            "500m이내은행수":0,
            "500m이내병원수":1,
            "5km이내대형병원수":2,
            "500m이내공원수":3,
            "3km이내혐오시설수":0,
            "초등학교학업성취도":89.99,
            "중학교학업성취도":69.7,
            "용적률":0,
            "건폐율":0,
            "Y":35.82128,
            "X":128.7487,
            "rank":125.0,
            "area_info":"15평(51.15), 18평(61.51), 19평(63.82)",
            "last_sales":"2022-02-19,4950.0,15평(51.15)",
            "rank_history":[
                [
                    "202203",
                    125
                ],
                [
                    "202202",
                    113
                ],
                [
                    "202201",
                    110
                ]
            ],
            "rank_gap":-12
        },
        {
            "index":387,
            "아파트명":"경산삼주봉황타운2차",
            "투자타입":"일반",
            "전용면적(m2)":"81.0",
            "전용면적(평)":"24평",
            "법정동주소":"경상북도 경산시 진량읍 봉회리 81-4",
            "도로명주소":"경상북도 경산시 봉황길 36",
            "세대수":50,
            "입주년차":0,
            "용적률점수":"--",
            "건폐율점수":"--",
            "세대당주차수":0,
            "난방방식":30,
            "공급면적":"--",
            "전용률":"--",
            "욕실수":50,
            "현관타입":10,
            "주거총점":26.5,
            "지역구공급총점":0.0,
            "역세권":"NA",
            "30분내 이동가능 거점":"NA",
            "1시간내 이동가능 거점":"NA",
            "교통총점":"NA",
            "백화점":0,
            "아울렛몰":0,
            "대형마트":0,
            "은행":0,
            "병원":30,
            "종합병원":0,
            "공원":0,
            "혐오시설":0,
            "인프라총점":3.0,
            "초등학군":89.99,
            "중학군":45.18,
            "학군총점":54.142,
            "인구수":28.79,
            "인구증감":13.06,
            "인구총점":24.071,
            "일자리":18.39,
            "소득수준":56.95,
            "일자리총점":29.958,
            "가치 총점":24.0105,
            "매매실거래년":20220110.0,
            "매매실거래가":9000.0,
            "전세실거래년":20220129.0,
            "전세실거래가":6500.0,
            "전세가율":72.22,
            "장기전세가율평균":73.59,
            "전세가율거품지수":1.37,
            "검색코드":16985,
            "세대수":495.0,
            "준공년월":"1996-12-09",
            "준공년차":27.0,
            "가까운역이름":"NA",
            "가까운역거리":"NA",
            "역세권여부":"NA",
            "30분이내주요거점역":"NA",
            "30분거점역이름":"NA",
            "1시간이내주요거점역":"NA",
            "1시간거점역이름":"NA",
            "3km이내백화점수":0,
            "5km이내아울렛몰수":0,
            "1km이내대형먀트수":0,
            "500m이내은행수":0,
            "500m이내병원수":7,
            "5km이내대형병원수":0,
            "500m이내공원수":0,
            "3km이내혐오시설수":0,
            "초등학교학업성취도":89.99,
            "중학교학업성취도":75.3,
            "용적률":249,
            "건폐율":15,
            "Y":35.883929,
            "X":128.822747,
            "rank":126.0,
            "area_info":"24평(81.0), 24평(81.0)",
            "last_sales":"2022-01-10,9000.0,24평(81.0)",
            "rank_history":[
                [
                    "202203",
                    126
                ],
                [
                    "202202",
                    114
                ],
                [
                    "202201",
                    111
                ]
            ],
            "rank_gap":-12
        },
        {
            "index":402,
            "아파트명":"선화청구타운",
            "투자타입":"일반",
            "전용면적(m2)":"78.22",
            "전용면적(평)":"23평",
            "법정동주소":"경상북도 경산시 진량읍 선화리 731",
            "도로명주소":"경상북도 경산시 영청길 22",
            "세대수":50,
            "입주년차":0,
            "용적률점수":"--",
            "건폐율점수":"--",
            "세대당주차수":0,
            "난방방식":30,
            "공급면적":"--",
            "전용률":"--",
            "욕실수":50,
            "현관타입":10,
            "주거총점":26.5,
            "지역구공급총점":0.0,
            "역세권":"NA",
            "30분내 이동가능 거점":"NA",
            "1시간내 이동가능 거점":"NA",
            "교통총점":"NA",
            "백화점":0,
            "아울렛몰":0,
            "대형마트":0,
            "은행":0,
            "병원":0,
            "종합병원":0,
            "공원":100,
            "혐오시설":0,
            "인프라총점":3.0,
            "초등학군":89.99,
            "중학군":43.14,
            "학군총점":52.51,
            "인구수":28.79,
            "인구증감":13.06,
            "인구총점":24.071,
            "일자리":18.39,
            "소득수준":56.95,
            "일자리총점":29.958,
            "가치 총점":23.6025,
            "매매실거래년":20220116.0,
            "매매실거래가":17200.0,
            "전세실거래년":null,
            "전세실거래가":null,
            "전세가율":null,
            "장기전세가율평균":73.59,
            "전세가율거품지수":null,
            "검색코드":16986,
            "세대수":513.0,
            "준공년월":"1997-12-01",
            "준공년차":26.0,
            "가까운역이름":"NA",
            "가까운역거리":"NA",
            "역세권여부":"NA",
            "30분이내주요거점역":"NA",
            "30분거점역이름":"NA",
            "1시간이내주요거점역":"NA",
            "1시간거점역이름":"NA",
            "3km이내백화점수":0,
            "5km이내아울렛몰수":0,
            "1km이내대형먀트수":0,
            "500m이내은행수":0,
            "500m이내병원수":0,
            "5km이내대형병원수":0,
            "500m이내공원수":2,
            "3km이내혐오시설수":0,
            "초등학교학업성취도":89.99,
            "중학교학업성취도":71.9,
            "용적률":253,
            "건폐율":21,
            "Y":35.874133,
            "X":128.801206,
            "rank":127.0,
            "area_info":"23평(78.22), 24평(81.73), 25평(83.85), 25평(84.57), 27평(91.21), 30평(100.89), 30평(101.02)",
            "last_sales":"2022-01-16,17200.0,30평(100.89)",
            "rank_history":[
                [
                    "202203",
                    127
                ],
                [
                    "202202",
                    115
                ],
                [
                    "202201",
                    112
                ]
            ],
            "rank_gap":-12
        },
        {
            "index":469,
            "아파트명":"하나맨션1차",
            "투자타입":"재건축",
            "전용면적(m2)":"100.67",
            "전용면적(평)":"30평",
            "법정동주소":"경상북도 경산시 하양읍 금락리 116-58",
            "도로명주소":"경상북도 경산시 대경로 683-7",
            "세대수":0,
            "입주년차":"--",
            "용적률점수":0,
            "건폐율점수":0,
            "세대당주차수":"--",
            "난방방식":"--",
            "공급면적":90,
            "전용률":60,
            "욕실수":"--",
            "현관타입":"--",
            "주거총점":7.5,
            "지역구공급총점":0.0,
            "역세권":"NA",
            "30분내 이동가능 거점":"NA",
            "1시간내 이동가능 거점":"NA",
            "교통총점":"NA",
            "백화점":0,
            "아울렛몰":0,
            "대형마트":80,
            "은행":0,
            "병원":10,
            "종합병원":0,
            "공원":100,
            "혐오시설":0,
            "인프라총점":16.0,
            "초등학군":90.01,
            "중학군":46.74,
            "학군총점":55.394,
            "인구수":28.79,
            "인구증감":13.06,
            "인구총점":24.071,
            "일자리":18.39,
            "소득수준":56.95,
            "일자리총점":29.958,
            "가치 총점":22.8735,
            "매매실거래년":20220219.0,
            "매매실거래가":13500.0,
            "전세실거래년":20211116.0,
            "전세실거래가":13000.0,
            "전세가율":96.3,
            "장기전세가율평균":73.59,
            "전세가율거품지수":-22.71,
            "검색코드":4084,
            "세대수":238.0,
            "준공년월":"1992-06-03",
            "준공년차":31.0,
            "가까운역이름":"NA",
            "가까운역거리":"NA",
            "역세권여부":"NA",
            "30분이내주요거점역":"NA",
            "30분거점역이름":"NA",
            "1시간이내주요거점역":"NA",
            "1시간거점역이름":"NA",
            "3km이내백화점수":0,
            "5km이내아울렛몰수":0,
            "1km이내대형먀트수":1,
            "500m이내은행수":0,
            "500m이내병원수":4,
            "5km이내대형병원수":0,
            "500m이내공원수":3,
            "3km이내혐오시설수":0,
            "초등학교학업성취도":90.01,
            "중학교학업성취도":77.9,
            "용적률":0,
            "건폐율":0,
            "Y":35.909119,
            "X":128.814887,
            "rank":128.0,
            "area_info":"30평(100.67), 32평(106.45)",
            "last_sales":"2022-02-19,13500.0,30평(100.67)",
            "rank_history":[
                [
                    "202203",
                    128
                ],
                [
                    "202202",
                    116
                ],
                [
                    "202201",
                    113
                ]
            ],
            "rank_gap":-12
        },
        {
            "index":479,
            "아파트명":"하양우방타운2차",
            "투자타입":"재건축",
            "전용면적(m2)":"100.06",
            "전용면적(평)":"30평",
            "법정동주소":"경상북도 경산시 하양읍 금락리 130-5",
            "도로명주소":"경상북도 경산시 하양로 29",
            "세대수":0,
            "입주년차":"--",
            "용적률점수":0,
            "건폐율점수":0,
            "세대당주차수":"--",
            "난방방식":"--",
            "공급면적":90,
            "전용률":80,
            "욕실수":"--",
            "현관타입":"--",
            "주거총점":8.5,
            "지역구공급총점":0.0,
            "역세권":"NA",
            "30분내 이동가능 거점":"NA",
            "1시간내 이동가능 거점":"NA",
            "교통총점":"NA",
            "백화점":0,
            "아울렛몰":0,
            "대형마트":80,
            "은행":0,
            "병원":0,
            "종합병원":0,
            "공원":100,
            "혐오시설":0,
            "인프라총점":15.0,
            "초등학군":90.01,
            "중학군":46.74,
            "학군총점":55.394,
            "인구수":28.79,
            "인구증감":13.06,
            "인구총점":24.071,
            "일자리":18.39,
            "소득수준":56.95,
            "일자리총점":29.958,
            "가치 총점":22.8235,
            "매매실거래년":20210811.0,
            "매매실거래가":17800.0,
            "전세실거래년":20210828.0,
            "전세실거래가":13000.0,
            "전세가율":73.03,
            "장기전세가율평균":73.59,
            "전세가율거품지수":0.56,
            "검색코드":4078,
            "세대수":200.0,
            "준공년월":"1989-11-10",
            "준공년차":34.0,
            "가까운역이름":"NA",
            "가까운역거리":"NA",
            "역세권여부":"NA",
            "30분이내주요거점역":"NA",
            "30분거점역이름":"NA",
            "1시간이내주요거점역":"NA",
            "1시간거점역이름":"NA",
            "3km이내백화점수":0,
            "5km이내아울렛몰수":0,
            "1km이내대형먀트수":1,
            "500m이내은행수":0,
            "500m이내병원수":1,
            "5km이내대형병원수":0,
            "500m이내공원수":2,
            "3km이내혐오시설수":0,
            "초등학교학업성취도":90.01,
            "중학교학업성취도":77.9,
            "용적률":0,
            "건폐율":0,
            "Y":35.909209,
            "X":128.812273,
            "rank":129.0,
            "area_info":"30평(100.06), 41평(137.24)",
            "last_sales":"2021-08-11,17800.0,30평(100.06)",
            "rank_history":[
                [
                    "202203",
                    129
                ],
                [
                    "202202",
                    117
                ],
                [
                    "202201",
                    114
                ]
            ],
            "rank_gap":-12
        },
        {
            "index":139,
            "아파트명":"경산윤성3차",
            "투자타입":"일반",
            "전용면적(m2)":"83.3",
            "전용면적(평)":"25평",
            "법정동주소":"경상북도 경산시 압량읍 인안리 47",
            "도로명주소":"경상북도 경산시 연지길 152",
            "세대수":50,
            "입주년차":0,
            "용적률점수":"--",
            "건폐율점수":"--",
            "세대당주차수":0,
            "난방방식":30,
            "공급면적":"--",
            "전용률":"--",
            "욕실수":50,
            "현관타입":10,
            "주거총점":26.5,
            "지역구공급총점":0.0,
            "역세권":"NA",
            "30분내 이동가능 거점":"NA",
            "1시간내 이동가능 거점":"NA",
            "교통총점":"NA",
            "백화점":0,
            "아울렛몰":0,
            "대형마트":0,
            "은행":0,
            "병원":0,
            "종합병원":0,
            "공원":0,
            "혐오시설":0,
            "인프라총점":0.0,
            "초등학군":89.97,
            "중학군":43.14,
            "학군총점":52.506,
            "인구수":28.79,
            "인구증감":13.06,
            "인구총점":24.071,
            "일자리":18.39,
            "소득수준":56.95,
            "일자리총점":29.958,
            "가치 총점":22.4015,
            "매매실거래년":20220215.0,
            "매매실거래가":5700.0,
            "전세실거래년":20220102.0,
            "전세실거래가":5700.0,
            "전세가율":100.0,
            "장기전세가율평균":73.59,
            "전세가율거품지수":-26.41,
            "검색코드":13533,
            "세대수":453.0,
            "준공년월":"1996-10-02",
            "준공년차":27.0,
            "가까운역이름":"NA",
            "가까운역거리":"NA",
            "역세권여부":"NA",
            "30분이내주요거점역":"NA",
            "30분거점역이름":"NA",
            "1시간이내주요거점역":"NA",
            "1시간거점역이름":"NA",
            "3km이내백화점수":0,
            "5km이내아울렛몰수":0,
            "1km이내대형먀트수":0,
            "500m이내은행수":0,
            "500m이내병원수":1,
            "5km이내대형병원수":0,
            "500m이내공원수":0,
            "3km이내혐오시설수":0,
            "초등학교학업성취도":89.97,
            "중학교학업성취도":71.9,
            "용적률":247,
            "건폐율":18,
            "Y":35.865558,
            "X":128.789416,
            "rank":130.0,
            "area_info":"25평(83.3)",
            "last_sales":"2022-02-15,5700.0,25평(83.3)",
            "rank_history":[
                [
                    "202203",
                    130
                ],
                [
                    "202202",
                    118
                ],
                [
                    "202201",
                    115
                ]
            ],
            "rank_gap":-12
        },
        {
            "index":133,
            "아파트명":"경산은하맨션",
            "투자타입":"일반",
            "전용면적(m2)":"74.21",
            "전용면적(평)":"22평",
            "법정동주소":"경상북도 경산시 신교동 60-2",
            "도로명주소":"경상북도 경산시 경안로 74",
            "세대수":0,
            "입주년차":0,
            "용적률점수":"--",
            "건폐율점수":"--",
            "세대당주차수":0,
            "난방방식":30,
            "공급면적":"--",
            "전용률":"--",
            "욕실수":50,
            "현관타입":10,
            "주거총점":9.0,
            "지역구공급총점":0.0,
            "역세권":"NA",
            "30분내 이동가능 거점":"NA",
            "1시간내 이동가능 거점":"NA",
            "교통총점":"NA",
            "백화점":0,
            "아울렛몰":0,
            "대형마트":0,
            "은행":0,
            "병원":0,
            "종합병원":100,
            "공원":100,
            "혐오시설":0,
            "인프라총점":23.0,
            "초등학군":90.01,
            "중학군":15.24,
            "학군총점":30.194,
            "인구수":28.79,
            "인구증감":13.06,
            "인구총점":24.071,
            "일자리":18.39,
            "소득수준":56.95,
            "일자리총점":29.958,
            "가치 총점":19.8985,
            "매매실거래년":20220209.0,
            "매매실거래가":12350.0,
            "전세실거래년":20190503.0,
            "전세실거래가":6000.0,
            "전세가율":68.18,
            "장기전세가율평균":73.59,
            "전세가율거품지수":5.41,
            "검색코드":11162,
            "세대수":118.0,
            "준공년월":"1996-03-07",
            "준공년차":27.0,
            "가까운역이름":"NA",
            "가까운역거리":"NA",
            "역세권여부":"NA",
            "30분이내주요거점역":"NA",
            "30분거점역이름":"NA",
            "1시간이내주요거점역":"NA",
            "1시간거점역이름":"NA",
            "3km이내백화점수":0,
            "5km이내아울렛몰수":0,
            "1km이내대형먀트수":0,
            "500m이내은행수":0,
            "500m이내병원수":0,
            "5km이내대형병원수":2,
            "500m이내공원수":2,
            "3km이내혐오시설수":0,
            "초등학교학업성취도":90.01,
            "중학교학업성취도":25.4,
            "용적률":308,
            "건폐율":17,
            "Y":35.81416,
            "X":128.73931,
            "rank":131.0,
            "area_info":"22평(74.21), 31평(105.67)",
            "last_sales":"2022-02-09,12350.0,31평(105.67)",
            "rank_history":[
                [
                    "202203",
                    131
                ],
                [
                    "202202",
                    119
                ],
                [
                    "202201",
                    116
                ]
            ],
            "rank_gap":-12
        },
        {
            "index":132,
            "아파트명":"동남",
            "투자타입":"재건축",
            "전용면적(m2)":"77.89",
            "전용면적(평)":"23평",
            "법정동주소":"경상북도 경산시 서상동 131-7",
            "도로명주소":"경상북도 경산시 서상길 23",
            "세대수":0,
            "입주년차":"--",
            "용적률점수":0,
            "건폐율점수":0,
            "세대당주차수":"--",
            "난방방식":"--",
            "공급면적":50,
            "전용률":60,
            "욕실수":"--",
            "현관타입":"--",
            "주거총점":5.5,
            "지역구공급총점":0.0,
            "역세권":"NA",
            "30분내 이동가능 거점":"NA",
            "1시간내 이동가능 거점":"NA",
            "교통총점":"NA",
            "백화점":0,
            "아울렛몰":0,
            "대형마트":0,
            "은행":0,
            "병원":30,
            "종합병원":100,
            "공원":80,
            "혐오시설":0,
            "인프라총점":25.4,
            "초등학군":90.01,
            "중학군":15.24,
            "학군총점":30.194,
            "인구수":28.79,
            "인구증감":13.06,
            "인구총점":24.071,
            "일자리":18.39,
            "소득수준":56.95,
            "일자리총점":29.958,
            "가치 총점":19.6335,
            "매매실거래년":20211207.0,
            "매매실거래가":4900.0,
            "전세실거래년":20210623.0,
            "전세실거래가":6000.0,
            "전세가율":122.45,
            "장기전세가율평균":73.59,
            "전세가율거품지수":-48.86,
            "검색코드":104130,
            "세대수":106.0,
            "준공년월":"1990-09-22",
            "준공년차":33.0,
            "가까운역이름":"NA",
            "가까운역거리":"NA",
            "역세권여부":"NA",
            "30분이내주요거점역":"NA",
            "30분거점역이름":"NA",
            "1시간이내주요거점역":"NA",
            "1시간거점역이름":"NA",
            "3km이내백화점수":0,
            "5km이내아울렛몰수":0,
            "1km이내대형먀트수":0,
            "500m이내은행수":0,
            "500m이내병원수":7,
            "5km이내대형병원수":2,
            "500m이내공원수":1,
            "3km이내혐오시설수":0,
            "초등학교학업성취도":90.01,
            "중학교학업성취도":25.4,
            "용적률":0,
            "건폐율":0,
            "Y":35.8146,
            "X":128.736592,
            "rank":132.0,
            "area_info":"23평(77.89)",
            "last_sales":"2021-12-07,4900.0,23평(77.89)",
            "rank_history":[
                [
                    "202203",
                    132
                ],
                [
                    "202202",
                    120
                ],
                [
                    "202201",
                    117
                ]
            ],
            "rank_gap":-12
        },
        {
            "index":237,
            "아파트명":"화신청림맨션",
            "투자타입":"재건축",
            "전용면적(m2)":"64.97",
            "전용면적(평)":"19평",
            "법정동주소":"경상북도 경산시 자인면 북사리 152",
            "도로명주소":"경상북도 경산시 북사로 20",
            "세대수":0,
            "입주년차":"--",
            "용적률점수":0,
            "건폐율점수":0,
            "세대당주차수":"--",
            "난방방식":"--",
            "공급면적":50,
            "전용률":100,
            "욕실수":"--",
            "현관타입":"--",
            "주거총점":7.5,
            "지역구공급총점":0.0,
            "역세권":"NA",
            "30분내 이동가능 거점":"NA",
            "1시간내 이동가능 거점":"NA",
            "교통총점":"NA",
            "백화점":0,
            "아울렛몰":0,
            "대형마트":0,
            "은행":0,
            "병원":10,
            "종합병원":0,
            "공원":80,
            "혐오시설":0,
            "인프라총점":3.4,
            "초등학군":89.98,
            "중학군":48.54,
            "학군총점":56.828,
            "인구수":28.79,
            "인구증감":13.06,
            "인구총점":24.071,
            "일자리":18.39,
            "소득수준":56.95,
            "일자리총점":29.958,
            "가치 총점":18.192,
            "매매실거래년":20210820.0,
            "매매실거래가":5700.0,
            "전세실거래년":null,
            "전세실거래가":null,
            "전세가율":null,
            "장기전세가율평균":73.59,
            "전세가율거품지수":null,
            "검색코드":112752,
            "세대수":70.0,
            "준공년월":"1992-08-20",
            "준공년차":31.0,
            "가까운역이름":"NA",
            "가까운역거리":"NA",
            "역세권여부":"NA",
            "30분이내주요거점역":"NA",
            "30분거점역이름":"NA",
            "1시간이내주요거점역":"NA",
            "1시간거점역이름":"NA",
            "3km이내백화점수":0,
            "5km이내아울렛몰수":0,
            "1km이내대형먀트수":0,
            "500m이내은행수":0,
            "500m이내병원수":3,
            "5km이내대형병원수":0,
            "500m이내공원수":1,
            "3km이내혐오시설수":0,
            "초등학교학업성취도":89.98,
            "중학교학업성취도":80.9,
            "용적률":0,
            "건폐율":0,
            "Y":35.822183,
            "X":128.823669,
            "rank":133.0,
            "area_info":"19평(64.97), 20평(66.63), 20평(66.68), 26평(87.54), 27평(89.55), 27평(91.66), 27평(91.08), 27평(91.3), 27평(91.68), 29평(96.83)",
            "last_sales":"2021-08-20,5700.0,19평(64.97)",
            "rank_history":[
                [
                    "202203",
                    133
                ],
                [
                    "202202",
                    9999
                ]
            ],
            "rank_gap":9999
        },
        {
            "index":389,
            "아파트명":"경산삼주봉황타운3차",
            "투자타입":"일반",
            "전용면적(m2)":"82.61",
            "전용면적(평)":"24평",
            "법정동주소":"경상북도 경산시 진량읍 봉회리 62-16",
            "도로명주소":"경상북도 경산시 봉황길 21",
            "세대수":0,
            "입주년차":0,
            "용적률점수":"--",
            "건폐율점수":"--",
            "세대당주차수":0,
            "난방방식":30,
            "공급면적":"--",
            "전용률":"--",
            "욕실수":50,
            "현관타입":10,
            "주거총점":9.0,
            "지역구공급총점":0.0,
            "역세권":"NA",
            "30분내 이동가능 거점":"NA",
            "1시간내 이동가능 거점":"NA",
            "교통총점":"NA",
            "백화점":0,
            "아울렛몰":0,
            "대형마트":0,
            "은행":0,
            "병원":30,
            "종합병원":0,
            "공원":0,
            "혐오시설":0,
            "인프라총점":3.0,
            "초등학군":89.99,
            "중학군":45.18,
            "학군총점":54.142,
            "인구수":28.79,
            "인구증감":13.06,
            "인구총점":24.071,
            "일자리":18.39,
            "소득수준":56.95,
            "일자리총점":29.958,
            "가치 총점":17.8855,
            "매매실거래년":20220208.0,
            "매매실거래가":8500.0,
            "전세실거래년":20220117.0,
            "전세실거래가":6500.0,
            "전세가율":76.47,
            "장기전세가율평균":73.59,
            "전세가율거품지수":-2.88,
            "검색코드":4071,
            "세대수":285.0,
            "준공년월":"1997-12-17",
            "준공년차":26.0,
            "가까운역이름":"NA",
            "가까운역거리":"NA",
            "역세권여부":"NA",
            "30분이내주요거점역":"NA",
            "30분거점역이름":"NA",
            "1시간이내주요거점역":"NA",
            "1시간거점역이름":"NA",
            "3km이내백화점수":0,
            "5km이내아울렛몰수":0,
            "1km이내대형먀트수":0,
            "500m이내은행수":0,
            "500m이내병원수":7,
            "5km이내대형병원수":0,
            "500m이내공원수":0,
            "3km이내혐오시설수":0,
            "초등학교학업성취도":89.99,
            "중학교학업성취도":75.3,
            "용적률":192,
            "건폐율":18,
            "Y":35.885166,
            "X":128.819769,
            "rank":134.0,
            "area_info":"24평(82.61)",
            "last_sales":"2022-02-08,8500.0,24평(82.61)",
            "rank_history":[
                [
                    "202203",
                    134
                ],
                [
                    "202202",
                    121
                ],
                [
                    "202201",
                    118
                ]
            ],
            "rank_gap":-13
        },
        {
            "index":416,
            "아파트명":"진량영호맨션",
            "투자타입":"일반",
            "전용면적(m2)":"103.13",
            "전용면적(평)":"31평",
            "법정동주소":"경상북도 경산시 진량읍 선화리 720-2",
            "도로명주소":"경상북도 경산시 영청길 10",
            "세대수":0,
            "입주년차":0,
            "용적률점수":"--",
            "건폐율점수":"--",
            "세대당주차수":0,
            "난방방식":30,
            "공급면적":"--",
            "전용률":"--",
            "욕실수":50,
            "현관타입":10,
            "주거총점":9.0,
            "지역구공급총점":0.0,
            "역세권":"NA",
            "30분내 이동가능 거점":"NA",
            "1시간내 이동가능 거점":"NA",
            "교통총점":"NA",
            "백화점":0,
            "아울렛몰":0,
            "대형마트":0,
            "은행":0,
            "병원":0,
            "종합병원":0,
            "공원":100,
            "혐오시설":0,
            "인프라총점":3.0,
            "초등학군":89.99,
            "중학군":43.14,
            "학군총점":52.51,
            "인구수":28.79,
            "인구증감":13.06,
            "인구총점":24.071,
            "일자리":18.39,
            "소득수준":56.95,
            "일자리총점":29.958,
            "가치 총점":17.4775,
            "매매실거래년":20220101.0,
            "매매실거래가":8950.0,
            "전세실거래년":20210529.0,
            "전세실거래가":5000.0,
            "전세가율":88.5,
            "장기전세가율평균":73.59,
            "전세가율거품지수":-14.91,
            "검색코드":16987,
            "세대수":186.0,
            "준공년월":"1993-02-26",
            "준공년차":30.0,
            "가까운역이름":"NA",
            "가까운역거리":"NA",
            "역세권여부":"NA",
            "30분이내주요거점역":"NA",
            "30분거점역이름":"NA",
            "1시간이내주요거점역":"NA",
            "1시간거점역이름":"NA",
            "3km이내백화점수":0,
            "5km이내아울렛몰수":0,
            "1km이내대형먀트수":0,
            "500m이내은행수":0,
            "500m이내병원수":0,
            "5km이내대형병원수":0,
            "500m이내공원수":2,
            "3km이내혐오시설수":0,
            "초등학교학업성취도":89.99,
            "중학교학업성취도":71.9,
            "용적률":307,
            "건폐율":27,
            "Y":35.87372,
            "X":128.79975,
            "rank":135.0,
            "area_info":"31평(103.13), 35평(117.26)",
            "last_sales":"2022-01-01,8950.0,35평(117.26)",
            "rank_history":[
                [
                    "202203",
                    135
                ],
                [
                    "202202",
                    122
                ],
                [
                    "202201",
                    119
                ]
            ],
            "rank_gap":-13
        },
        {
            "index":414,
            "아파트명":"진량에덴타운",
            "투자타입":"재건축",
            "전용면적(m2)":"78.0",
            "전용면적(평)":"23평",
            "법정동주소":"경상북도 경산시 진량읍 부기리 126-6",
            "도로명주소":"경상북도 경산시 문천길 23",
            "세대수":0,
            "입주년차":"--",
            "용적률점수":0,
            "건폐율점수":0,
            "세대당주차수":"--",
            "난방방식":"--",
            "공급면적":50,
            "전용률":60,
            "욕실수":"--",
            "현관타입":"--",
            "주거총점":5.5,
            "지역구공급총점":0.0,
            "역세권":"NA",
            "30분내 이동가능 거점":"NA",
            "1시간내 이동가능 거점":"NA",
            "교통총점":"NA",
            "백화점":0,
            "아울렛몰":0,
            "대형마트":0,
            "은행":0,
            "병원":0,
            "종합병원":0,
            "공원":0,
            "혐오시설":0,
            "인프라총점":0.0,
            "초등학군":89.97,
            "중학군":46.74,
            "학군총점":55.386,
            "인구수":28.79,
            "인구증감":13.06,
            "인구총점":24.071,
            "일자리":18.39,
            "소득수준":56.95,
            "일자리총점":29.958,
            "가치 총점":15.7715,
            "매매실거래년":20211129.0,
            "매매실거래가":8500.0,
            "전세실거래년":20210818.0,
            "전세실거래가":6500.0,
            "전세가율":100.0,
            "장기전세가율평균":73.59,
            "전세가율거품지수":-26.41,
            "검색코드":16989,
            "세대수":184.0,
            "준공년월":"1992-11-24",
            "준공년차":31.0,
            "가까운역이름":"NA",
            "가까운역거리":"NA",
            "역세권여부":"NA",
            "30분이내주요거점역":"NA",
            "30분거점역이름":"NA",
            "1시간이내주요거점역":"NA",
            "1시간거점역이름":"NA",
            "3km이내백화점수":0,
            "5km이내아울렛몰수":0,
            "1km이내대형먀트수":0,
            "500m이내은행수":0,
            "500m이내병원수":0,
            "5km이내대형병원수":0,
            "500m이내공원수":0,
            "3km이내혐오시설수":0,
            "초등학교학업성취도":89.97,
            "중학교학업성취도":77.9,
            "용적률":0,
            "건폐율":0,
            "Y":35.89837,
            "X":128.82638,
            "rank":136.0,
            "area_info":"23평(78.0), 31평(105.45)",
            "last_sales":"2021-11-29,8500.0,31평(105.45)",
            "rank_history":[
                [
                    "202203",
                    136
                ],
                [
                    "202202",
                    123
                ],
                [
                    "202201",
                    120
                ]
            ],
            "rank_gap":-13
        }
    ]
}