{
    "schema":{
        "fields":[
            {
                "name":"index",
                "type":"integer"
            },
            {
                "name":"아파트명",
                "type":"string"
            },
            {
                "name":"투자타입",
                "type":"string"
            },
            {
                "name":"전용면적(m2)",
                "type":"string"
            },
            {
                "name":"전용면적(평)",
                "type":"string"
            },
            {
                "name":"법정동주소",
                "type":"string"
            },
            {
                "name":"도로명주소",
                "type":"string"
            },
            {
                "name":"세대수",
                "type":"integer"
            },
            {
                "name":"입주년차",
                "type":"string"
            },
            {
                "name":"용적률점수",
                "type":"string"
            },
            {
                "name":"건폐율점수",
                "type":"string"
            },
            {
                "name":"세대당주차수",
                "type":"string"
            },
            {
                "name":"난방방식",
                "type":"string"
            },
            {
                "name":"공급면적",
                "type":"string"
            },
            {
                "name":"전용률",
                "type":"string"
            },
            {
                "name":"욕실수",
                "type":"string"
            },
            {
                "name":"현관타입",
                "type":"string"
            },
            {
                "name":"주거총점",
                "type":"number"
            },
            {
                "name":"지역구공급총점",
                "type":"number"
            },
            {
                "name":"역세권",
                "type":"string"
            },
            {
                "name":"30분내 이동가능 거점",
                "type":"string"
            },
            {
                "name":"1시간내 이동가능 거점",
                "type":"string"
            },
            {
                "name":"교통총점",
                "type":"string"
            },
            {
                "name":"백화점",
                "type":"integer"
            },
            {
                "name":"아울렛몰",
                "type":"integer"
            },
            {
                "name":"대형마트",
                "type":"integer"
            },
            {
                "name":"은행",
                "type":"integer"
            },
            {
                "name":"병원",
                "type":"integer"
            },
            {
                "name":"종합병원",
                "type":"integer"
            },
            {
                "name":"공원",
                "type":"integer"
            },
            {
                "name":"혐오시설",
                "type":"integer"
            },
            {
                "name":"인프라총점",
                "type":"number"
            },
            {
                "name":"초등학군",
                "type":"number"
            },
            {
                "name":"중학군",
                "type":"number"
            },
            {
                "name":"학군총점",
                "type":"number"
            },
            {
                "name":"인구수",
                "type":"number"
            },
            {
                "name":"인구증감",
                "type":"number"
            },
            {
                "name":"인구총점",
                "type":"number"
            },
            {
                "name":"일자리",
                "type":"number"
            },
            {
                "name":"소득수준",
                "type":"number"
            },
            {
                "name":"일자리총점",
                "type":"number"
            },
            {
                "name":"가치 총점",
                "type":"number"
            },
            {
                "name":"매매실거래년",
                "type":"string"
            },
            {
                "name":"매매실거래가",
                "type":"number"
            },
            {
                "name":"전세실거래년",
                "type":"number"
            },
            {
                "name":"전세실거래가",
                "type":"number"
            },
            {
                "name":"전세가율",
                "type":"number"
            },
            {
                "name":"장기전세가율평균",
                "type":"number"
            },
            {
                "name":"전세가율거품지수",
                "type":"number"
            },
            {
                "name":"검색코드",
                "type":"integer"
            },
            {
                "name":"세대수",
                "type":"number"
            },
            {
                "name":"준공년월",
                "type":"string"
            },
            {
                "name":"준공년차",
                "type":"number"
            },
            {
                "name":"가까운역이름",
                "type":"string"
            },
            {
                "name":"가까운역거리",
                "type":"string"
            },
            {
                "name":"역세권여부",
                "type":"string"
            },
            {
                "name":"30분이내주요거점역",
                "type":"string"
            },
            {
                "name":"30분거점역이름",
                "type":"string"
            },
            {
                "name":"1시간이내주요거점역",
                "type":"string"
            },
            {
                "name":"1시간거점역이름",
                "type":"string"
            },
            {
                "name":"3km이내백화점수",
                "type":"integer"
            },
            {
                "name":"5km이내아울렛몰수",
                "type":"integer"
            },
            {
                "name":"1km이내대형먀트수",
                "type":"integer"
            },
            {
                "name":"500m이내은행수",
                "type":"integer"
            },
            {
                "name":"500m이내병원수",
                "type":"integer"
            },
            {
                "name":"5km이내대형병원수",
                "type":"integer"
            },
            {
                "name":"500m이내공원수",
                "type":"integer"
            },
            {
                "name":"3km이내혐오시설수",
                "type":"integer"
            },
            {
                "name":"초등학교학업성취도",
                "type":"number"
            },
            {
                "name":"중학교학업성취도",
                "type":"number"
            },
            {
                "name":"용적률",
                "type":"integer"
            },
            {
                "name":"건폐율",
                "type":"integer"
            },
            {
                "name":"Y",
                "type":"number"
            },
            {
                "name":"X",
                "type":"number"
            },
            {
                "name":"rank",
                "type":"number"
            },
            {
                "name":"area_info",
                "type":"string"
            },
            {
                "name":"last_sales",
                "type":"string"
            },
            {
                "name":"rank_history",
                "type":"string"
            },
            {
                "name":"rank_gap",
                "type":"integer"
            }
        ],
        "primaryKey":[
            "index"
        ],
        "pandas_version":"1.4.0"
    },
    "data":[
        {
            "index":301,
            "아파트명":"메트로시티2단지",
            "투자타입":"일반",
            "전용면적(m2)":"107.67",
            "전용면적(평)":"32평",
            "법정동주소":"경상남도 창원시 마산회원구 양덕동 84-14",
            "도로명주소":"경상남도 창원시 마산회원구 삼호로 80",
            "세대수":100,
            "입주년차":80,
            "용적률점수":"--",
            "건폐율점수":"--",
            "세대당주차수":60,
            "난방방식":100,
            "공급면적":"--",
            "전용률":"--",
            "욕실수":100,
            "현관타입":100,
            "주거총점":90.0,
            "지역구공급총점":0.0,
            "역세권":"NA",
            "30분내 이동가능 거점":"NA",
            "1시간내 이동가능 거점":"NA",
            "교통총점":"NA",
            "백화점":100,
            "아울렛몰":0,
            "대형마트":100,
            "은행":20,
            "병원":60,
            "종합병원":100,
            "공원":100,
            "혐오시설":0,
            "인프라총점":76.0,
            "초등학군":90.0,
            "중학군":51.8,
            "학군총점":59.44,
            "인구수":20.26,
            "인구증감":-18.69,
            "인구총점":8.575,
            "일자리":11.24,
            "소득수준":82.32,
            "일자리총점":32.564,
            "가치 총점":76.76,
            "매매실거래년":20220214.0,
            "매매실거래가":95000.0,
            "전세실거래년":20211209.0,
            "전세실거래가":45000.0,
            "전세가율":76.27,
            "장기전세가율평균":75.61,
            "전세가율거품지수":-0.66,
            "검색코드":105004,
            "세대수":1915.0,
            "준공년월":"2015-10-23",
            "준공년차":8.0,
            "가까운역이름":"NA",
            "가까운역거리":"NA",
            "역세권여부":"NA",
            "30분이내주요거점역":"NA",
            "30분거점역이름":"NA",
            "1시간이내주요거점역":"NA",
            "1시간거점역이름":"NA",
            "3km이내백화점수":2,
            "5km이내아울렛몰수":0,
            "1km이내대형먀트수":2,
            "500m이내은행수":2,
            "500m이내병원수":19,
            "5km이내대형병원수":4,
            "500m이내공원수":2,
            "3km이내혐오시설수":0,
            "초등학교학업성취도":90.0,
            "중학교학업성취도":85.2,
            "용적률":383,
            "건폐율":36,
            "Y":35.225467,
            "X":128.585726,
            "rank":1.0,
            "area_info":"32평(107.67), 32평(107.46), 36평(121.38), 36평(121.26), 36평(121.13), 43평(143.74), 43평(145.21), 48평(161.75)",
            "last_sales":"2022-02-14,95000.0,48평(161.75)",
            "rank_history":[
                [
                    "202203",
                    1
                ],
                [
                    "202202",
                    1
                ],
                [
                    "202201",
                    1
                ]
            ],
            "rank_gap":0
        },
        {
            "index":292,
            "아파트명":"메트로시티",
            "투자타입":"일반",
            "전용면적(m2)":"119.98",
            "전용면적(평)":"36평",
            "법정동주소":"경상남도 창원시 마산회원구 양덕동 84-1",
            "도로명주소":"경상남도 창원시 마산회원구 양덕서로 30",
            "세대수":100,
            "입주년차":60,
            "용적률점수":"--",
            "건폐율점수":"--",
            "세대당주차수":60,
            "난방방식":30,
            "공급면적":"--",
            "전용률":"--",
            "욕실수":100,
            "현관타입":100,
            "주거총점":79.0,
            "지역구공급총점":0.0,
            "역세권":"NA",
            "30분내 이동가능 거점":"NA",
            "1시간내 이동가능 거점":"NA",
            "교통총점":"NA",
            "백화점":100,
            "아울렛몰":0,
            "대형마트":100,
            "은행":20,
            "병원":60,
            "종합병원":100,
            "공원":100,
            "혐오시설":0,
            "인프라총점":76.0,
            "초등학군":90.0,
            "중학군":51.8,
            "학군총점":59.44,
            "인구수":20.26,
            "인구증감":-18.69,
            "인구총점":8.575,
            "일자리":11.24,
            "소득수준":82.32,
            "일자리총점":32.564,
            "가치 총점":72.91,
            "매매실거래년":20220117.0,
            "매매실거래가":85000.0,
            "전세실거래년":20220114.0,
            "전세실거래가":45000.0,
            "전세가율":76.27,
            "장기전세가율평균":75.61,
            "전세가율거품지수":-0.66,
            "검색코드":25924,
            "세대수":2127.0,
            "준공년월":"2009-12-28",
            "준공년차":14.0,
            "가까운역이름":"NA",
            "가까운역거리":"NA",
            "역세권여부":"NA",
            "30분이내주요거점역":"NA",
            "30분거점역이름":"NA",
            "1시간이내주요거점역":"NA",
            "1시간거점역이름":"NA",
            "3km이내백화점수":2,
            "5km이내아울렛몰수":0,
            "1km이내대형먀트수":2,
            "500m이내은행수":2,
            "500m이내병원수":21,
            "5km이내대형병원수":4,
            "500m이내공원수":2,
            "3km이내혐오시설수":0,
            "초등학교학업성취도":90.0,
            "중학교학업성취도":85.2,
            "용적률":0,
            "건폐율":0,
            "Y":35.227247,
            "X":128.582623,
            "rank":2.0,
            "area_info":"36평(119.98), 36평(120.1), 36평(120.33), 40평(135.16), 49평(163.35), 49평(163.58), 53평(175.32), 59평(195.58), 71평(235.76)",
            "last_sales":"2022-01-17,85000.0,53평(175.32)",
            "rank_history":[
                [
                    "202203",
                    2
                ],
                [
                    "202202",
                    2
                ],
                [
                    "202201",
                    2
                ]
            ],
            "rank_gap":0
        },
        {
            "index":453,
            "아파트명":"e편한세상창원파크센트럴",
            "투자타입":"일반",
            "전용면적(m2)":"73.04",
            "전용면적(평)":"22평",
            "법정동주소":"경상남도 창원시 마산회원구 회원동 313",
            "도로명주소":"경상남도 창원시 마산회원구 회원북13길 20",
            "세대수":90,
            "입주년차":100,
            "용적률점수":"--",
            "건폐율점수":"--",
            "세대당주차수":30,
            "난방방식":30,
            "공급면적":"--",
            "전용률":"--",
            "욕실수":50,
            "현관타입":100,
            "주거총점":74.0,
            "지역구공급총점":0.0,
            "역세권":"NA",
            "30분내 이동가능 거점":"NA",
            "1시간내 이동가능 거점":"NA",
            "교통총점":"NA",
            "백화점":100,
            "아울렛몰":0,
            "대형마트":80,
            "은행":0,
            "병원":60,
            "종합병원":100,
            "공원":100,
            "혐오시설":0,
            "인프라총점":71.0,
            "초등학군":89.97,
            "중학군":40.1,
            "학군총점":50.074,
            "인구수":20.26,
            "인구증감":-18.69,
            "인구총점":8.575,
            "일자리":11.24,
            "소득수준":82.32,
            "일자리총점":32.564,
            "가치 총점":66.8185,
            "매매실거래년":20210104.0,
            "매매실거래가":44700.0,
            "전세실거래년":null,
            "전세실거래가":null,
            "전세가율":null,
            "장기전세가율평균":75.61,
            "전세가율거품지수":null,
            "검색코드":120636,
            "세대수":1253.0,
            "준공년월":"2020-08-31",
            "준공년차":3.0,
            "가까운역이름":"NA",
            "가까운역거리":"NA",
            "역세권여부":"NA",
            "30분이내주요거점역":"NA",
            "30분거점역이름":"NA",
            "1시간이내주요거점역":"NA",
            "1시간거점역이름":"NA",
            "3km이내백화점수":2,
            "5km이내아울렛몰수":0,
            "1km이내대형먀트수":1,
            "500m이내은행수":1,
            "500m이내병원수":26,
            "5km이내대형병원수":4,
            "500m이내공원수":7,
            "3km이내혐오시설수":0,
            "초등학교학업성취도":89.97,
            "중학교학업성취도":65.9,
            "용적률":244,
            "건폐율":18,
            "Y":35.220983,
            "X":128.569945,
            "rank":3.0,
            "area_info":"22평(73.04), 24평(80.93), 24평(81.26), 25평(85.12), 25평(85.32), 29평(96.96), 29평(97.85), 29평(97.62), 34평(112.52), 34평(114.44), 40평(133.32)",
            "last_sales":"2021-01-04,44700.0,40평(133.32)",
            "rank_history":[
                [
                    "202203",
                    3
                ],
                [
                    "202202",
                    3
                ],
                [
                    "202201",
                    9
                ]
            ],
            "rank_gap":0
        },
        {
            "index":389,
            "아파트명":"한일타운4차",
            "투자타입":"일반",
            "전용면적(m2)":"97.53",
            "전용면적(평)":"29평",
            "법정동주소":"경상남도 창원시 마산회원구 양덕동 79-9",
            "도로명주소":"경상남도 창원시 마산회원구 양덕서로 45",
            "세대수":50,
            "입주년차":40,
            "용적률점수":"--",
            "건폐율점수":"--",
            "세대당주차수":30,
            "난방방식":30,
            "공급면적":"--",
            "전용률":"--",
            "욕실수":100,
            "현관타입":100,
            "주거총점":53.0,
            "지역구공급총점":0.0,
            "역세권":"NA",
            "30분내 이동가능 거점":"NA",
            "1시간내 이동가능 거점":"NA",
            "교통총점":"NA",
            "백화점":100,
            "아울렛몰":0,
            "대형마트":100,
            "은행":70,
            "병원":80,
            "종합병원":100,
            "공원":100,
            "혐오시설":0,
            "인프라총점":83.0,
            "초등학군":90.0,
            "중학군":51.8,
            "학군총점":59.44,
            "인구수":20.26,
            "인구증감":-18.69,
            "인구총점":8.575,
            "일자리":11.24,
            "소득수준":82.32,
            "일자리총점":32.564,
            "가치 총점":66.61,
            "매매실거래년":20211126.0,
            "매매실거래가":45000.0,
            "전세실거래년":20211022.0,
            "전세실거래가":27000.0,
            "전세가율":103.85,
            "장기전세가율평균":75.61,
            "전세가율거품지수":-28.24,
            "검색코드":17371,
            "세대수":694.0,
            "준공년월":"2004-12-04",
            "준공년차":19.0,
            "가까운역이름":"NA",
            "가까운역거리":"NA",
            "역세권여부":"NA",
            "30분이내주요거점역":"NA",
            "30분거점역이름":"NA",
            "1시간이내주요거점역":"NA",
            "1시간거점역이름":"NA",
            "3km이내백화점수":1,
            "5km이내아울렛몰수":0,
            "1km이내대형먀트수":2,
            "500m이내은행수":3,
            "500m이내병원수":34,
            "5km이내대형병원수":4,
            "500m이내공원수":2,
            "3km이내혐오시설수":0,
            "초등학교학업성취도":90.0,
            "중학교학업성취도":85.2,
            "용적률":246,
            "건폐율":59,
            "Y":35.228629,
            "X":128.580172,
            "rank":4.0,
            "area_info":"29평(97.53), 33평(111.05), 44평(147.78)",
            "last_sales":"2021-11-26,45000.0,44평(147.78)",
            "rank_history":[
                [
                    "202203",
                    4
                ],
                [
                    "202202",
                    4
                ],
                [
                    "202201",
                    4
                ]
            ],
            "rank_gap":0
        },
        {
            "index":263,
            "아파트명":"창원메트로시티석전",
            "투자타입":"일반",
            "전용면적(m2)":"58.58",
            "전용면적(평)":"17평",
            "법정동주소":"경상남도 창원시 마산회원구 석전동 300",
            "도로명주소":"경상남도 창원시 마산회원구 석전남8길 40",
            "세대수":100,
            "입주년차":100,
            "용적률점수":"--",
            "건폐율점수":"--",
            "세대당주차수":30,
            "난방방식":30,
            "공급면적":"--",
            "전용률":"--",
            "욕실수":50,
            "현관타입":100,
            "주거총점":77.5,
            "지역구공급총점":0.0,
            "역세권":"NA",
            "30분내 이동가능 거점":"NA",
            "1시간내 이동가능 거점":"NA",
            "교통총점":"NA",
            "백화점":100,
            "아울렛몰":0,
            "대형마트":0,
            "은행":0,
            "병원":60,
            "종합병원":100,
            "공원":100,
            "혐오시설":0,
            "인프라총점":59.0,
            "초등학군":90.02,
            "중학군":51.8,
            "학군총점":59.444,
            "인구수":20.26,
            "인구증감":-18.69,
            "인구총점":8.575,
            "일자리":11.24,
            "소득수준":82.32,
            "일자리총점":32.564,
            "가치 총점":65.586,
            "매매실거래년":20220201.0,
            "매매실거래가":48800.0,
            "전세실거래년":20220130.0,
            "전세실거래가":21000.0,
            "전세가율":83.0,
            "장기전세가율평균":75.61,
            "전세가율거품지수":-7.39,
            "검색코드":116620,
            "세대수":1763.0,
            "준공년월":"2019-12-23",
            "준공년차":4.0,
            "가까운역이름":"NA",
            "가까운역거리":"NA",
            "역세권여부":"NA",
            "30분이내주요거점역":"NA",
            "30분거점역이름":"NA",
            "1시간이내주요거점역":"NA",
            "1시간거점역이름":"NA",
            "3km이내백화점수":1,
            "5km이내아울렛몰수":0,
            "1km이내대형먀트수":0,
            "500m이내은행수":1,
            "500m이내병원수":14,
            "5km이내대형병원수":4,
            "500m이내공원수":7,
            "3km이내혐오시설수":0,
            "초등학교학업성취도":90.02,
            "중학교학업성취도":85.2,
            "용적률":249,
            "건폐율":14,
            "Y":35.229338,
            "X":128.571443,
            "rank":5.0,
            "area_info":"17평(58.58), 22평(75.43), 25평(84.33), 25평(85.39), 29평(98.59), 29평(98.33), 34평(114.56), 34평(114.96), 40평(133.73)",
            "last_sales":"2022-02-01,48800.0,29평(98.33)",
            "rank_history":[
                [
                    "202203",
                    5
                ],
                [
                    "202202",
                    5
                ],
                [
                    "202201",
                    3
                ]
            ],
            "rank_gap":0
        },
        {
            "index":290,
            "아파트명":"마산한일타운2차",
            "투자타입":"일반",
            "전용면적(m2)":"78.1",
            "전용면적(평)":"23평",
            "법정동주소":"경상남도 창원시 마산회원구 양덕동 64-1",
            "도로명주소":"경상남도 창원시 마산회원구 양덕로 151",
            "세대수":90,
            "입주년차":0,
            "용적률점수":"--",
            "건폐율점수":"--",
            "세대당주차수":0,
            "난방방식":80,
            "공급면적":"--",
            "전용률":"--",
            "욕실수":50,
            "현관타입":100,
            "주거총점":54.5,
            "지역구공급총점":0.0,
            "역세권":"NA",
            "30분내 이동가능 거점":"NA",
            "1시간내 이동가능 거점":"NA",
            "교통총점":"NA",
            "백화점":100,
            "아울렛몰":0,
            "대형마트":100,
            "은행":20,
            "병원":80,
            "종합병원":100,
            "공원":100,
            "혐오시설":0,
            "인프라총점":78.0,
            "초등학군":90.01,
            "중학군":51.8,
            "학군총점":59.442,
            "인구수":20.26,
            "인구증감":-18.69,
            "인구총점":8.575,
            "일자리":11.24,
            "소득수준":82.32,
            "일자리총점":32.564,
            "가치 총점":65.1355,
            "매매실거래년":20220203.0,
            "매매실거래가":20000.0,
            "전세실거래년":20220218.0,
            "전세실거래가":16000.0,
            "전세가율":80.0,
            "장기전세가율평균":75.61,
            "전세가율거품지수":-4.39,
            "검색코드":6662,
            "세대수":904.0,
            "준공년월":"1996-05-28",
            "준공년차":27.0,
            "가까운역이름":"NA",
            "가까운역거리":"NA",
            "역세권여부":"NA",
            "30분이내주요거점역":"NA",
            "30분거점역이름":"NA",
            "1시간이내주요거점역":"NA",
            "1시간거점역이름":"NA",
            "3km이내백화점수":1,
            "5km이내아울렛몰수":0,
            "1km이내대형먀트수":2,
            "500m이내은행수":2,
            "500m이내병원수":50,
            "5km이내대형병원수":3,
            "500m이내공원수":4,
            "3km이내혐오시설수":0,
            "초등학교학업성취도":90.01,
            "중학교학업성취도":85.2,
            "용적률":258,
            "건폐율":0,
            "Y":35.231948,
            "X":128.581624,
            "rank":6.0,
            "area_info":"23평(78.1), 31평(104.52)",
            "last_sales":"2022-02-03,20000.0,23평(78.1)",
            "rank_history":[
                [
                    "202203",
                    6
                ],
                [
                    "202202",
                    6
                ],
                [
                    "202201",
                    6
                ]
            ],
            "rank_gap":0
        },
        {
            "index":364,
            "아파트명":"양덕코오롱하늘채",
            "투자타입":"일반",
            "전용면적(m2)":"67.05",
            "전용면적(평)":"20평",
            "법정동주소":"경상남도 창원시 마산회원구 양덕동 535",
            "도로명주소":"경상남도 창원시 마산회원구 양덕서5길 15",
            "세대수":50,
            "입주년차":80,
            "용적률점수":"--",
            "건폐율점수":"--",
            "세대당주차수":30,
            "난방방식":30,
            "공급면적":"--",
            "전용률":"--",
            "욕실수":50,
            "현관타입":100,
            "주거총점":56.0,
            "지역구공급총점":0.0,
            "역세권":"NA",
            "30분내 이동가능 거점":"NA",
            "1시간내 이동가능 거점":"NA",
            "교통총점":"NA",
            "백화점":100,
            "아울렛몰":0,
            "대형마트":100,
            "은행":20,
            "병원":60,
            "종합병원":100,
            "공원":100,
            "혐오시설":0,
            "인프라총점":76.0,
            "초등학군":90.0,
            "중학군":51.8,
            "학군총점":59.44,
            "인구수":20.26,
            "인구증감":-18.69,
            "인구총점":8.575,
            "일자리":11.24,
            "소득수준":82.32,
            "일자리총점":32.564,
            "가치 총점":64.86,
            "매매실거래년":20220125.0,
            "매매실거래가":58000.0,
            "전세실거래년":null,
            "전세실거래가":null,
            "전세가율":null,
            "장기전세가율평균":75.61,
            "전세가율거품지수":null,
            "검색코드":107707,
            "세대수":535.0,
            "준공년월":"2016-03-25",
            "준공년차":7.0,
            "가까운역이름":"NA",
            "가까운역거리":"NA",
            "역세권여부":"NA",
            "30분이내주요거점역":"NA",
            "30분거점역이름":"NA",
            "1시간이내주요거점역":"NA",
            "1시간거점역이름":"NA",
            "3km이내백화점수":2,
            "5km이내아울렛몰수":0,
            "1km이내대형먀트수":2,
            "500m이내은행수":2,
            "500m이내병원수":19,
            "5km이내대형병원수":4,
            "500m이내공원수":2,
            "3km이내혐오시설수":0,
            "초등학교학업성취도":90.0,
            "중학교학업성취도":85.2,
            "용적률":252,
            "건폐율":17,
            "Y":35.226995,
            "X":128.578908,
            "rank":7.0,
            "area_info":"20평(67.05), 33평(111.53), 33평(111.23)",
            "last_sales":"2022-01-25,58000.0,33평(111.23)",
            "rank_history":[
                [
                    "202203",
                    7
                ],
                [
                    "202202",
                    7
                ],
                [
                    "202201",
                    5
                ]
            ],
            "rank_gap":0
        },
        {
            "index":278,
            "아파트명":"대림하이빌",
            "투자타입":"일반",
            "전용면적(m2)":"102.09",
            "전용면적(평)":"30평",
            "법정동주소":"경상남도 창원시 마산회원구 양덕동 161-1",
            "도로명주소":"경상남도 창원시 마산회원구 양덕동2길 76",
            "세대수":50,
            "입주년차":20,
            "용적률점수":"--",
            "건폐율점수":"--",
            "세대당주차수":30,
            "난방방식":30,
            "공급면적":"--",
            "전용률":"--",
            "욕실수":100,
            "현관타입":100,
            "주거총점":49.0,
            "지역구공급총점":0.0,
            "역세권":"NA",
            "30분내 이동가능 거점":"NA",
            "1시간내 이동가능 거점":"NA",
            "교통총점":"NA",
            "백화점":100,
            "아울렛몰":0,
            "대형마트":100,
            "은행":70,
            "병원":60,
            "종합병원":100,
            "공원":100,
            "혐오시설":0,
            "인프라총점":81.0,
            "초등학군":90.04,
            "중학군":51.04,
            "학군총점":58.84,
            "인구수":20.26,
            "인구증감":-18.69,
            "인구총점":8.575,
            "일자리":11.24,
            "소득수준":82.32,
            "일자리총점":32.564,
            "가치 총점":64.26,
            "매매실거래년":20220210.0,
            "매매실거래가":24450.0,
            "전세실거래년":20211122.0,
            "전세실거래가":20000.0,
            "전세가율":81.8,
            "장기전세가율평균":75.61,
            "전세가율거품지수":-6.19,
            "검색코드":15558,
            "세대수":572.0,
            "준공년월":"2002-05-07",
            "준공년차":21.0,
            "가까운역이름":"NA",
            "가까운역거리":"NA",
            "역세권여부":"NA",
            "30분이내주요거점역":"NA",
            "30분거점역이름":"NA",
            "1시간이내주요거점역":"NA",
            "1시간거점역이름":"NA",
            "3km이내백화점수":2,
            "5km이내아울렛몰수":0,
            "1km이내대형먀트수":2,
            "500m이내은행수":3,
            "500m이내병원수":12,
            "5km이내대형병원수":4,
            "500m이내공원수":2,
            "3km이내혐오시설수":0,
            "초등학교학업성취도":90.04,
            "중학교학업성취도":82.4,
            "용적률":355,
            "건폐율":25,
            "Y":35.224653,
            "X":128.589591,
            "rank":8.0,
            "area_info":"30평(102.09), 34평(113.39), 46평(152.26)",
            "last_sales":"2022-02-10,24450.0,30평(102.09)",
            "rank_history":[
                [
                    "202203",
                    8
                ],
                [
                    "202202",
                    8
                ],
                [
                    "202201",
                    8
                ]
            ],
            "rank_gap":0
        },
        {
            "index":284,
            "아파트명":"마산양덕동아위드필하임",
            "투자타입":"일반",
            "전용면적(m2)":"89.9",
            "전용면적(평)":"27평",
            "법정동주소":"경상남도 창원시 마산회원구 양덕동 77-8",
            "도로명주소":"경상남도 창원시 마산회원구 양덕서로 45-1",
            "세대수":0,
            "입주년차":80,
            "용적률점수":"--",
            "건폐율점수":"--",
            "세대당주차수":30,
            "난방방식":30,
            "공급면적":"--",
            "전용률":"--",
            "욕실수":100,
            "현관타입":100,
            "주거총점":43.5,
            "지역구공급총점":0.0,
            "역세권":"NA",
            "30분내 이동가능 거점":"NA",
            "1시간내 이동가능 거점":"NA",
            "교통총점":"NA",
            "백화점":100,
            "아울렛몰":0,
            "대형마트":100,
            "은행":70,
            "병원":80,
            "종합병원":100,
            "공원":100,
            "혐오시설":0,
            "인프라총점":83.0,
            "초등학군":90.0,
            "중학군":51.8,
            "학군총점":59.44,
            "인구수":20.26,
            "인구증감":-18.69,
            "인구총점":8.575,
            "일자리":11.24,
            "소득수준":82.32,
            "일자리총점":32.564,
            "가치 총점":63.285,
            "매매실거래년":20220117.0,
            "매매실거래가":32900.0,
            "전세실거래년":20220214.0,
            "전세실거래가":25000.0,
            "전세가율":75.99,
            "장기전세가율평균":75.61,
            "전세가율거품지수":-0.38,
            "검색코드":111856,
            "세대수":153.0,
            "준공년월":"2017-12-28",
            "준공년차":6.0,
            "가까운역이름":"NA",
            "가까운역거리":"NA",
            "역세권여부":"NA",
            "30분이내주요거점역":"NA",
            "30분거점역이름":"NA",
            "1시간이내주요거점역":"NA",
            "1시간거점역이름":"NA",
            "3km이내백화점수":1,
            "5km이내아울렛몰수":0,
            "1km이내대형먀트수":3,
            "500m이내은행수":3,
            "500m이내병원수":39,
            "5km이내대형병원수":3,
            "500m이내공원수":3,
            "3km이내혐오시설수":0,
            "초등학교학업성취도":90.0,
            "중학교학업성취도":85.2,
            "용적률":216,
            "건폐율":17,
            "Y":35.229621,
            "X":128.580625,
            "rank":9.0,
            "area_info":"27평(89.9), 27평(91.26), 30평(102.31)",
            "last_sales":"2022-01-17,32900.0,27평(89.9)",
            "rank_history":[
                [
                    "202203",
                    9
                ],
                [
                    "202202",
                    9
                ],
                [
                    "202201",
                    10
                ]
            ],
            "rank_gap":0
        },
        {
            "index":408,
            "아파트명":"롯데캐슬더퍼스트",
            "투자타입":"일반",
            "전용면적(m2)":"85.09",
            "전용면적(평)":"25평",
            "법정동주소":"경상남도 창원시 마산회원구 합성동 358",
            "도로명주소":"경상남도 창원시 마산회원구 합성북16길 197",
            "세대수":90,
            "입주년차":80,
            "용적률점수":"--",
            "건폐율점수":"--",
            "세대당주차수":30,
            "난방방식":30,
            "공급면적":"--",
            "전용률":"--",
            "욕실수":100,
            "현관타입":100,
            "주거총점":75.0,
            "지역구공급총점":0.0,
            "역세권":"NA",
            "30분내 이동가능 거점":"NA",
            "1시간내 이동가능 거점":"NA",
            "교통총점":"NA",
            "백화점":100,
            "아울렛몰":0,
            "대형마트":0,
            "은행":0,
            "병원":60,
            "종합병원":80,
            "공원":100,
            "혐오시설":0,
            "인프라총점":55.0,
            "초등학군":89.99,
            "중학군":48.66,
            "학군총점":56.926,
            "인구수":20.26,
            "인구증감":-18.69,
            "인구총점":8.575,
            "일자리":11.24,
            "소득수준":82.32,
            "일자리총점":32.564,
            "가치 총점":62.4815,
            "매매실거래년":20220217.0,
            "매매실거래가":50000.0,
            "전세실거래년":20210705.0,
            "전세실거래가":30000.0,
            "전세가율":68.18,
            "장기전세가율평균":75.61,
            "전세가율거품지수":7.43,
            "검색코드":111379,
            "세대수":1184.0,
            "준공년월":"2018-07-20",
            "준공년차":5.0,
            "가까운역이름":"NA",
            "가까운역거리":"NA",
            "역세권여부":"NA",
            "30분이내주요거점역":"NA",
            "30분거점역이름":"NA",
            "1시간이내주요거점역":"NA",
            "1시간거점역이름":"NA",
            "3km이내백화점수":1,
            "5km이내아울렛몰수":0,
            "1km이내대형먀트수":0,
            "500m이내은행수":1,
            "500m이내병원수":10,
            "5km이내대형병원수":1,
            "500m이내공원수":2,
            "3km이내혐오시설수":0,
            "초등학교학업성취도":89.99,
            "중학교학업성취도":77.9,
            "용적률":207,
            "건폐율":12,
            "Y":35.246005,
            "X":128.587359,
            "rank":10.0,
            "area_info":"25평(85.09), 34평(113.42), 34평(113.39), 39평(132.15)",
            "last_sales":"2022-02-17,50000.0,34평(113.39)",
            "rank_history":[
                [
                    "202203",
                    10
                ],
                [
                    "202202",
                    10
                ],
                [
                    "202201",
                    12
                ]
            ],
            "rank_gap":0
        },
        {
            "index":386,
            "아파트명":"한일타운3차",
            "투자타입":"일반",
            "전용면적(m2)":"85.89",
            "전용면적(평)":"25평",
            "법정동주소":"경상남도 창원시 마산회원구 양덕동 910",
            "도로명주소":"경상남도 창원시 마산회원구 삼호로 151",
            "세대수":50,
            "입주년차":20,
            "용적률점수":"--",
            "건폐율점수":"--",
            "세대당주차수":30,
            "난방방식":30,
            "공급면적":"--",
            "전용률":"--",
            "욕실수":100,
            "현관타입":100,
            "주거총점":49.0,
            "지역구공급총점":0.0,
            "역세권":"NA",
            "30분내 이동가능 거점":"NA",
            "1시간내 이동가능 거점":"NA",
            "교통총점":"NA",
            "백화점":100,
            "아울렛몰":0,
            "대형마트":100,
            "은행":20,
            "병원":60,
            "종합병원":100,
            "공원":80,
            "혐오시설":0,
            "인프라총점":75.4,
            "초등학군":90.0,
            "중학군":51.8,
            "학군총점":59.44,
            "인구수":20.26,
            "인구증감":-18.69,
            "인구총점":8.575,
            "일자리":11.24,
            "소득수준":82.32,
            "일자리총점":32.564,
            "가치 총점":62.17,
            "매매실거래년":20220221.0,
            "매매실거래가":24000.0,
            "전세실거래년":20211220.0,
            "전세실거래가":18000.0,
            "전세가율":94.74,
            "장기전세가율평균":75.61,
            "전세가율거품지수":-19.13,
            "검색코드":15435,
            "세대수":664.0,
            "준공년월":"2003-01-18",
            "준공년차":20.0,
            "가까운역이름":"NA",
            "가까운역거리":"NA",
            "역세권여부":"NA",
            "30분이내주요거점역":"NA",
            "30분거점역이름":"NA",
            "1시간이내주요거점역":"NA",
            "1시간거점역이름":"NA",
            "3km이내백화점수":2,
            "5km이내아울렛몰수":0,
            "1km이내대형먀트수":2,
            "500m이내은행수":2,
            "500m이내병원수":16,
            "5km이내대형병원수":4,
            "500m이내공원수":1,
            "3km이내혐오시설수":0,
            "초등학교학업성취도":90.0,
            "중학교학업성취도":85.2,
            "용적률":263,
            "건폐율":18,
            "Y":35.226738,
            "X":128.576072,
            "rank":11.0,
            "area_info":"25평(85.89), 26평(87.84), 34평(114.64)",
            "last_sales":"2022-02-21,24000.0,34평(114.64)",
            "rank_history":[
                [
                    "202203",
                    11
                ],
                [
                    "202202",
                    11
                ],
                [
                    "202201",
                    11
                ]
            ],
            "rank_gap":0
        },
        {
            "index":354,
            "아파트명":"양덕우성",
            "투자타입":"일반",
            "전용면적(m2)":"80.05",
            "전용면적(평)":"24평",
            "법정동주소":"경상남도 창원시 마산회원구 양덕동 888-1",
            "도로명주소":"경상남도 창원시 마산회원구 양덕옛2길 16",
            "세대수":80,
            "입주년차":0,
            "용적률점수":"--",
            "건폐율점수":"--",
            "세대당주차수":30,
            "난방방식":30,
            "공급면적":"--",
            "전용률":"--",
            "욕실수":50,
            "현관타입":100,
            "주거총점":50.5,
            "지역구공급총점":0.0,
            "역세권":"NA",
            "30분내 이동가능 거점":"NA",
            "1시간내 이동가능 거점":"NA",
            "교통총점":"NA",
            "백화점":100,
            "아울렛몰":0,
            "대형마트":80,
            "은행":20,
            "병원":60,
            "종합병원":100,
            "공원":100,
            "혐오시설":0,
            "인프라총점":73.0,
            "초등학군":90.01,
            "중학군":51.8,
            "학군총점":59.442,
            "인구수":20.26,
            "인구증감":-18.69,
            "인구총점":8.575,
            "일자리":11.24,
            "소득수준":82.32,
            "일자리총점":32.564,
            "가치 총점":61.7355,
            "매매실거래년":20220208.0,
            "매매실거래가":19500.0,
            "전세실거래년":20220127.0,
            "전세실거래가":20000.0,
            "전세가율":102.56,
            "장기전세가율평균":75.61,
            "전세가율거품지수":-26.95,
            "검색코드":6643,
            "세대수":893.0,
            "준공년월":"1998-05-28",
            "준공년차":25.0,
            "가까운역이름":"NA",
            "가까운역거리":"NA",
            "역세권여부":"NA",
            "30분이내주요거점역":"NA",
            "30분거점역이름":"NA",
            "1시간이내주요거점역":"NA",
            "1시간거점역이름":"NA",
            "3km이내백화점수":1,
            "5km이내아울렛몰수":0,
            "1km이내대형먀트수":1,
            "500m이내은행수":2,
            "500m이내병원수":26,
            "5km이내대형병원수":4,
            "500m이내공원수":2,
            "3km이내혐오시설수":0,
            "초등학교학업성취도":90.01,
            "중학교학업성취도":85.2,
            "용적률":277,
            "건폐율":21,
            "Y":35.228912,
            "X":128.577548,
            "rank":12.0,
            "area_info":"24평(80.05), 29평(96.37), 32평(106.85), 45평(150.98)",
            "last_sales":"2022-02-08,19500.0,24평(80.05)",
            "rank_history":[
                [
                    "202203",
                    12
                ],
                [
                    "202202",
                    12
                ],
                [
                    "202201",
                    7
                ]
            ],
            "rank_gap":0
        },
        {
            "index":474,
            "아파트명":"청우",
            "투자타입":"재건축",
            "전용면적(m2)":"56.74",
            "전용면적(평)":"17평",
            "법정동주소":"경상남도 창원시 마산회원구 회원동 651-3",
            "도로명주소":"경상남도 창원시 마산회원구 무학로 547-1",
            "세대수":0,
            "입주년차":"--",
            "용적률점수":100,
            "건폐율점수":60,
            "세대당주차수":"--",
            "난방방식":"--",
            "공급면적":50,
            "전용률":80,
            "욕실수":"--",
            "현관타입":"--",
            "주거총점":58.5,
            "지역구공급총점":0.0,
            "역세권":"NA",
            "30분내 이동가능 거점":"NA",
            "1시간내 이동가능 거점":"NA",
            "교통총점":"NA",
            "백화점":100,
            "아울렛몰":0,
            "대형마트":80,
            "은행":0,
            "병원":10,
            "종합병원":100,
            "공원":100,
            "혐오시설":0,
            "인프라총점":66.0,
            "초등학군":90.02,
            "중학군":46.58,
            "학군총점":55.268,
            "인구수":20.26,
            "인구증감":-18.69,
            "인구총점":8.575,
            "일자리":11.24,
            "소득수준":82.32,
            "일자리총점":32.564,
            "가치 총점":60.692,
            "매매실거래년":20211030.0,
            "매매실거래가":6950.0,
            "전세실거래년":20170305.0,
            "전세실거래가":5500.0,
            "전세가율":79.14,
            "장기전세가율평균":75.61,
            "전세가율거품지수":-3.53,
            "검색코드":113160,
            "세대수":80.0,
            "준공년월":"1986-05-29",
            "준공년차":37.0,
            "가까운역이름":"NA",
            "가까운역거리":"NA",
            "역세권여부":"NA",
            "30분이내주요거점역":"NA",
            "30분거점역이름":"NA",
            "1시간이내주요거점역":"NA",
            "1시간거점역이름":"NA",
            "3km이내백화점수":2,
            "5km이내아울렛몰수":0,
            "1km이내대형먀트수":1,
            "500m이내은행수":0,
            "500m이내병원수":4,
            "5km이내대형병원수":4,
            "500m이내공원수":3,
            "3km이내혐오시설수":0,
            "초등학교학업성취도":90.02,
            "중학교학업성취도":75.1,
            "용적률":142,
            "건폐율":30,
            "Y":35.216319,
            "X":128.560434,
            "rank":13.0,
            "area_info":"17평(56.74)",
            "last_sales":"2021-10-30,6950.0,17평(56.74)",
            "rank_history":[
                [
                    "202203",
                    13
                ],
                [
                    "202202",
                    9999
                ]
            ],
            "rank_gap":9999
        },
        {
            "index":287,
            "아파트명":"마산한일타운1차",
            "투자타입":"일반",
            "전용면적(m2)":"84.17",
            "전용면적(평)":"25평",
            "법정동주소":"경상남도 창원시 마산회원구 양덕동 74-1",
            "도로명주소":"경상남도 창원시 마산회원구 양덕서8길 25",
            "세대수":50,
            "입주년차":0,
            "용적률점수":"--",
            "건폐율점수":"--",
            "세대당주차수":0,
            "난방방식":30,
            "공급면적":"--",
            "전용률":"--",
            "욕실수":50,
            "현관타입":100,
            "주거총점":35.5,
            "지역구공급총점":0.0,
            "역세권":"NA",
            "30분내 이동가능 거점":"NA",
            "1시간내 이동가능 거점":"NA",
            "교통총점":"NA",
            "백화점":100,
            "아울렛몰":0,
            "대형마트":100,
            "은행":70,
            "병원":80,
            "종합병원":100,
            "공원":100,
            "혐오시설":0,
            "인프라총점":83.0,
            "초등학군":90.01,
            "중학군":51.8,
            "학군총점":59.442,
            "인구수":20.26,
            "인구증감":-18.69,
            "인구총점":8.575,
            "일자리":11.24,
            "소득수준":82.32,
            "일자리총점":32.564,
            "가치 총점":60.4855,
            "매매실거래년":20220210.0,
            "매매실거래가":19500.0,
            "전세실거래년":20220209.0,
            "전세실거래가":17000.0,
            "전세가율":87.18,
            "장기전세가율평균":75.61,
            "전세가율거품지수":-11.57,
            "검색코드":6657,
            "세대수":685.0,
            "준공년월":"1994-11-24",
            "준공년차":29.0,
            "가까운역이름":"NA",
            "가까운역거리":"NA",
            "역세권여부":"NA",
            "30분이내주요거점역":"NA",
            "30분거점역이름":"NA",
            "1시간이내주요거점역":"NA",
            "1시간거점역이름":"NA",
            "3km이내백화점수":1,
            "5km이내아울렛몰수":0,
            "1km이내대형먀트수":2,
            "500m이내은행수":3,
            "500m이내병원수":43,
            "5km이내대형병원수":3,
            "500m이내공원수":4,
            "3km이내혐오시설수":0,
            "초등학교학업성취도":90.01,
            "중학교학업성취도":85.2,
            "용적률":32,
            "건폐율":18,
            "Y":35.231033,
            "X":128.578805,
            "rank":14.0,
            "area_info":"25평(84.17), 32평(106.43), 47평(157.09)",
            "last_sales":"2022-02-10,19500.0,25평(84.17)",
            "rank_history":[
                [
                    "202203",
                    14
                ],
                [
                    "202202",
                    13
                ],
                [
                    "202201",
                    13
                ]
            ],
            "rank_gap":-1
        },
        {
            "index":272,
            "아파트명":"거북",
            "투자타입":"재건축",
            "전용면적(m2)":"55.95",
            "전용면적(평)":"16평",
            "법정동주소":"경상남도 창원시 마산회원구 양덕동 92-1",
            "도로명주소":"경상남도 창원시 마산회원구 양덕북15길 3",
            "세대수":0,
            "입주년차":"--",
            "용적률점수":100,
            "건폐율점수":0,
            "세대당주차수":"--",
            "난방방식":"--",
            "공급면적":50,
            "전용률":80,
            "욕실수":"--",
            "현관타입":"--",
            "주거총점":46.5,
            "지역구공급총점":0.0,
            "역세권":"NA",
            "30분내 이동가능 거점":"NA",
            "1시간내 이동가능 거점":"NA",
            "교통총점":"NA",
            "백화점":100,
            "아울렛몰":0,
            "대형마트":80,
            "은행":0,
            "병원":80,
            "종합병원":100,
            "공원":100,
            "혐오시설":0,
            "인프라총점":73.0,
            "초등학군":89.99,
            "중학군":42.78,
            "학군총점":52.222,
            "인구수":20.26,
            "인구증감":-18.69,
            "인구총점":8.575,
            "일자리":11.24,
            "소득수준":82.32,
            "일자리총점":32.564,
            "가치 총점":58.5305,
            "매매실거래년":20211101.0,
            "매매실거래가":9800.0,
            "전세실거래년":20210114.0,
            "전세실거래가":8000.0,
            "전세가율":81.63,
            "장기전세가율평균":75.61,
            "전세가율거품지수":-6.02,
            "검색코드":146398,
            "세대수":60.0,
            "준공년월":"1983-10-21",
            "준공년차":40.0,
            "가까운역이름":"NA",
            "가까운역거리":"NA",
            "역세권여부":"NA",
            "30분이내주요거점역":"NA",
            "30분거점역이름":"NA",
            "1시간이내주요거점역":"NA",
            "1시간거점역이름":"NA",
            "3km이내백화점수":1,
            "5km이내아울렛몰수":0,
            "1km이내대형먀트수":1,
            "500m이내은행수":1,
            "500m이내병원수":40,
            "5km이내대형병원수":3,
            "500m이내공원수":2,
            "3km이내혐오시설수":0,
            "초등학교학업성취도":89.99,
            "중학교학업성취도":67.3,
            "용적률":144,
            "건폐율":0,
            "Y":35.236388,
            "X":128.586304,
            "rank":15.0,
            "area_info":"16평(55.95), 16평(55.2)",
            "last_sales":"2021-11-01,9800.0,16평(55.95)",
            "rank_history":[
                [
                    "202203",
                    15
                ],
                [
                    "202202",
                    9999
                ]
            ],
            "rank_gap":9999
        },
        {
            "index":257,
            "아파트명":"창원마산역동도센트리움",
            "투자타입":"일반",
            "전용면적(m2)":"102.63",
            "전용면적(평)":"31평",
            "법정동주소":"경상남도 창원시 마산회원구 석전동 232-1",
            "도로명주소":"경상남도 창원시 마산회원구 양덕옛2길 129",
            "세대수":0,
            "입주년차":60,
            "용적률점수":"--",
            "건폐율점수":"--",
            "세대당주차수":30,
            "난방방식":30,
            "공급면적":"--",
            "전용률":"--",
            "욕실수":100,
            "현관타입":100,
            "주거총점":39.5,
            "지역구공급총점":0.0,
            "역세권":"NA",
            "30분내 이동가능 거점":"NA",
            "1시간내 이동가능 거점":"NA",
            "교통총점":"NA",
            "백화점":100,
            "아울렛몰":0,
            "대형마트":80,
            "은행":0,
            "병원":80,
            "종합병원":100,
            "공원":100,
            "혐오시설":0,
            "인프라총점":73.0,
            "초등학군":90.01,
            "중학군":51.8,
            "학군총점":59.442,
            "인구수":20.26,
            "인구증감":-18.69,
            "인구총점":8.575,
            "일자리":11.24,
            "소득수준":82.32,
            "일자리총점":32.564,
            "가치 총점":57.8855,
            "매매실거래년":20220214.0,
            "매매실거래가":30000.0,
            "전세실거래년":20210829.0,
            "전세실거래가":26000.0,
            "전세가율":86.67,
            "장기전세가율평균":75.61,
            "전세가율거품지수":-11.06,
            "검색코드":25380,
            "세대수":170.0,
            "준공년월":"2013-02-08",
            "준공년차":10.0,
            "가까운역이름":"NA",
            "가까운역거리":"NA",
            "역세권여부":"NA",
            "30분이내주요거점역":"NA",
            "30분거점역이름":"NA",
            "1시간이내주요거점역":"NA",
            "1시간거점역이름":"NA",
            "3km이내백화점수":1,
            "5km이내아울렛몰수":0,
            "1km이내대형먀트수":1,
            "500m이내은행수":1,
            "500m이내병원수":50,
            "5km이내대형병원수":3,
            "500m이내공원수":4,
            "3km이내혐오시설수":0,
            "초등학교학업성취도":90.01,
            "중학교학업성취도":85.2,
            "용적률":499,
            "건폐율":62,
            "Y":35.233768,
            "X":128.580021,
            "rank":16.0,
            "area_info":"31평(102.63), 32평(108.23), 33평(112.33), 34평(114.31), 34평(115.2), 43평(143.67)",
            "last_sales":"2022-02-14,30000.0,31평(102.63)",
            "rank_history":[
                [
                    "202203",
                    16
                ],
                [
                    "202202",
                    14
                ],
                [
                    "202201",
                    14
                ]
            ],
            "rank_gap":-2
        },
        {
            "index":239,
            "아파트명":"신우",
            "투자타입":"일반",
            "전용면적(m2)":"88.91",
            "전용면적(평)":"26평",
            "법정동주소":"경상남도 창원시 마산회원구 석전동 233-2",
            "도로명주소":"경상남도 창원시 마산회원구 양덕옛2길 107",
            "세대수":0,
            "입주년차":20,
            "용적률점수":"--",
            "건폐율점수":"--",
            "세대당주차수":60,
            "난방방식":30,
            "공급면적":"--",
            "전용률":"--",
            "욕실수":100,
            "현관타입":100,
            "주거총점":36.0,
            "지역구공급총점":0.0,
            "역세권":"NA",
            "30분내 이동가능 거점":"NA",
            "1시간내 이동가능 거점":"NA",
            "교통총점":"NA",
            "백화점":100,
            "아울렛몰":0,
            "대형마트":80,
            "은행":20,
            "병원":80,
            "종합병원":100,
            "공원":100,
            "혐오시설":0,
            "인프라총점":75.0,
            "초등학군":90.01,
            "중학군":51.8,
            "학군총점":59.442,
            "인구수":20.26,
            "인구증감":-18.69,
            "인구총점":8.575,
            "일자리":11.24,
            "소득수준":82.32,
            "일자리총점":32.564,
            "가치 총점":57.4605,
            "매매실거래년":20211105.0,
            "매매실거래가":17500.0,
            "전세실거래년":20130125.0,
            "전세실거래가":15500.0,
            "전세가율":134.78,
            "장기전세가율평균":75.61,
            "전세가율거품지수":-59.17,
            "검색코드":15542,
            "세대수":84.0,
            "준공년월":"2002-09-19",
            "준공년차":21.0,
            "가까운역이름":"NA",
            "가까운역거리":"NA",
            "역세권여부":"NA",
            "30분이내주요거점역":"NA",
            "30분거점역이름":"NA",
            "1시간이내주요거점역":"NA",
            "1시간거점역이름":"NA",
            "3km이내백화점수":1,
            "5km이내아울렛몰수":0,
            "1km이내대형먀트수":1,
            "500m이내은행수":2,
            "500m이내병원수":40,
            "5km이내대형병원수":3,
            "500m이내공원수":3,
            "3km이내혐오시설수":0,
            "초등학교학업성취도":90.01,
            "중학교학업성취도":85.2,
            "용적률":390,
            "건폐율":71,
            "Y":35.232789,
            "X":128.57918,
            "rank":17.0,
            "area_info":"26평(88.91), 31평(104.24)",
            "last_sales":"2021-11-05,17500.0,31평(104.24)",
            "rank_history":[
                [
                    "202203",
                    17
                ],
                [
                    "202202",
                    9999
                ]
            ],
            "rank_gap":9999
        },
        {
            "index":226,
            "아파트명":"보람아름채",
            "투자타입":"일반",
            "전용면적(m2)":"57.44",
            "전용면적(평)":"17평",
            "법정동주소":"경상남도 창원시 마산회원구 석전동 238-4",
            "도로명주소":"경상남도 창원시 마산회원구 석전동8길 47",
            "세대수":0,
            "입주년차":80,
            "용적률점수":"--",
            "건폐율점수":"--",
            "세대당주차수":0,
            "난방방식":30,
            "공급면적":"--",
            "전용률":"--",
            "욕실수":50,
            "현관타입":100,
            "주거총점":34.0,
            "지역구공급총점":0.0,
            "역세권":"NA",
            "30분내 이동가능 거점":"NA",
            "1시간내 이동가능 거점":"NA",
            "교통총점":"NA",
            "백화점":100,
            "아울렛몰":0,
            "대형마트":80,
            "은행":20,
            "병원":80,
            "종합병원":100,
            "공원":100,
            "혐오시설":0,
            "인프라총점":75.0,
            "초등학군":90.01,
            "중학군":51.8,
            "학군총점":59.442,
            "인구수":20.26,
            "인구증감":-18.69,
            "인구총점":8.575,
            "일자리":11.24,
            "소득수준":82.32,
            "일자리총점":32.564,
            "가치 총점":56.7605,
            "매매실거래년":20191207.0,
            "매매실거래가":16000.0,
            "전세실거래년":20201204.0,
            "전세실거래가":11500.0,
            "전세가율":82.14,
            "장기전세가율평균":75.61,
            "전세가율거품지수":-6.53,
            "검색코드":110266,
            "세대수":50.0,
            "준공년월":"2015-09-23",
            "준공년차":8.0,
            "가까운역이름":"NA",
            "가까운역거리":"NA",
            "역세권여부":"NA",
            "30분이내주요거점역":"NA",
            "30분거점역이름":"NA",
            "1시간이내주요거점역":"NA",
            "1시간거점역이름":"NA",
            "3km이내백화점수":1,
            "5km이내아울렛몰수":0,
            "1km이내대형먀트수":1,
            "500m이내은행수":2,
            "500m이내병원수":33,
            "5km이내대형병원수":3,
            "500m이내공원수":3,
            "3km이내혐오시설수":0,
            "초등학교학업성취도":90.01,
            "중학교학업성취도":85.2,
            "용적률":453,
            "건폐율":52,
            "Y":35.233666,
            "X":128.576912,
            "rank":18.0,
            "area_info":"17평(57.44), 21평(71.42), 22평(73.74), 23평(76.61), 24평(80.02), 24평(80.27), 24평(81.97), 25평(83.07), 25평(83.13), 25평(83.69)",
            "last_sales":"2019-12-07,16000.0,25평(83.69)",
            "rank_history":[
                [
                    "202203",
                    18
                ],
                [
                    "202202",
                    9999
                ]
            ],
            "rank_gap":9999
        },
        {
            "index":372,
            "아파트명":"유한미소안",
            "투자타입":"일반",
            "전용면적(m2)":"87.62",
            "전용면적(평)":"26평",
            "법정동주소":"경상남도 창원시 마산회원구 양덕동 49-1",
            "도로명주소":"경상남도 창원시 마산회원구 양덕천길 47",
            "세대수":0,
            "입주년차":40,
            "용적률점수":"--",
            "건폐율점수":"--",
            "세대당주차수":30,
            "난방방식":30,
            "공급면적":"--",
            "전용률":"--",
            "욕실수":100,
            "현관타입":100,
            "주거총점":35.5,
            "지역구공급총점":0.0,
            "역세권":"NA",
            "30분내 이동가능 거점":"NA",
            "1시간내 이동가능 거점":"NA",
            "교통총점":"NA",
            "백화점":100,
            "아울렛몰":0,
            "대형마트":100,
            "은행":0,
            "병원":60,
            "종합병원":100,
            "공원":100,
            "혐오시설":0,
            "인프라총점":74.0,
            "초등학군":89.99,
            "중학군":51.04,
            "학군총점":58.83,
            "인구수":20.26,
            "인구증감":-18.69,
            "인구총점":8.575,
            "일자리":11.24,
            "소득수준":82.32,
            "일자리총점":32.564,
            "가치 총점":56.7325,
            "매매실거래년":20220116.0,
            "매매실거래가":21400.0,
            "전세실거래년":20220113.0,
            "전세실거래가":13650.0,
            "전세가율":63.79,
            "장기전세가율평균":75.61,
            "전세가율거품지수":11.82,
            "검색코드":102453,
            "세대수":170.0,
            "준공년월":"2008-09-19",
            "준공년차":15.0,
            "가까운역이름":"NA",
            "가까운역거리":"NA",
            "역세권여부":"NA",
            "30분이내주요거점역":"NA",
            "30분거점역이름":"NA",
            "1시간이내주요거점역":"NA",
            "1시간거점역이름":"NA",
            "3km이내백화점수":1,
            "5km이내아울렛몰수":0,
            "1km이내대형먀트수":3,
            "500m이내은행수":1,
            "500m이내병원수":14,
            "5km이내대형병원수":3,
            "500m이내공원수":3,
            "3km이내혐오시설수":0,
            "초등학교학업성취도":89.99,
            "중학교학업성취도":82.4,
            "용적률":362,
            "건폐율":40,
            "Y":35.231201,
            "X":128.587023,
            "rank":19.0,
            "area_info":"26평(87.62), 36평(119.63)",
            "last_sales":"2022-01-16,21400.0,26평(87.62)",
            "rank_history":[
                [
                    "202203",
                    19
                ],
                [
                    "202202",
                    15
                ],
                [
                    "202201",
                    16
                ]
            ],
            "rank_gap":-4
        },
        {
            "index":332,
            "아파트명":"송촌e누리채",
            "투자타입":"일반",
            "전용면적(m2)":"75.03",
            "전용면적(평)":"22평",
            "법정동주소":"경상남도 창원시 마산회원구 양덕동 151-35",
            "도로명주소":"경상남도 창원시 마산회원구 양덕남8길 5",
            "세대수":0,
            "입주년차":80,
            "용적률점수":"--",
            "건폐율점수":"--",
            "세대당주차수":30,
            "난방방식":30,
            "공급면적":"--",
            "전용률":"--",
            "욕실수":50,
            "현관타입":100,
            "주거총점":38.5,
            "지역구공급총점":0.0,
            "역세권":"NA",
            "30분내 이동가능 거점":"NA",
            "1시간내 이동가능 거점":"NA",
            "교통총점":"NA",
            "백화점":100,
            "아울렛몰":0,
            "대형마트":100,
            "은행":20,
            "병원":60,
            "종합병원":100,
            "공원":100,
            "혐오시설":0,
            "인프라총점":76.0,
            "초등학군":90.04,
            "중학군":41.26,
            "학군총점":51.016,
            "인구수":20.26,
            "인구증감":-18.69,
            "인구총점":8.575,
            "일자리":11.24,
            "소득수준":82.32,
            "일자리총점":32.564,
            "가치 총점":56.629,
            "매매실거래년":20211117.0,
            "매매실거래가":21000.0,
            "전세실거래년":20210911.0,
            "전세실거래가":17000.0,
            "전세가율":104.29,
            "장기전세가율평균":75.61,
            "전세가율거품지수":-28.68,
            "검색코드":122737,
            "세대수":51.0,
            "준공년월":"2016-11-04",
            "준공년차":7.0,
            "가까운역이름":"NA",
            "가까운역거리":"NA",
            "역세권여부":"NA",
            "30분이내주요거점역":"NA",
            "30분거점역이름":"NA",
            "1시간이내주요거점역":"NA",
            "1시간거점역이름":"NA",
            "3km이내백화점수":2,
            "5km이내아울렛몰수":0,
            "1km이내대형먀트수":2,
            "500m이내은행수":2,
            "500m이내병원수":24,
            "5km이내대형병원수":4,
            "500m이내공원수":2,
            "3km이내혐오시설수":0,
            "초등학교학업성취도":90.04,
            "중학교학업성취도":67.5,
            "용적률":498,
            "건폐율":39,
            "Y":35.22223,
            "X":128.586813,
            "rank":20.0,
            "area_info":"22평(75.03), 27평(91.99), 27평(92.07)",
            "last_sales":"2021-11-17,21000.0,27평(92.07)",
            "rank_history":[
                [
                    "202203",
                    20
                ],
                [
                    "202202",
                    9999
                ]
            ],
            "rank_gap":9999
        },
        {
            "index":358,
            "아파트명":"양덕이담채",
            "투자타입":"일반",
            "전용면적(m2)":"70.6",
            "전용면적(평)":"21평",
            "법정동주소":"경상남도 창원시 마산회원구 양덕동 150-7",
            "도로명주소":"경상남도 창원시 마산회원구 양덕남8길 40",
            "세대수":0,
            "입주년차":100,
            "용적률점수":"--",
            "건폐율점수":"--",
            "세대당주차수":0,
            "난방방식":30,
            "공급면적":"--",
            "전용률":"--",
            "욕실수":50,
            "현관타입":100,
            "주거총점":38.0,
            "지역구공급총점":0.0,
            "역세권":"NA",
            "30분내 이동가능 거점":"NA",
            "1시간내 이동가능 거점":"NA",
            "교통총점":"NA",
            "백화점":100,
            "아울렛몰":0,
            "대형마트":100,
            "은행":20,
            "병원":60,
            "종합병원":100,
            "공원":100,
            "혐오시설":0,
            "인프라총점":76.0,
            "초등학군":90.0,
            "중학군":41.26,
            "학군총점":51.008,
            "인구수":20.26,
            "인구증감":-18.69,
            "인구총점":8.575,
            "일자리":11.24,
            "소득수준":82.32,
            "일자리총점":32.564,
            "가치 총점":56.452,
            "매매실거래년":20220111.0,
            "매매실거래가":19800.0,
            "전세실거래년":20201126.0,
            "전세실거래가":15000.0,
            "전세가율":75.76,
            "장기전세가율평균":75.61,
            "전세가율거품지수":-0.15,
            "검색코드":127438,
            "세대수":76.0,
            "준공년월":"2019-09-27",
            "준공년차":4.0,
            "가까운역이름":"NA",
            "가까운역거리":"NA",
            "역세권여부":"NA",
            "30분이내주요거점역":"NA",
            "30분거점역이름":"NA",
            "1시간이내주요거점역":"NA",
            "1시간거점역이름":"NA",
            "3km이내백화점수":2,
            "5km이내아울렛몰수":0,
            "1km이내대형먀트수":2,
            "500m이내은행수":2,
            "500m이내병원수":22,
            "5km이내대형병원수":4,
            "500m이내공원수":3,
            "3km이내혐오시설수":0,
            "초등학교학업성취도":90.0,
            "중학교학업성취도":67.5,
            "용적률":598,
            "건폐율":0,
            "Y":35.22355,
            "X":128.586932,
            "rank":21.0,
            "area_info":"21평(70.6), 21평(72.54), 21평(72.54), 23평(77.37)",
            "last_sales":"2022-01-11,19800.0,21평(70.6)",
            "rank_history":[
                [
                    "202203",
                    21
                ],
                [
                    "202202",
                    9999
                ]
            ],
            "rank_gap":9999
        },
        {
            "index":392,
            "아파트명":"한효코스모스",
            "투자타입":"재건축",
            "전용면적(m2)":"82.98",
            "전용면적(평)":"25평",
            "법정동주소":"경상남도 창원시 마산회원구 양덕동 91-5",
            "도로명주소":"경상남도 창원시 마산회원구 양덕북15길 2",
            "세대수":0,
            "입주년차":"--",
            "용적률점수":80,
            "건폐율점수":0,
            "세대당주차수":"--",
            "난방방식":"--",
            "공급면적":70,
            "전용률":100,
            "욕실수":"--",
            "현관타입":"--",
            "주거총점":40.5,
            "지역구공급총점":0.0,
            "역세권":"NA",
            "30분내 이동가능 거점":"NA",
            "1시간내 이동가능 거점":"NA",
            "교통총점":"NA",
            "백화점":100,
            "아울렛몰":0,
            "대형마트":80,
            "은행":0,
            "병원":80,
            "종합병원":100,
            "공원":100,
            "혐오시설":0,
            "인프라총점":73.0,
            "초등학군":89.99,
            "중학군":42.78,
            "학군총점":52.222,
            "인구수":20.26,
            "인구증감":-18.69,
            "인구총점":8.575,
            "일자리":11.24,
            "소득수준":82.32,
            "일자리총점":32.564,
            "가치 총점":56.4305,
            "매매실거래년":20211101.0,
            "매매실거래가":13400.0,
            "전세실거래년":20200718.0,
            "전세실거래가":10000.0,
            "전세가율":96.15,
            "장기전세가율평균":75.61,
            "전세가율거품지수":-20.54,
            "검색코드":125454,
            "세대수":50.0,
            "준공년월":"1983-12-29",
            "준공년차":40.0,
            "가까운역이름":"NA",
            "가까운역거리":"NA",
            "역세권여부":"NA",
            "30분이내주요거점역":"NA",
            "30분거점역이름":"NA",
            "1시간이내주요거점역":"NA",
            "1시간거점역이름":"NA",
            "3km이내백화점수":1,
            "5km이내아울렛몰수":0,
            "1km이내대형먀트수":1,
            "500m이내은행수":1,
            "500m이내병원수":51,
            "5km이내대형병원수":3,
            "500m이내공원수":2,
            "3km이내혐오시설수":0,
            "초등학교학업성취도":89.99,
            "중학교학업성취도":67.3,
            "용적률":177,
            "건폐율":0,
            "Y":35.236679,
            "X":128.586125,
            "rank":22.0,
            "area_info":"25평(82.98), 25평(84.42), 26평(88.38), 27평(89.82), 26평(89.19), 27평(90.63)",
            "last_sales":"2021-11-01,13400.0,27평(89.82)",
            "rank_history":[
                [
                    "202203",
                    22
                ],
                [
                    "202202",
                    9999
                ]
            ],
            "rank_gap":9999
        },
        {
            "index":323,
            "아파트명":"비전스카이",
            "투자타입":"일반",
            "전용면적(m2)":"85.29",
            "전용면적(평)":"25평",
            "법정동주소":"경상남도 창원시 마산회원구 양덕동 153-5",
            "도로명주소":"경상남도 창원시 마산회원구 해안대로 607",
            "세대수":0,
            "입주년차":40,
            "용적률점수":"--",
            "건폐율점수":"--",
            "세대당주차수":0,
            "난방방식":30,
            "공급면적":"--",
            "전용률":"--",
            "욕실수":100,
            "현관타입":100,
            "주거총점":31.0,
            "지역구공급총점":0.0,
            "역세권":"NA",
            "30분내 이동가능 거점":"NA",
            "1시간내 이동가능 거점":"NA",
            "교통총점":"NA",
            "백화점":100,
            "아울렛몰":0,
            "대형마트":100,
            "은행":70,
            "병원":60,
            "종합병원":100,
            "공원":100,
            "혐오시설":0,
            "인프라총점":81.0,
            "초등학군":90.04,
            "중학군":41.26,
            "학군총점":51.016,
            "인구수":20.26,
            "인구증감":-18.69,
            "인구총점":8.575,
            "일자리":11.24,
            "소득수준":82.32,
            "일자리총점":32.564,
            "가치 총점":56.004,
            "매매실거래년":20220106.0,
            "매매실거래가":17500.0,
            "전세실거래년":20211120.0,
            "전세실거래가":14000.0,
            "전세가율":87.5,
            "장기전세가율평균":75.61,
            "전세가율거품지수":-11.89,
            "검색코드":100774,
            "세대수":227.0,
            "준공년월":"2005-08-22",
            "준공년차":18.0,
            "가까운역이름":"NA",
            "가까운역거리":"NA",
            "역세권여부":"NA",
            "30분이내주요거점역":"NA",
            "30분거점역이름":"NA",
            "1시간이내주요거점역":"NA",
            "1시간거점역이름":"NA",
            "3km이내백화점수":2,
            "5km이내아울렛몰수":0,
            "1km이내대형먀트수":2,
            "500m이내은행수":3,
            "500m이내병원수":23,
            "5km이내대형병원수":4,
            "500m이내공원수":2,
            "3km이내혐오시설수":0,
            "초등학교학업성취도":90.04,
            "중학교학업성취도":67.5,
            "용적률":548,
            "건폐율":48,
            "Y":35.221908,
            "X":128.588835,
            "rank":23.0,
            "area_info":"25평(85.29), 28평(94.52)",
            "last_sales":"2022-01-06,17500.0,28평(94.52)",
            "rank_history":[
                [
                    "202203",
                    23
                ],
                [
                    "202202",
                    16
                ],
                [
                    "202201",
                    15
                ]
            ],
            "rank_gap":-7
        },
        {
            "index":475,
            "아파트명":"한효",
            "투자타입":"일반",
            "전용면적(m2)":"106.66",
            "전용면적(평)":"32평",
            "법정동주소":"경상남도 창원시 마산회원구 회원동 415",
            "도로명주소":"경상남도 창원시 마산회원구 회원동3길 38",
            "세대수":50,
            "입주년차":0,
            "용적률점수":"--",
            "건폐율점수":"--",
            "세대당주차수":0,
            "난방방식":30,
            "공급면적":"--",
            "전용률":"--",
            "욕실수":100,
            "현관타입":100,
            "주거총점":40.5,
            "지역구공급총점":0.0,
            "역세권":"NA",
            "30분내 이동가능 거점":"NA",
            "1시간내 이동가능 거점":"NA",
            "교통총점":"NA",
            "백화점":100,
            "아울렛몰":0,
            "대형마트":80,
            "은행":0,
            "병원":80,
            "종합병원":100,
            "공원":100,
            "혐오시설":0,
            "인프라총점":73.0,
            "초등학군":89.97,
            "중학군":40.1,
            "학군총점":50.074,
            "인구수":20.26,
            "인구증감":-18.69,
            "인구총점":8.575,
            "일자리":11.24,
            "소득수준":82.32,
            "일자리총점":32.564,
            "가치 총점":55.8935,
            "매매실거래년":20211228.0,
            "매매실거래가":23000.0,
            "전세실거래년":20220207.0,
            "전세실거래가":18000.0,
            "전세가율":90.91,
            "장기전세가율평균":75.61,
            "전세가율거품지수":-15.3,
            "검색코드":6827,
            "세대수":498.0,
            "준공년월":"1994-06-25",
            "준공년차":29.0,
            "가까운역이름":"NA",
            "가까운역거리":"NA",
            "역세권여부":"NA",
            "30분이내주요거점역":"NA",
            "30분거점역이름":"NA",
            "1시간이내주요거점역":"NA",
            "1시간거점역이름":"NA",
            "3km이내백화점수":2,
            "5km이내아울렛몰수":0,
            "1km이내대형먀트수":1,
            "500m이내은행수":1,
            "500m이내병원수":33,
            "5km이내대형병원수":4,
            "500m이내공원수":6,
            "3km이내혐오시설수":0,
            "초등학교학업성취도":89.97,
            "중학교학업성취도":65.9,
            "용적률":263,
            "건폐율":17,
            "Y":35.217744,
            "X":128.571779,
            "rank":24.0,
            "area_info":"32평(106.66), 44평(148.66), 45평(149.2), 51평(169.27)",
            "last_sales":"2021-12-28,23000.0,51평(169.27)",
            "rank_history":[
                [
                    "202203",
                    24
                ],
                [
                    "202202",
                    17
                ],
                [
                    "202201",
                    21
                ]
            ],
            "rank_gap":-7
        },
        {
            "index":384,
            "아파트명":"한얼골든뷰",
            "투자타입":"일반",
            "전용면적(m2)":"97.34",
            "전용면적(평)":"29평",
            "법정동주소":"경상남도 창원시 마산회원구 양덕동 156-19",
            "도로명주소":"경상남도 창원시 마산회원구 합포로 308",
            "세대수":0,
            "입주년차":40,
            "용적률점수":"--",
            "건폐율점수":"--",
            "세대당주차수":30,
            "난방방식":30,
            "공급면적":"--",
            "전용률":"--",
            "욕실수":100,
            "현관타입":50,
            "주거총점":30.5,
            "지역구공급총점":0.0,
            "역세권":"NA",
            "30분내 이동가능 거점":"NA",
            "1시간내 이동가능 거점":"NA",
            "교통총점":"NA",
            "백화점":100,
            "아울렛몰":0,
            "대형마트":100,
            "은행":20,
            "병원":60,
            "종합병원":100,
            "공원":100,
            "혐오시설":0,
            "인프라총점":76.0,
            "초등학군":90.04,
            "중학군":51.04,
            "학군총점":58.84,
            "인구수":20.26,
            "인구증감":-18.69,
            "인구총점":8.575,
            "일자리":11.24,
            "소득수준":82.32,
            "일자리총점":32.564,
            "가치 총점":55.785,
            "매매실거래년":20211216.0,
            "매매실거래가":16000.0,
            "전세실거래년":20200125.0,
            "전세실거래가":17700.0,
            "전세가율":110.62,
            "장기전세가율평균":75.61,
            "전세가율거품지수":-35.01,
            "검색코드":107447,
            "세대수":52.0,
            "준공년월":"2004-11-15",
            "준공년차":19.0,
            "가까운역이름":"NA",
            "가까운역거리":"NA",
            "역세권여부":"NA",
            "30분이내주요거점역":"NA",
            "30분거점역이름":"NA",
            "1시간이내주요거점역":"NA",
            "1시간거점역이름":"NA",
            "3km이내백화점수":2,
            "5km이내아울렛몰수":0,
            "1km이내대형먀트수":2,
            "500m이내은행수":2,
            "500m이내병원수":18,
            "5km이내대형병원수":4,
            "500m이내공원수":2,
            "3km이내혐오시설수":0,
            "초등학교학업성취도":90.04,
            "중학교학업성취도":82.4,
            "용적률":498,
            "건폐율":74,
            "Y":35.224653,
            "X":128.5878,
            "rank":25.0,
            "area_info":"29평(97.34), 30평(101.81)",
            "last_sales":"2021-12-16,16000.0,29평(97.34)",
            "rank_history":[
                [
                    "202203",
                    25
                ],
                [
                    "202202",
                    9999
                ]
            ],
            "rank_gap":9999
        },
        {
            "index":335,
            "아파트명":"수피아",
            "투자타입":"일반",
            "전용면적(m2)":"48.49",
            "전용면적(평)":"14평",
            "법정동주소":"경상남도 창원시 마산회원구 양덕동 153-28",
            "도로명주소":"경상남도 창원시 마산회원구 양덕남9길 20",
            "세대수":0,
            "입주년차":60,
            "용적률점수":"--",
            "건폐율점수":"--",
            "세대당주차수":0,
            "난방방식":30,
            "공급면적":"--",
            "전용률":"--",
            "욕실수":50,
            "현관타입":100,
            "주거총점":30.0,
            "지역구공급총점":0.0,
            "역세권":"NA",
            "30분내 이동가능 거점":"NA",
            "1시간내 이동가능 거점":"NA",
            "교통총점":"NA",
            "백화점":100,
            "아울렛몰":0,
            "대형마트":100,
            "은행":70,
            "병원":60,
            "종합병원":100,
            "공원":100,
            "혐오시설":0,
            "인프라총점":81.0,
            "초등학군":90.04,
            "중학군":41.26,
            "학군총점":51.016,
            "인구수":20.26,
            "인구증감":-18.69,
            "인구총점":8.575,
            "일자리":11.24,
            "소득수준":82.32,
            "일자리총점":32.564,
            "가치 총점":55.654,
            "매매실거래년":20200323.0,
            "매매실거래가":13500.0,
            "전세실거래년":20130315.0,
            "전세실거래가":7000.0,
            "전세가율":76.92,
            "장기전세가율평균":75.61,
            "전세가율거품지수":-1.31,
            "검색코드":112271,
            "세대수":50.0,
            "준공년월":"2012-12-14",
            "준공년차":11.0,
            "가까운역이름":"NA",
            "가까운역거리":"NA",
            "역세권여부":"NA",
            "30분이내주요거점역":"NA",
            "30분거점역이름":"NA",
            "1시간이내주요거점역":"NA",
            "1시간거점역이름":"NA",
            "3km이내백화점수":2,
            "5km이내아울렛몰수":0,
            "1km이내대형먀트수":2,
            "500m이내은행수":3,
            "500m이내병원수":23,
            "5km이내대형병원수":4,
            "500m이내공원수":2,
            "3km이내혐오시설수":0,
            "초등학교학업성취도":90.04,
            "중학교학업성취도":67.5,
            "용적률":317,
            "건폐율":58,
            "Y":35.222082,
            "X":128.588309,
            "rank":26.0,
            "area_info":"14평(48.49), 18평(61.94), 18평(62.8), 19평(63.21), 19평(64.09), 19평(64.34), 23평(77.19)",
            "last_sales":"2020-03-23,13500.0,23평(77.19)",
            "rank_history":[
                [
                    "202203",
                    26
                ],
                [
                    "202202",
                    9999
                ]
            ],
            "rank_gap":9999
        },
        {
            "index":274,
            "아파트명":"경민인터빌",
            "투자타입":"일반",
            "전용면적(m2)":"48.86",
            "전용면적(평)":"14평",
            "법정동주소":"경상남도 창원시 마산회원구 양덕동 15-27",
            "도로명주소":"경상남도 창원시 마산회원구 양덕북12길 113",
            "세대수":0,
            "입주년차":20,
            "용적률점수":"--",
            "건폐율점수":"--",
            "세대당주차수":60,
            "난방방식":30,
            "공급면적":"--",
            "전용률":"--",
            "욕실수":50,
            "현관타입":100,
            "주거총점":31.0,
            "지역구공급총점":0.0,
            "역세권":"NA",
            "30분내 이동가능 거점":"NA",
            "1시간내 이동가능 거점":"NA",
            "교통총점":"NA",
            "백화점":100,
            "아울렛몰":0,
            "대형마트":100,
            "은행":0,
            "병원":60,
            "종합병원":100,
            "공원":100,
            "혐오시설":0,
            "인프라총점":74.0,
            "초등학군":89.99,
            "중학군":51.8,
            "학군총점":59.438,
            "인구수":20.26,
            "인구증감":-18.69,
            "인구총점":8.575,
            "일자리":11.24,
            "소득수준":82.32,
            "일자리총점":32.564,
            "가치 총점":55.3095,
            "매매실거래년":20210813.0,
            "매매실거래가":14400.0,
            "전세실거래년":null,
            "전세실거래가":null,
            "전세가율":null,
            "장기전세가율평균":75.61,
            "전세가율거품지수":null,
            "검색코드":108791,
            "세대수":72.0,
            "준공년월":"2000-01-24",
            "준공년차":23.0,
            "가까운역이름":"NA",
            "가까운역거리":"NA",
            "역세권여부":"NA",
            "30분이내주요거점역":"NA",
            "30분거점역이름":"NA",
            "1시간이내주요거점역":"NA",
            "1시간거점역이름":"NA",
            "3km이내백화점수":1,
            "5km이내아울렛몰수":0,
            "1km이내대형먀트수":2,
            "500m이내은행수":1,
            "500m이내병원수":29,
            "5km이내대형병원수":3,
            "500m이내공원수":3,
            "3km이내혐오시설수":0,
            "초등학교학업성취도":89.99,
            "중학교학업성취도":85.2,
            "용적률":837,
            "건폐율":78,
            "Y":35.231983,
            "X":128.583777,
            "rank":27.0,
            "area_info":"14평(48.86), 24평(79.83), 30평(101.81), 34평(112.98)",
            "last_sales":"2021-08-13,14400.0,34평(112.98)",
            "rank_history":[
                [
                    "202203",
                    27
                ],
                [
                    "202202",
                    9999
                ]
            ],
            "rank_gap":9999
        },
        {
            "index":346,
            "아파트명":"신우빌리지",
            "투자타입":"일반",
            "전용면적(m2)":"103.01",
            "전용면적(평)":"31평",
            "법정동주소":"경상남도 창원시 마산회원구 양덕동 12-20",
            "도로명주소":"경상남도 창원시 마산회원구 합성옛길 35",
            "세대수":0,
            "입주년차":20,
            "용적률점수":"--",
            "건폐율점수":"--",
            "세대당주차수":30,
            "난방방식":30,
            "공급면적":"--",
            "전용률":"--",
            "욕실수":100,
            "현관타입":100,
            "주거총점":31.5,
            "지역구공급총점":0.0,
            "역세권":"NA",
            "30분내 이동가능 거점":"NA",
            "1시간내 이동가능 거점":"NA",
            "교통총점":"NA",
            "백화점":100,
            "아울렛몰":0,
            "대형마트":80,
            "은행":0,
            "병원":80,
            "종합병원":100,
            "공원":100,
            "혐오시설":0,
            "인프라총점":73.0,
            "초등학군":89.99,
            "중학군":51.8,
            "학군총점":59.438,
            "인구수":20.26,
            "인구증감":-18.69,
            "인구총점":8.575,
            "일자리":11.24,
            "소득수준":82.32,
            "일자리총점":32.564,
            "가치 총점":55.0845,
            "매매실거래년":20220128.0,
            "매매실거래가":17600.0,
            "전세실거래년":20200326.0,
            "전세실거래가":15000.0,
            "전세가율":85.23,
            "장기전세가율평균":75.61,
            "전세가율거품지수":-9.62,
            "검색코드":15561,
            "세대수":84.0,
            "준공년월":"2003-01-30",
            "준공년차":20.0,
            "가까운역이름":"NA",
            "가까운역거리":"NA",
            "역세권여부":"NA",
            "30분이내주요거점역":"NA",
            "30분거점역이름":"NA",
            "1시간이내주요거점역":"NA",
            "1시간거점역이름":"NA",
            "3km이내백화점수":1,
            "5km이내아울렛몰수":0,
            "1km이내대형먀트수":1,
            "500m이내은행수":1,
            "500m이내병원수":52,
            "5km이내대형병원수":3,
            "500m이내공원수":3,
            "3km이내혐오시설수":0,
            "초등학교학업성취도":89.99,
            "중학교학업성취도":85.2,
            "용적률":461,
            "건폐율":47,
            "Y":35.23354,
            "X":128.58243,
            "rank":28.0,
            "area_info":"31평(103.01), 31평(105.76)",
            "last_sales":"2022-01-28,17600.0,31평(103.01)",
            "rank_history":[
                [
                    "202203",
                    28
                ],
                [
                    "202202",
                    9999
                ]
            ],
            "rank_gap":9999
        },
        {
            "index":309,
            "아파트명":"무학",
            "투자타입":"재건축",
            "전용면적(m2)":"58.05",
            "전용면적(평)":"17평",
            "법정동주소":"경상남도 창원시 마산회원구 양덕동 829-1",
            "도로명주소":"경상남도 창원시 마산회원구 양덕북9길 34",
            "세대수":0,
            "입주년차":"--",
            "용적률점수":80,
            "건폐율점수":0,
            "세대당주차수":"--",
            "난방방식":"--",
            "공급면적":50,
            "전용률":80,
            "욕실수":"--",
            "현관타입":"--",
            "주거총점":38.5,
            "지역구공급총점":0.0,
            "역세권":"NA",
            "30분내 이동가능 거점":"NA",
            "1시간내 이동가능 거점":"NA",
            "교통총점":"NA",
            "백화점":100,
            "아울렛몰":0,
            "대형마트":80,
            "은행":0,
            "병원":60,
            "종합병원":100,
            "공원":100,
            "혐오시설":0,
            "인프라총점":71.0,
            "초등학군":89.99,
            "중학군":42.78,
            "학군총점":52.222,
            "인구수":20.26,
            "인구증감":-18.69,
            "인구총점":8.575,
            "일자리":11.24,
            "소득수준":82.32,
            "일자리총점":32.564,
            "가치 총점":54.9305,
            "매매실거래년":20211025.0,
            "매매실거래가":7700.0,
            "전세실거래년":20210905.0,
            "전세실거래가":8000.0,
            "전세가율":94.12,
            "장기전세가율평균":75.61,
            "전세가율거품지수":-18.51,
            "검색코드":15552,
            "세대수":80.0,
            "준공년월":"1983-12-27",
            "준공년차":40.0,
            "가까운역이름":"NA",
            "가까운역거리":"NA",
            "역세권여부":"NA",
            "30분이내주요거점역":"NA",
            "30분거점역이름":"NA",
            "1시간이내주요거점역":"NA",
            "1시간거점역이름":"NA",
            "3km이내백화점수":1,
            "5km이내아울렛몰수":0,
            "1km이내대형먀트수":1,
            "500m이내은행수":1,
            "500m이내병원수":18,
            "5km이내대형병원수":3,
            "500m이내공원수":3,
            "3km이내혐오시설수":0,
            "초등학교학업성취도":89.99,
            "중학교학업성취도":67.3,
            "용적률":156,
            "건폐율":0,
            "Y":35.23501,
            "X":128.586062,
            "rank":29.0,
            "area_info":"17평(58.05), 18평(62.1), 19평(63.0), 20평(67.05), 22평(73.62)",
            "last_sales":"2021-10-25,7700.0,20평(67.05)",
            "rank_history":[
                [
                    "202203",
                    29
                ],
                [
                    "202202",
                    9999
                ]
            ],
            "rank_gap":9999
        },
        {
            "index":236,
            "아파트명":"석전다움",
            "투자타입":"일반",
            "전용면적(m2)":"72.33",
            "전용면적(평)":"21평",
            "법정동주소":"경상남도 창원시 마산회원구 석전동 223-2",
            "도로명주소":"경상남도 창원시 마산회원구 석전동15길 40",
            "세대수":0,
            "입주년차":80,
            "용적률점수":"--",
            "건폐율점수":"--",
            "세대당주차수":0,
            "난방방식":30,
            "공급면적":"--",
            "전용률":"--",
            "욕실수":50,
            "현관타입":100,
            "주거총점":34.0,
            "지역구공급총점":0.0,
            "역세권":"NA",
            "30분내 이동가능 거점":"NA",
            "1시간내 이동가능 거점":"NA",
            "교통총점":"NA",
            "백화점":100,
            "아울렛몰":0,
            "대형마트":80,
            "은행":0,
            "병원":80,
            "종합병원":100,
            "공원":100,
            "혐오시설":0,
            "인프라총점":73.0,
            "초등학군":90.01,
            "중학군":42.78,
            "학군총점":52.226,
            "인구수":20.26,
            "인구증감":-18.69,
            "인구총점":8.575,
            "일자리":11.24,
            "소득수준":82.32,
            "일자리총점":32.564,
            "가치 총점":54.1565,
            "매매실거래년":20220215.0,
            "매매실거래가":23000.0,
            "전세실거래년":20200219.0,
            "전세실거래가":14000.0,
            "전세가율":79.1,
            "장기전세가율평균":75.61,
            "전세가율거품지수":-3.49,
            "검색코드":123197,
            "세대수":68.0,
            "준공년월":"2017-10-27",
            "준공년차":6.0,
            "가까운역이름":"NA",
            "가까운역거리":"NA",
            "역세권여부":"NA",
            "30분이내주요거점역":"NA",
            "30분거점역이름":"NA",
            "1시간이내주요거점역":"NA",
            "1시간거점역이름":"NA",
            "3km이내백화점수":1,
            "5km이내아울렛몰수":0,
            "1km이내대형먀트수":1,
            "500m이내은행수":1,
            "500m이내병원수":54,
            "5km이내대형병원수":3,
            "500m이내공원수":4,
            "3km이내혐오시설수":0,
            "초등학교학업성취도":90.01,
            "중학교학업성취도":67.3,
            "용적률":499,
            "건폐율":73,
            "Y":35.236648,
            "X":128.580226,
            "rank":30.0,
            "area_info":"21평(72.33), 27평(92.31), 27평(92.13)",
            "last_sales":"2022-02-15,23000.0,27평(92.31)",
            "rank_history":[
                [
                    "202203",
                    30
                ],
                [
                    "202202",
                    9999
                ]
            ],
            "rank_gap":9999
        },
        {
            "index":468,
            "아파트명":"삼성메르빌",
            "투자타입":"일반",
            "전용면적(m2)":"110.98",
            "전용면적(평)":"33평",
            "법정동주소":"경상남도 창원시 마산회원구 회원동 403-3",
            "도로명주소":"경상남도 창원시 마산회원구 회원남1길 49",
            "세대수":0,
            "입주년차":40,
            "용적률점수":"--",
            "건폐율점수":"--",
            "세대당주차수":30,
            "난방방식":30,
            "공급면적":"--",
            "전용률":"--",
            "욕실수":100,
            "현관타입":100,
            "주거총점":35.5,
            "지역구공급총점":0.0,
            "역세권":"NA",
            "30분내 이동가능 거점":"NA",
            "1시간내 이동가능 거점":"NA",
            "교통총점":"NA",
            "백화점":100,
            "아울렛몰":0,
            "대형마트":80,
            "은행":0,
            "병원":80,
            "종합병원":100,
            "공원":100,
            "혐오시설":0,
            "인프라총점":73.0,
            "초등학군":89.97,
            "중학군":40.1,
            "학군총점":50.074,
            "인구수":20.26,
            "인구증감":-18.69,
            "인구총점":8.575,
            "일자리":11.24,
            "소득수준":82.32,
            "일자리총점":32.564,
            "가치 총점":54.1435,
            "매매실거래년":20210814.0,
            "매매실거래가":17000.0,
            "전세실거래년":20201007.0,
            "전세실거래가":11000.0,
            "전세가율":64.71,
            "장기전세가율평균":75.61,
            "전세가율거품지수":10.9,
            "검색코드":121184,
            "세대수":81.0,
            "준공년월":"2004-12-27",
            "준공년차":19.0,
            "가까운역이름":"NA",
            "가까운역거리":"NA",
            "역세권여부":"NA",
            "30분이내주요거점역":"NA",
            "30분거점역이름":"NA",
            "1시간이내주요거점역":"NA",
            "1시간거점역이름":"NA",
            "3km이내백화점수":2,
            "5km이내아울렛몰수":0,
            "1km이내대형먀트수":1,
            "500m이내은행수":1,
            "500m이내병원수":33,
            "5km이내대형병원수":4,
            "500m이내공원수":6,
            "3km이내혐오시설수":0,
            "초등학교학업성취도":89.97,
            "중학교학업성취도":65.9,
            "용적률":490,
            "건폐율":68,
            "Y":35.218466,
            "X":128.570177,
            "rank":31.0,
            "area_info":"33평(110.98), 34평(113.17)",
            "last_sales":"2021-08-14,17000.0,33평(110.98)",
            "rank_history":[
                [
                    "202203",
                    31
                ],
                [
                    "202202",
                    9999
                ]
            ],
            "rank_gap":9999
        },
        {
            "index":472,
            "아파트명":"천지리치빌",
            "투자타입":"일반",
            "전용면적(m2)":"107.11",
            "전용면적(평)":"32평",
            "법정동주소":"경상남도 창원시 마산회원구 회원동 50-5",
            "도로명주소":"경상남도 창원시 마산회원구 북성로 138",
            "세대수":0,
            "입주년차":40,
            "용적률점수":"--",
            "건폐율점수":"--",
            "세대당주차수":30,
            "난방방식":30,
            "공급면적":"--",
            "전용률":"--",
            "욕실수":100,
            "현관타입":100,
            "주거총점":35.5,
            "지역구공급총점":0.0,
            "역세권":"NA",
            "30분내 이동가능 거점":"NA",
            "1시간내 이동가능 거점":"NA",
            "교통총점":"NA",
            "백화점":100,
            "아울렛몰":0,
            "대형마트":80,
            "은행":0,
            "병원":80,
            "종합병원":100,
            "공원":100,
            "혐오시설":0,
            "인프라총점":73.0,
            "초등학군":89.97,
            "중학군":40.1,
            "학군총점":50.074,
            "인구수":20.26,
            "인구증감":-18.69,
            "인구총점":8.575,
            "일자리":11.24,
            "소득수준":82.32,
            "일자리총점":32.564,
            "가치 총점":54.1435,
            "매매실거래년":20210924.0,
            "매매실거래가":35500.0,
            "전세실거래년":20210326.0,
            "전세실거래가":16000.0,
            "전세가율":82.05,
            "장기전세가율평균":75.61,
            "전세가율거품지수":-6.44,
            "검색코드":24226,
            "세대수":90.0,
            "준공년월":"2006-06-15",
            "준공년차":17.0,
            "가까운역이름":"NA",
            "가까운역거리":"NA",
            "역세권여부":"NA",
            "30분이내주요거점역":"NA",
            "30분거점역이름":"NA",
            "1시간이내주요거점역":"NA",
            "1시간거점역이름":"NA",
            "3km이내백화점수":2,
            "5km이내아울렛몰수":0,
            "1km이내대형먀트수":1,
            "500m이내은행수":1,
            "500m이내병원수":33,
            "5km이내대형병원수":4,
            "500m이내공원수":7,
            "3km이내혐오시설수":0,
            "초등학교학업성취도":89.97,
            "중학교학업성취도":65.9,
            "용적률":351,
            "건폐율":64,
            "Y":35.219325,
            "X":128.571021,
            "rank":31.0,
            "area_info":"32평(107.11), 60평(199.53)",
            "last_sales":"2021-09-24,35500.0,60평(199.53)",
            "rank_history":[
                [
                    "202203",
                    31
                ],
                [
                    "202202",
                    9999
                ]
            ],
            "rank_gap":9999
        },
        {
            "index":325,
            "아파트명":"삼성버킹궁",
            "투자타입":"일반",
            "전용면적(m2)":"101.7",
            "전용면적(평)":"30평",
            "법정동주소":"경상남도 창원시 마산회원구 양덕동 148-3",
            "도로명주소":"경상남도 창원시 마산회원구 용마로 142",
            "세대수":0,
            "입주년차":20,
            "용적률점수":"--",
            "건폐율점수":"--",
            "세대당주차수":30,
            "난방방식":30,
            "공급면적":"--",
            "전용률":"--",
            "욕실수":100,
            "현관타입":50,
            "주거총점":26.5,
            "지역구공급총점":0.0,
            "역세권":"NA",
            "30분내 이동가능 거점":"NA",
            "1시간내 이동가능 거점":"NA",
            "교통총점":"NA",
            "백화점":100,
            "아울렛몰":0,
            "대형마트":100,
            "은행":20,
            "병원":60,
            "종합병원":100,
            "공원":80,
            "혐오시설":0,
            "인프라총점":75.4,
            "초등학군":90.0,
            "중학군":51.04,
            "학군총점":58.832,
            "인구수":20.26,
            "인구증감":-18.69,
            "인구총점":8.575,
            "일자리":11.24,
            "소득수준":82.32,
            "일자리총점":32.564,
            "가치 총점":54.143,
            "매매실거래년":20220117.0,
            "매매실거래가":21500.0,
            "전세실거래년":20190614.0,
            "전세실거래가":15500.0,
            "전세가율":89.6,
            "장기전세가율평균":75.61,
            "전세가율거품지수":-13.99,
            "검색코드":15559,
            "세대수":170.0,
            "준공년월":"2002-07-23",
            "준공년차":21.0,
            "가까운역이름":"NA",
            "가까운역거리":"NA",
            "역세권여부":"NA",
            "30분이내주요거점역":"NA",
            "30분거점역이름":"NA",
            "1시간이내주요거점역":"NA",
            "1시간거점역이름":"NA",
            "3km이내백화점수":2,
            "5km이내아울렛몰수":0,
            "1km이내대형먀트수":2,
            "500m이내은행수":2,
            "500m이내병원수":18,
            "5km이내대형병원수":4,
            "500m이내공원수":1,
            "3km이내혐오시설수":0,
            "초등학교학업성취도":90.0,
            "중학교학업성취도":82.4,
            "용적률":462,
            "건폐율":39,
            "Y":35.224668,
            "X":128.586702,
            "rank":32.0,
            "area_info":"30평(101.7), 31평(102.54), 31평(103.77)",
            "last_sales":"2022-01-17,21500.0,31평(103.77)",
            "rank_history":[
                [
                    "202203",
                    32
                ],
                [
                    "202202",
                    18
                ],
                [
                    "202201",
                    17
                ]
            ],
            "rank_gap":-14
        },
        {
            "index":342,
            "아파트명":"신성미소지움",
            "투자타입":"일반",
            "전용면적(m2)":"103.73",
            "전용면적(평)":"31평",
            "법정동주소":"경상남도 창원시 마산회원구 양덕동 102-1",
            "도로명주소":"경상남도 창원시 마산회원구 양덕북17길 73",
            "세대수":0,
            "입주년차":20,
            "용적률점수":"--",
            "건폐율점수":"--",
            "세대당주차수":30,
            "난방방식":30,
            "공급면적":"--",
            "전용률":"--",
            "욕실수":100,
            "현관타입":100,
            "주거총점":31.5,
            "지역구공급총점":0.0,
            "역세권":"NA",
            "30분내 이동가능 거점":"NA",
            "1시간내 이동가능 거점":"NA",
            "교통총점":"NA",
            "백화점":100,
            "아울렛몰":0,
            "대형마트":80,
            "은행":20,
            "병원":80,
            "종합병원":100,
            "공원":100,
            "혐오시설":0,
            "인프라총점":75.0,
            "초등학군":89.99,
            "중학군":42.78,
            "학군총점":52.222,
            "인구수":20.26,
            "인구증감":-18.69,
            "인구총점":8.575,
            "일자리":11.24,
            "소득수준":82.32,
            "일자리총점":32.564,
            "가치 총점":54.0805,
            "매매실거래년":20211115.0,
            "매매실거래가":22000.0,
            "전세실거래년":20211130.0,
            "전세실거래가":20000.0,
            "전세가율":90.91,
            "장기전세가율평균":75.61,
            "전세가율거품지수":-15.3,
            "검색코드":17370,
            "세대수":227.0,
            "준공년월":"2003-12-17",
            "준공년차":20.0,
            "가까운역이름":"NA",
            "가까운역거리":"NA",
            "역세권여부":"NA",
            "30분이내주요거점역":"NA",
            "30분거점역이름":"NA",
            "1시간이내주요거점역":"NA",
            "1시간거점역이름":"NA",
            "3km이내백화점수":1,
            "5km이내아울렛몰수":0,
            "1km이내대형먀트수":1,
            "500m이내은행수":2,
            "500m이내병원수":45,
            "5km이내대형병원수":3,
            "500m이내공원수":3,
            "3km이내혐오시설수":0,
            "초등학교학업성취도":89.99,
            "중학교학업성취도":67.3,
            "용적률":260,
            "건폐율":21,
            "Y":35.233867,
            "X":128.58378,
            "rank":33.0,
            "area_info":"31평(103.73), 31평(103.34), 31평(103.66), 40평(133.33)",
            "last_sales":"2021-11-15,22000.0,31평(103.73)",
            "rank_history":[
                [
                    "202203",
                    33
                ],
                [
                    "202202",
                    19
                ],
                [
                    "202201",
                    18
                ]
            ],
            "rank_gap":-14
        },
        {
            "index":362,
            "아파트명":"양덕지오피아",
            "투자타입":"일반",
            "전용면적(m2)":"74.57",
            "전용면적(평)":"22평",
            "법정동주소":"경상남도 창원시 마산회원구 양덕동 177-1",
            "도로명주소":"경상남도 창원시 마산회원구 양덕동9길 30",
            "세대수":0,
            "입주년차":40,
            "용적률점수":"--",
            "건폐율점수":"--",
            "세대당주차수":0,
            "난방방식":30,
            "공급면적":"--",
            "전용률":"--",
            "욕실수":50,
            "현관타입":100,
            "주거총점":26.0,
            "지역구공급총점":0.0,
            "역세권":"NA",
            "30분내 이동가능 거점":"NA",
            "1시간내 이동가능 거점":"NA",
            "교통총점":"NA",
            "백화점":100,
            "아울렛몰":0,
            "대형마트":100,
            "은행":20,
            "병원":60,
            "종합병원":100,
            "공원":80,
            "혐오시설":0,
            "인프라총점":75.4,
            "초등학군":89.99,
            "중학군":51.04,
            "학군총점":58.83,
            "인구수":20.26,
            "인구증감":-18.69,
            "인구총점":8.575,
            "일자리":11.24,
            "소득수준":82.32,
            "일자리총점":32.564,
            "가치 총점":53.9675,
            "매매실거래년":20220203.0,
            "매매실거래가":14800.0,
            "전세실거래년":20210327.0,
            "전세실거래가":13000.0,
            "전세가율":87.84,
            "장기전세가율평균":75.61,
            "전세가율거품지수":-12.23,
            "검색코드":110000,
            "세대수":62.0,
            "준공년월":"2007-04-27",
            "준공년차":16.0,
            "가까운역이름":"NA",
            "가까운역거리":"NA",
            "역세권여부":"NA",
            "30분이내주요거점역":"NA",
            "30분거점역이름":"NA",
            "1시간이내주요거점역":"NA",
            "1시간거점역이름":"NA",
            "3km이내백화점수":1,
            "5km이내아울렛몰수":0,
            "1km이내대형먀트수":2,
            "500m이내은행수":2,
            "500m이내병원수":15,
            "5km이내대형병원수":3,
            "500m이내공원수":1,
            "3km이내혐오시설수":0,
            "초등학교학업성취도":89.99,
            "중학교학업성취도":82.4,
            "용적률":283,
            "건폐율":31,
            "Y":35.228999,
            "X":128.587535,
            "rank":34.0,
            "area_info":"22평(74.57), 29평(98.41)",
            "last_sales":"2022-02-03,14800.0,22평(74.57)",
            "rank_history":[
                [
                    "202203",
                    34
                ],
                [
                    "202202",
                    9999
                ]
            ],
            "rank_gap":9999
        },
        {
            "index":256,
            "아파트명":"주영하이츠",
            "투자타입":"일반",
            "전용면적(m2)":"108.46",
            "전용면적(평)":"32평",
            "법정동주소":"경상남도 창원시 마산회원구 석전동 239-8",
            "도로명주소":"경상남도 창원시 마산회원구 석전동11길 46",
            "세대수":0,
            "입주년차":20,
            "용적률점수":"--",
            "건폐율점수":"--",
            "세대당주차수":30,
            "난방방식":30,
            "공급면적":"--",
            "전용률":"--",
            "욕실수":100,
            "현관타입":100,
            "주거총점":31.5,
            "지역구공급총점":0.0,
            "역세권":"NA",
            "30분내 이동가능 거점":"NA",
            "1시간내 이동가능 거점":"NA",
            "교통총점":"NA",
            "백화점":100,
            "아울렛몰":0,
            "대형마트":80,
            "은행":0,
            "병원":80,
            "종합병원":100,
            "공원":100,
            "혐오시설":0,
            "인프라총점":73.0,
            "초등학군":90.01,
            "중학군":45.06,
            "학군총점":54.05,
            "인구수":20.26,
            "인구증감":-18.69,
            "인구총점":8.575,
            "일자리":11.24,
            "소득수준":82.32,
            "일자리총점":32.564,
            "가치 총점":53.7375,
            "매매실거래년":20211029.0,
            "매매실거래가":15900.0,
            "전세실거래년":20191227.0,
            "전세실거래가":12000.0,
            "전세가율":75.47,
            "장기전세가율평균":75.61,
            "전세가율거품지수":0.14,
            "검색코드":100992,
            "세대수":72.0,
            "준공년월":"1999-06-17",
            "준공년차":24.0,
            "가까운역이름":"NA",
            "가까운역거리":"NA",
            "역세권여부":"NA",
            "30분이내주요거점역":"NA",
            "30분거점역이름":"NA",
            "1시간이내주요거점역":"NA",
            "1시간거점역이름":"NA",
            "3km이내백화점수":1,
            "5km이내아울렛몰수":0,
            "1km이내대형먀트수":1,
            "500m이내은행수":1,
            "500m이내병원수":32,
            "5km이내대형병원수":3,
            "500m이내공원수":3,
            "3km이내혐오시설수":0,
            "초등학교학업성취도":90.01,
            "중학교학업성취도":72.5,
            "용적률":460,
            "건폐율":30,
            "Y":35.233951,
            "X":128.575661,
            "rank":35.0,
            "area_info":"32평(108.46)",
            "last_sales":"2021-10-29,15900.0,32평(108.46)",
            "rank_history":[
                [
                    "202203",
                    35
                ],
                [
                    "202202",
                    9999
                ]
            ],
            "rank_gap":9999
        },
        {
            "index":214,
            "아파트명":"C.K밸리1",
            "투자타입":"일반",
            "전용면적(m2)":"80.68",
            "전용면적(평)":"24평",
            "법정동주소":"경상남도 창원시 마산회원구 석전동 239-1",
            "도로명주소":"경상남도 창원시 마산회원구 석전동14길 47",
            "세대수":0,
            "입주년차":40,
            "용적률점수":"--",
            "건폐율점수":"--",
            "세대당주차수":0,
            "난방방식":30,
            "공급면적":"--",
            "전용률":"--",
            "욕실수":100,
            "현관타입":100,
            "주거총점":31.0,
            "지역구공급총점":0.0,
            "역세권":"NA",
            "30분내 이동가능 거점":"NA",
            "1시간내 이동가능 거점":"NA",
            "교통총점":"NA",
            "백화점":100,
            "아울렛몰":0,
            "대형마트":80,
            "은행":0,
            "병원":80,
            "종합병원":100,
            "공원":100,
            "혐오시설":0,
            "인프라총점":73.0,
            "초등학군":90.01,
            "중학군":45.06,
            "학군총점":54.05,
            "인구수":20.26,
            "인구증감":-18.69,
            "인구총점":8.575,
            "일자리":11.24,
            "소득수준":82.32,
            "일자리총점":32.564,
            "가치 총점":53.5625,
            "매매실거래년":20200402.0,
            "매매실거래가":16750.0,
            "전세실거래년":20120301.0,
            "전세실거래가":9000.0,
            "전세가율":60.0,
            "장기전세가율평균":75.61,
            "전세가율거품지수":15.61,
            "검색코드":138383,
            "세대수":52.0,
            "준공년월":"2004-03-03",
            "준공년차":19.0,
            "가까운역이름":"NA",
            "가까운역거리":"NA",
            "역세권여부":"NA",
            "30분이내주요거점역":"NA",
            "30분거점역이름":"NA",
            "1시간이내주요거점역":"NA",
            "1시간거점역이름":"NA",
            "3km이내백화점수":1,
            "5km이내아울렛몰수":0,
            "1km이내대형먀트수":1,
            "500m이내은행수":1,
            "500m이내병원수":32,
            "5km이내대형병원수":3,
            "500m이내공원수":3,
            "3km이내혐오시설수":0,
            "초등학교학업성취도":90.01,
            "중학교학업성취도":72.5,
            "용적률":475,
            "건폐율":66,
            "Y":35.234345,
            "X":128.576028,
            "rank":36.0,
            "area_info":"24평(80.68), 32평(106.74)",
            "last_sales":"2020-04-02,16750.0,32평(106.74)",
            "rank_history":[
                [
                    "202203",
                    36
                ],
                [
                    "202202",
                    9999
                ]
            ],
            "rank_gap":9999
        },
        {
            "index":352,
            "아파트명":"양덕신우",
            "투자타입":"일반",
            "전용면적(m2)":"83.65",
            "전용면적(평)":"25평",
            "법정동주소":"경상남도 창원시 마산회원구 양덕동 155-5",
            "도로명주소":"경상남도 창원시 마산회원구 양덕남9길 63",
            "세대수":0,
            "입주년차":0,
            "용적률점수":"--",
            "건폐율점수":"--",
            "세대당주차수":0,
            "난방방식":30,
            "공급면적":"--",
            "전용률":"--",
            "욕실수":50,
            "현관타입":100,
            "주거총점":18.0,
            "지역구공급총점":0.0,
            "역세권":"NA",
            "30분내 이동가능 거점":"NA",
            "1시간내 이동가능 거점":"NA",
            "교통총점":"NA",
            "백화점":100,
            "아울렛몰":0,
            "대형마트":100,
            "은행":70,
            "병원":60,
            "종합병원":100,
            "공원":100,
            "혐오시설":0,
            "인프라총점":81.0,
            "초등학군":90.04,
            "중학군":51.04,
            "학군총점":58.84,
            "인구수":20.26,
            "인구증감":-18.69,
            "인구총점":8.575,
            "일자리":11.24,
            "소득수준":82.32,
            "일자리총점":32.564,
            "가치 총점":53.41,
            "매매실거래년":20210811.0,
            "매매실거래가":11170.0,
            "전세실거래년":20210911.0,
            "전세실거래가":10000.0,
            "전세가율":89.53,
            "장기전세가율평균":75.61,
            "전세가율거품지수":-13.92,
            "검색코드":16645,
            "세대수":56.0,
            "준공년월":"1997-12-23",
            "준공년차":26.0,
            "가까운역이름":"NA",
            "가까운역거리":"NA",
            "역세권여부":"NA",
            "30분이내주요거점역":"NA",
            "30분거점역이름":"NA",
            "1시간이내주요거점역":"NA",
            "1시간거점역이름":"NA",
            "3km이내백화점수":2,
            "5km이내아울렛몰수":0,
            "1km이내대형먀트수":2,
            "500m이내은행수":3,
            "500m이내병원수":20,
            "5km이내대형병원수":4,
            "500m이내공원수":2,
            "3km이내혐오시설수":0,
            "초등학교학업성취도":90.04,
            "중학교학업성취도":82.4,
            "용적률":311,
            "건폐율":29,
            "Y":35.223759,
            "X":128.588189,
            "rank":37.0,
            "area_info":"25평(83.65), 34평(113.68)",
            "last_sales":"2021-08-11,11170.0,25평(83.65)",
            "rank_history":[
                [
                    "202203",
                    37
                ],
                [
                    "202202",
                    9999
                ]
            ],
            "rank_gap":9999
        },
        {
            "index":471,
            "아파트명":"중앙캐스빌",
            "투자타입":"일반",
            "전용면적(m2)":"107.81",
            "전용면적(평)":"32평",
            "법정동주소":"경상남도 창원시 마산회원구 회원동 415-1",
            "도로명주소":"경상남도 창원시 마산회원구 회원동서로 10",
            "세대수":0,
            "입주년차":20,
            "용적률점수":"--",
            "건폐율점수":"--",
            "세대당주차수":30,
            "난방방식":30,
            "공급면적":"--",
            "전용률":"--",
            "욕실수":100,
            "현관타입":100,
            "주거총점":31.5,
            "지역구공급총점":0.0,
            "역세권":"NA",
            "30분내 이동가능 거점":"NA",
            "1시간내 이동가능 거점":"NA",
            "교통총점":"NA",
            "백화점":100,
            "아울렛몰":0,
            "대형마트":80,
            "은행":0,
            "병원":80,
            "종합병원":100,
            "공원":100,
            "혐오시설":0,
            "인프라총점":73.0,
            "초등학군":89.97,
            "중학군":40.1,
            "학군총점":50.074,
            "인구수":20.26,
            "인구증감":-18.69,
            "인구총점":8.575,
            "일자리":11.24,
            "소득수준":82.32,
            "일자리총점":32.564,
            "가치 총점":52.7435,
            "매매실거래년":20210915.0,
            "매매실거래가":18000.0,
            "전세실거래년":20210302.0,
            "전세실거래가":16000.0,
            "전세가율":88.89,
            "장기전세가율평균":75.61,
            "전세가율거품지수":-13.28,
            "검색코드":121182,
            "세대수":52.0,
            "준공년월":"2002-06-27",
            "준공년차":21.0,
            "가까운역이름":"NA",
            "가까운역거리":"NA",
            "역세권여부":"NA",
            "30분이내주요거점역":"NA",
            "30분거점역이름":"NA",
            "1시간이내주요거점역":"NA",
            "1시간거점역이름":"NA",
            "3km이내백화점수":2,
            "5km이내아울렛몰수":0,
            "1km이내대형먀트수":1,
            "500m이내은행수":1,
            "500m이내병원수":33,
            "5km이내대형병원수":4,
            "500m이내공원수":5,
            "3km이내혐오시설수":0,
            "초등학교학업성취도":89.97,
            "중학교학업성취도":65.9,
            "용적률":219,
            "건폐율":26,
            "Y":35.218651,
            "X":128.571994,
            "rank":38.0,
            "area_info":"32평(107.81)",
            "last_sales":"2021-09-15,18000.0,32평(107.81)",
            "rank_history":[
                [
                    "202203",
                    38
                ],
                [
                    "202202",
                    9999
                ]
            ],
            "rank_gap":9999
        },
        {
            "index":187,
            "아파트명":"코오롱하늘채2차",
            "투자타입":"일반",
            "전용면적(m2)":"98.9",
            "전용면적(평)":"29평",
            "법정동주소":"경상남도 창원시 마산회원구 내서읍 호계리 80",
            "도로명주소":"경상남도 창원시 마산회원구 호원로 359",
            "세대수":100,
            "입주년차":40,
            "용적률점수":"--",
            "건폐율점수":"--",
            "세대당주차수":30,
            "난방방식":30,
            "공급면적":"--",
            "전용률":"--",
            "욕실수":100,
            "현관타입":100,
            "주거총점":70.5,
            "지역구공급총점":0.0,
            "역세권":"NA",
            "30분내 이동가능 거점":"NA",
            "1시간내 이동가능 거점":"NA",
            "교통총점":"NA",
            "백화점":0,
            "아울렛몰":0,
            "대형마트":80,
            "은행":0,
            "병원":60,
            "종합병원":80,
            "공원":0,
            "혐오시설":0,
            "인프라총점":34.0,
            "초등학군":90.0,
            "중학군":47.52,
            "학군총점":56.016,
            "인구수":20.26,
            "인구증감":-18.69,
            "인구총점":8.575,
            "일자리":11.24,
            "소득수준":82.32,
            "일자리총점":32.564,
            "가치 총점":52.279,
            "매매실거래년":20220220.0,
            "매매실거래가":26700.0,
            "전세실거래년":20220219.0,
            "전세실거래가":21000.0,
            "전세가율":84.34,
            "장기전세가율평균":75.61,
            "전세가율거품지수":-8.73,
            "검색코드":17368,
            "세대수":1730.0,
            "준공년월":"2005-05-23",
            "준공년차":18.0,
            "가까운역이름":"NA",
            "가까운역거리":"NA",
            "역세권여부":"NA",
            "30분이내주요거점역":"NA",
            "30분거점역이름":"NA",
            "1시간이내주요거점역":"NA",
            "1시간거점역이름":"NA",
            "3km이내백화점수":0,
            "5km이내아울렛몰수":0,
            "1km이내대형먀트수":1,
            "500m이내은행수":1,
            "500m이내병원수":13,
            "5km이내대형병원수":1,
            "500m이내공원수":0,
            "3km이내혐오시설수":0,
            "초등학교학업성취도":90.0,
            "중학교학업성취도":78.0,
            "용적률":241,
            "건폐율":15,
            "Y":35.26401,
            "X":128.52354,
            "rank":39.0,
            "area_info":"29평(98.9), 33평(111.01), 33평(112.17), 39평(131.32), 49평(165.08)",
            "last_sales":"2022-02-20,26700.0,33평(111.01)",
            "rank_history":[
                [
                    "202203",
                    39
                ],
                [
                    "202202",
                    20
                ],
                [
                    "202201",
                    23
                ]
            ],
            "rank_gap":-19
        },
        {
            "index":470,
            "아파트명":"신우투시스빌리지",
            "투자타입":"일반",
            "전용면적(m2)":"106.15",
            "전용면적(평)":"32평",
            "법정동주소":"경상남도 창원시 마산회원구 회원동 21-4",
            "도로명주소":"경상남도 창원시 마산회원구 북성로 188",
            "세대수":0,
            "입주년차":40,
            "용적률점수":"--",
            "건폐율점수":"--",
            "세대당주차수":30,
            "난방방식":30,
            "공급면적":"--",
            "전용률":"--",
            "욕실수":100,
            "현관타입":100,
            "주거총점":35.5,
            "지역구공급총점":0.0,
            "역세권":"NA",
            "30분내 이동가능 거점":"NA",
            "1시간내 이동가능 거점":"NA",
            "교통총점":"NA",
            "백화점":100,
            "아울렛몰":0,
            "대형마트":80,
            "은행":0,
            "병원":30,
            "종합병원":100,
            "공원":100,
            "혐오시설":0,
            "인프라총점":68.0,
            "초등학군":89.97,
            "중학군":40.1,
            "학군총점":50.074,
            "인구수":20.26,
            "인구증감":-18.69,
            "인구총점":8.575,
            "일자리":11.24,
            "소득수준":82.32,
            "일자리총점":32.564,
            "가치 총점":52.1435,
            "매매실거래년":20220216.0,
            "매매실거래가":16000.0,
            "전세실거래년":20190415.0,
            "전세실거래가":14500.0,
            "전세가율":90.62,
            "장기전세가율평균":75.61,
            "전세가율거품지수":-15.01,
            "검색코드":101839,
            "세대수":88.0,
            "준공년월":"2005-06-03",
            "준공년차":18.0,
            "가까운역이름":"NA",
            "가까운역거리":"NA",
            "역세권여부":"NA",
            "30분이내주요거점역":"NA",
            "30분거점역이름":"NA",
            "1시간이내주요거점역":"NA",
            "1시간거점역이름":"NA",
            "3km이내백화점수":2,
            "5km이내아울렛몰수":0,
            "1km이내대형먀트수":1,
            "500m이내은행수":0,
            "500m이내병원수":7,
            "5km이내대형병원수":4,
            "500m이내공원수":7,
            "3km이내혐오시설수":0,
            "초등학교학업성취도":89.97,
            "중학교학업성취도":65.9,
            "용적률":387,
            "건폐율":55,
            "Y":35.224218,
            "X":128.571352,
            "rank":40.0,
            "area_info":"32평(106.15)",
            "last_sales":"2022-02-16,16000.0,32평(106.15)",
            "rank_history":[
                [
                    "202203",
                    40
                ],
                [
                    "202202",
                    9999
                ]
            ],
            "rank_gap":9999
        },
        {
            "index":464,
            "아파트명":"고려화이트빌",
            "투자타입":"일반",
            "전용면적(m2)":"104.77",
            "전용면적(평)":"31평",
            "법정동주소":"경상남도 창원시 마산회원구 회원동 212-1",
            "도로명주소":"경상남도 창원시 마산회원구 북성로 175",
            "세대수":0,
            "입주년차":40,
            "용적률점수":"--",
            "건폐율점수":"--",
            "세대당주차수":30,
            "난방방식":30,
            "공급면적":"--",
            "전용률":"--",
            "욕실수":100,
            "현관타입":100,
            "주거총점":35.5,
            "지역구공급총점":0.0,
            "역세권":"NA",
            "30분내 이동가능 거점":"NA",
            "1시간내 이동가능 거점":"NA",
            "교통총점":"NA",
            "백화점":100,
            "아울렛몰":0,
            "대형마트":80,
            "은행":0,
            "병원":30,
            "종합병원":100,
            "공원":100,
            "혐오시설":0,
            "인프라총점":68.0,
            "초등학군":89.97,
            "중학군":40.1,
            "학군총점":50.074,
            "인구수":20.26,
            "인구증감":-18.69,
            "인구총점":8.575,
            "일자리":11.24,
            "소득수준":82.32,
            "일자리총점":32.564,
            "가치 총점":52.1435,
            "매매실거래년":20211202.0,
            "매매실거래가":16900.0,
            "전세실거래년":20200117.0,
            "전세실거래가":14000.0,
            "전세가율":82.84,
            "장기전세가율평균":75.61,
            "전세가율거품지수":-7.23,
            "검색코드":121185,
            "세대수":56.0,
            "준공년월":"2004-10-22",
            "준공년차":19.0,
            "가까운역이름":"NA",
            "가까운역거리":"NA",
            "역세권여부":"NA",
            "30분이내주요거점역":"NA",
            "30분거점역이름":"NA",
            "1시간이내주요거점역":"NA",
            "1시간거점역이름":"NA",
            "3km이내백화점수":2,
            "5km이내아울렛몰수":0,
            "1km이내대형먀트수":1,
            "500m이내은행수":0,
            "500m이내병원수":9,
            "5km이내대형병원수":4,
            "500m이내공원수":6,
            "3km이내혐오시설수":0,
            "초등학교학업성취도":89.97,
            "중학교학업성취도":65.9,
            "용적률":400,
            "건폐율":62,
            "Y":35.223166,
            "X":128.57075,
            "rank":40.0,
            "area_info":"31평(104.77)",
            "last_sales":"2021-12-02,16900.0,31평(104.77)",
            "rank_history":[
                [
                    "202203",
                    40
                ],
                [
                    "202202",
                    9999
                ]
            ],
            "rank_gap":9999
        },
        {
            "index":424,
            "아파트명":"백화아트빌",
            "투자타입":"일반",
            "전용면적(m2)":"104.89",
            "전용면적(평)":"31평",
            "법정동주소":"경상남도 창원시 마산회원구 합성동 132-1",
            "도로명주소":"경상남도 창원시 마산회원구 3·15대로 822",
            "세대수":0,
            "입주년차":20,
            "용적률점수":"--",
            "건폐율점수":"--",
            "세대당주차수":30,
            "난방방식":30,
            "공급면적":"--",
            "전용률":"--",
            "욕실수":100,
            "현관타입":100,
            "주거총점":31.5,
            "지역구공급총점":0.0,
            "역세권":"NA",
            "30분내 이동가능 거점":"NA",
            "1시간내 이동가능 거점":"NA",
            "교통총점":"NA",
            "백화점":100,
            "아울렛몰":0,
            "대형마트":80,
            "은행":0,
            "병원":60,
            "종합병원":80,
            "공원":100,
            "혐오시설":0,
            "인프라총점":67.0,
            "초등학군":89.99,
            "중학군":48.66,
            "학군총점":56.926,
            "인구수":20.26,
            "인구증감":-18.69,
            "인구총점":8.575,
            "일자리":11.24,
            "소득수준":82.32,
            "일자리총점":32.564,
            "가치 총점":52.0565,
            "매매실거래년":20211229.0,
            "매매실거래가":17200.0,
            "전세실거래년":20200318.0,
            "전세실거래가":13000.0,
            "전세가율":75.58,
            "장기전세가율평균":75.61,
            "전세가율거품지수":0.03,
            "검색코드":102388,
            "세대수":52.0,
            "준공년월":"2002-04-25",
            "준공년차":21.0,
            "가까운역이름":"NA",
            "가까운역거리":"NA",
            "역세권여부":"NA",
            "30분이내주요거점역":"NA",
            "30분거점역이름":"NA",
            "1시간이내주요거점역":"NA",
            "1시간거점역이름":"NA",
            "3km이내백화점수":1,
            "5km이내아울렛몰수":0,
            "1km이내대형먀트수":1,
            "500m이내은행수":1,
            "500m이내병원수":27,
            "5km이내대형병원수":1,
            "500m이내공원수":2,
            "3km이내혐오시설수":0,
            "초등학교학업성취도":89.99,
            "중학교학업성취도":77.9,
            "용적률":783,
            "건폐율":80,
            "Y":35.244189,
            "X":128.587414,
            "rank":41.0,
            "area_info":"31평(104.89)",
            "last_sales":"2021-12-29,17200.0,31평(104.89)",
            "rank_history":[
                [
                    "202203",
                    41
                ],
                [
                    "202202",
                    9999
                ]
            ],
            "rank_gap":9999
        },
        {
            "index":213,
            "아파트명":"봉암푸르내",
            "투자타입":"재건축",
            "전용면적(m2)":"43.92",
            "전용면적(평)":"13평",
            "법정동주소":"경상남도 창원시 마산회원구 봉암동 660-15",
            "도로명주소":"경상남도 창원시 마산회원구 봉암공단5길 47",
            "세대수":0,
            "입주년차":"--",
            "용적률점수":100,
            "건폐율점수":0,
            "세대당주차수":"--",
            "난방방식":"--",
            "공급면적":50,
            "전용률":80,
            "욕실수":"--",
            "현관타입":"--",
            "주거총점":46.5,
            "지역구공급총점":0.0,
            "역세권":"NA",
            "30분내 이동가능 거점":"NA",
            "1시간내 이동가능 거점":"NA",
            "교통총점":"NA",
            "백화점":100,
            "아울렛몰":0,
            "대형마트":0,
            "은행":20,
            "병원":0,
            "종합병원":100,
            "공원":0,
            "혐오시설":0,
            "인프라총점":52.0,
            "초등학군":90.04,
            "중학군":51.04,
            "학군총점":58.84,
            "인구수":20.26,
            "인구증감":-18.69,
            "인구총점":8.575,
            "일자리":11.24,
            "소득수준":82.32,
            "일자리총점":32.564,
            "가치 총점":51.785,
            "매매실거래년":20211213.0,
            "매매실거래가":5300.0,
            "전세실거래년":20210901.0,
            "전세실거래가":2000.0,
            "전세가율":37.74,
            "장기전세가율평균":75.61,
            "전세가율거품지수":37.87,
            "검색코드":145090,
            "세대수":100.0,
            "준공년월":"1991-11-30",
            "준공년차":32.0,
            "가까운역이름":"NA",
            "가까운역거리":"NA",
            "역세권여부":"NA",
            "30분이내주요거점역":"NA",
            "30분거점역이름":"NA",
            "1시간이내주요거점역":"NA",
            "1시간거점역이름":"NA",
            "3km이내백화점수":2,
            "5km이내아울렛몰수":0,
            "1km이내대형먀트수":0,
            "500m이내은행수":2,
            "500m이내병원수":0,
            "5km이내대형병원수":5,
            "500m이내공원수":0,
            "3km이내혐오시설수":0,
            "초등학교학업성취도":90.04,
            "중학교학업성취도":82.4,
            "용적률":127,
            "건폐율":0,
            "Y":35.216021,
            "X":128.597554,
            "rank":42.0,
            "area_info":"13평(43.92)",
            "last_sales":"2021-12-13,5300.0,13평(43.92)",
            "rank_history":[
                [
                    "202203",
                    42
                ],
                [
                    "202202",
                    22
                ],
                [
                    "202201",
                    20
                ]
            ],
            "rank_gap":-20
        },
        {
            "index":241,
            "아파트명":"이미지피렌체",
            "투자타입":"일반",
            "전용면적(m2)":"84.16",
            "전용면적(평)":"25평",
            "법정동주소":"경상남도 창원시 마산회원구 석전동 260-14",
            "도로명주소":"경상남도 창원시 마산회원구 양덕옛1길 37",
            "세대수":0,
            "입주년차":40,
            "용적률점수":"--",
            "건폐율점수":"--",
            "세대당주차수":30,
            "난방방식":30,
            "공급면적":"--",
            "전용률":"--",
            "욕실수":100,
            "현관타입":100,
            "주거총점":35.5,
            "지역구공급총점":0.0,
            "역세권":"NA",
            "30분내 이동가능 거점":"NA",
            "1시간내 이동가능 거점":"NA",
            "교통총점":"NA",
            "백화점":100,
            "아울렛몰":0,
            "대형마트":0,
            "은행":20,
            "병원":60,
            "종합병원":100,
            "공원":100,
            "혐오시설":0,
            "인프라총점":61.0,
            "초등학군":90.0,
            "중학군":51.8,
            "학군총점":59.44,
            "인구수":20.26,
            "인구증감":-18.69,
            "인구총점":8.575,
            "일자리":11.24,
            "소득수준":82.32,
            "일자리총점":32.564,
            "가치 총점":51.685,
            "매매실거래년":20211204.0,
            "매매실거래가":26600.0,
            "전세실거래년":null,
            "전세실거래가":null,
            "전세가율":null,
            "장기전세가율평균":75.61,
            "전세가율거품지수":null,
            "검색코드":101088,
            "세대수":160.0,
            "준공년월":"2004-02-21",
            "준공년차":19.0,
            "가까운역이름":"NA",
            "가까운역거리":"NA",
            "역세권여부":"NA",
            "30분이내주요거점역":"NA",
            "30분거점역이름":"NA",
            "1시간이내주요거점역":"NA",
            "1시간거점역이름":"NA",
            "3km이내백화점수":2,
            "5km이내아울렛몰수":0,
            "1km이내대형먀트수":0,
            "500m이내은행수":2,
            "500m이내병원수":14,
            "5km이내대형병원수":4,
            "500m이내공원수":3,
            "3km이내혐오시설수":0,
            "초등학교학업성취도":90.0,
            "중학교학업성취도":85.2,
            "용적률":0,
            "건폐율":0,
            "Y":35.226998,
            "X":128.574514,
            "rank":43.0,
            "area_info":"25평(84.16), 32평(108.07), 33평(109.2), 44평(146.28)",
            "last_sales":"2021-12-04,26600.0,44평(146.28)",
            "rank_history":[
                [
                    "202203",
                    43
                ],
                [
                    "202202",
                    21
                ],
                [
                    "202201",
                    19
                ]
            ],
            "rank_gap":-22
        },
        {
            "index":430,
            "아파트명":"합성한일타운",
            "투자타입":"일반",
            "전용면적(m2)":"59.14",
            "전용면적(평)":"17평",
            "법정동주소":"경상남도 창원시 마산회원구 합성동 340-5",
            "도로명주소":"경상남도 창원시 마산회원구 팔용로 76",
            "세대수":0,
            "입주년차":40,
            "용적률점수":"--",
            "건폐율점수":"--",
            "세대당주차수":30,
            "난방방식":30,
            "공급면적":"--",
            "전용률":"--",
            "욕실수":50,
            "현관타입":100,
            "주거총점":30.5,
            "지역구공급총점":0.0,
            "역세권":"NA",
            "30분내 이동가능 거점":"NA",
            "1시간내 이동가능 거점":"NA",
            "교통총점":"NA",
            "백화점":100,
            "아울렛몰":0,
            "대형마트":80,
            "은행":0,
            "병원":0,
            "종합병원":100,
            "공원":100,
            "혐오시설":0,
            "인프라총점":65.0,
            "초등학군":89.99,
            "중학군":42.78,
            "학군총점":52.222,
            "인구수":20.26,
            "인구증감":-18.69,
            "인구총점":8.575,
            "일자리":11.24,
            "소득수준":82.32,
            "일자리총점":32.564,
            "가치 총점":49.7305,
            "매매실거래년":20211101.0,
            "매매실거래가":20000.0,
            "전세실거래년":null,
            "전세실거래가":null,
            "전세가율":null,
            "장기전세가율평균":75.61,
            "전세가율거품지수":null,
            "검색코드":19294,
            "세대수":78.0,
            "준공년월":"2005-09-26",
            "준공년차":18.0,
            "가까운역이름":"NA",
            "가까운역거리":"NA",
            "역세권여부":"NA",
            "30분이내주요거점역":"NA",
            "30분거점역이름":"NA",
            "1시간이내주요거점역":"NA",
            "1시간거점역이름":"NA",
            "3km이내백화점수":1,
            "5km이내아울렛몰수":0,
            "1km이내대형먀트수":1,
            "500m이내은행수":1,
            "500m이내병원수":1,
            "5km이내대형병원수":3,
            "500m이내공원수":2,
            "3km이내혐오시설수":0,
            "초등학교학업성취도":89.99,
            "중학교학업성취도":67.3,
            "용적률":269,
            "건폐율":31,
            "Y":35.235776,
            "X":128.589737,
            "rank":44.0,
            "area_info":"17평(59.14), 23평(77.44), 24평(82.33), 28평(94.74), 30평(100.95), 31평(104.03)",
            "last_sales":"2021-11-01,20000.0,31평(104.03)",
            "rank_history":[
                [
                    "202203",
                    44
                ],
                [
                    "202202",
                    9999
                ]
            ],
            "rank_gap":9999
        },
        {
            "index":314,
            "아파트명":"배진",
            "투자타입":"일반",
            "전용면적(m2)":"85.76",
            "전용면적(평)":"25평",
            "법정동주소":"경상남도 창원시 마산회원구 양덕동 151-7",
            "도로명주소":"경상남도 창원시 마산회원구 양덕남8길 13",
            "세대수":0,
            "입주년차":0,
            "용적률점수":"--",
            "건폐율점수":"--",
            "세대당주차수":0,
            "난방방식":30,
            "공급면적":"--",
            "전용률":"--",
            "욕실수":50,
            "현관타입":100,
            "주거총점":18.0,
            "지역구공급총점":0.0,
            "역세권":"NA",
            "30분내 이동가능 거점":"NA",
            "1시간내 이동가능 거점":"NA",
            "교통총점":"NA",
            "백화점":100,
            "아울렛몰":0,
            "대형마트":100,
            "은행":20,
            "병원":60,
            "종합병원":100,
            "공원":100,
            "혐오시설":0,
            "인프라총점":76.0,
            "초등학군":90.0,
            "중학군":41.26,
            "학군총점":51.008,
            "인구수":20.26,
            "인구증감":-18.69,
            "인구총점":8.575,
            "일자리":11.24,
            "소득수준":82.32,
            "일자리총점":32.564,
            "가치 총점":49.452,
            "매매실거래년":20200630.0,
            "매매실거래가":13300.0,
            "전세실거래년":20130824.0,
            "전세실거래가":8000.0,
            "전세가율":59.26,
            "장기전세가율평균":75.61,
            "전세가율거품지수":16.35,
            "검색코드":16643,
            "세대수":81.0,
            "준공년월":"1998-05-25",
            "준공년차":25.0,
            "가까운역이름":"NA",
            "가까운역거리":"NA",
            "역세권여부":"NA",
            "30분이내주요거점역":"NA",
            "30분거점역이름":"NA",
            "1시간이내주요거점역":"NA",
            "1시간거점역이름":"NA",
            "3km이내백화점수":2,
            "5km이내아울렛몰수":0,
            "1km이내대형먀트수":2,
            "500m이내은행수":2,
            "500m이내병원수":24,
            "5km이내대형병원수":4,
            "500m이내공원수":3,
            "3km이내혐오시설수":0,
            "초등학교학업성취도":90.0,
            "중학교학업성취도":67.5,
            "용적률":0,
            "건폐율":0,
            "Y":35.222424,
            "X":128.5864,
            "rank":45.0,
            "area_info":"25평(85.76), 31평(102.65), 31평(103.05), 32평(106.04), 32평(107.98), 38평(126.86), 40평(133.15), 40평(135.47), 42평(142.09)",
            "last_sales":"2020-06-30,13300.0,42평(142.09)",
            "rank_history":[
                [
                    "202203",
                    45
                ],
                [
                    "202202",
                    9999
                ]
            ],
            "rank_gap":9999
        },
        {
            "index":251,
            "아파트명":"전원파크",
            "투자타입":"재건축",
            "전용면적(m2)":"53.12",
            "전용면적(평)":"16평",
            "법정동주소":"경상남도 창원시 마산회원구 석전동 276-11",
            "도로명주소":"경상남도 창원시 마산회원구 북성로 246",
            "세대수":0,
            "입주년차":"--",
            "용적률점수":80,
            "건폐율점수":0,
            "세대당주차수":"--",
            "난방방식":"--",
            "공급면적":50,
            "전용률":80,
            "욕실수":"--",
            "현관타입":"--",
            "주거총점":38.5,
            "지역구공급총점":0.0,
            "역세권":"NA",
            "30분내 이동가능 거점":"NA",
            "1시간내 이동가능 거점":"NA",
            "교통총점":"NA",
            "백화점":100,
            "아울렛몰":0,
            "대형마트":0,
            "은행":0,
            "병원":30,
            "종합병원":100,
            "공원":100,
            "혐오시설":0,
            "인프라총점":56.0,
            "초등학군":90.02,
            "중학군":45.06,
            "학군총점":54.052,
            "인구수":20.26,
            "인구증감":-18.69,
            "인구총점":8.575,
            "일자리":11.24,
            "소득수준":82.32,
            "일자리총점":32.564,
            "가치 총점":49.388,
            "매매실거래년":20210804.0,
            "매매실거래가":9000.0,
            "전세실거래년":null,
            "전세실거래가":null,
            "전세가율":null,
            "장기전세가율평균":75.61,
            "전세가율거품지수":null,
            "검색코드":140050,
            "세대수":60.0,
            "준공년월":"1988-10-13",
            "준공년차":35.0,
            "가까운역이름":"NA",
            "가까운역거리":"NA",
            "역세권여부":"NA",
            "30분이내주요거점역":"NA",
            "30분거점역이름":"NA",
            "1시간이내주요거점역":"NA",
            "1시간거점역이름":"NA",
            "3km이내백화점수":1,
            "5km이내아울렛몰수":0,
            "1km이내대형먀트수":0,
            "500m이내은행수":0,
            "500m이내병원수":5,
            "5km이내대형병원수":4,
            "500m이내공원수":7,
            "3km이내혐오시설수":0,
            "초등학교학업성취도":90.02,
            "중학교학업성취도":72.5,
            "용적률":178,
            "건폐율":0,
            "Y":35.228681,
            "X":128.568772,
            "rank":46.0,
            "area_info":"16평(53.12), 17평(57.61), 19평(63.13), 27평(91.76), 28평(95.04)",
            "last_sales":"2021-08-04,9000.0,27평(91.76)",
            "rank_history":[
                [
                    "202203",
                    46
                ],
                [
                    "202202",
                    9999
                ]
            ],
            "rank_gap":9999
        },
        {
            "index":412,
            "아파트명":"무학",
            "투자타입":"재건축",
            "전용면적(m2)":"50.49",
            "전용면적(평)":"15평",
            "법정동주소":"경상남도 창원시 마산회원구 합성동 694-1",
            "도로명주소":"경상남도 창원시 마산회원구 금강로 35",
            "세대수":30,
            "입주년차":"--",
            "용적률점수":0,
            "건폐율점수":0,
            "세대당주차수":"--",
            "난방방식":"--",
            "공급면적":50,
            "전용률":80,
            "욕실수":"--",
            "현관타입":"--",
            "주거총점":15.5,
            "지역구공급총점":0.0,
            "역세권":"NA",
            "30분내 이동가능 거점":"NA",
            "1시간내 이동가능 거점":"NA",
            "교통총점":"NA",
            "백화점":100,
            "아울렛몰":0,
            "대형마트":80,
            "은행":0,
            "병원":80,
            "종합병원":100,
            "공원":80,
            "혐오시설":0,
            "인프라총점":72.4,
            "초등학군":89.99,
            "중학군":48.66,
            "학군총점":56.926,
            "인구수":20.26,
            "인구증감":-18.69,
            "인구총점":8.575,
            "일자리":11.24,
            "소득수준":82.32,
            "일자리총점":32.564,
            "가치 총점":48.6165,
            "매매실거래년":20220216.0,
            "매매실거래가":12000.0,
            "전세실거래년":20220118.0,
            "전세실거래가":7000.0,
            "전세가율":58.33,
            "장기전세가율평균":75.61,
            "전세가율거품지수":17.28,
            "검색코드":6783,
            "세대수":390.0,
            "준공년월":"1987-02-21",
            "준공년차":36.0,
            "가까운역이름":"NA",
            "가까운역거리":"NA",
            "역세권여부":"NA",
            "30분이내주요거점역":"NA",
            "30분거점역이름":"NA",
            "1시간이내주요거점역":"NA",
            "1시간거점역이름":"NA",
            "3km이내백화점수":1,
            "5km이내아울렛몰수":0,
            "1km이내대형먀트수":1,
            "500m이내은행수":0,
            "500m이내병원수":43,
            "5km이내대형병원수":3,
            "500m이내공원수":1,
            "3km이내혐오시설수":0,
            "초등학교학업성취도":89.99,
            "중학교학업성취도":77.9,
            "용적률":0,
            "건폐율":0,
            "Y":35.239318,
            "X":128.578677,
            "rank":47.0,
            "area_info":"15평(50.49), 16평(54.96), 16평(55.01), 18평(59.74)",
            "last_sales":"2022-02-16,12000.0,15평(50.49)",
            "rank_history":[
                [
                    "202203",
                    47
                ],
                [
                    "202202",
                    23
                ],
                [
                    "202201",
                    22
                ]
            ],
            "rank_gap":-24
        },
        {
            "index":153,
            "아파트명":"장미",
            "투자타입":"재건축",
            "전용면적(m2)":"63.54",
            "전용면적(평)":"19평",
            "법정동주소":"경상남도 창원시 마산회원구 내서읍 중리 1056",
            "도로명주소":"경상남도 창원시 마산회원구 중리상곡로 18",
            "세대수":30,
            "입주년차":"--",
            "용적률점수":100,
            "건폐율점수":100,
            "세대당주차수":"--",
            "난방방식":"--",
            "공급면적":50,
            "전용률":60,
            "욕실수":"--",
            "현관타입":"--",
            "주거총점":74.5,
            "지역구공급총점":0.0,
            "역세권":"NA",
            "30분내 이동가능 거점":"NA",
            "1시간내 이동가능 거점":"NA",
            "교통총점":"NA",
            "백화점":0,
            "아울렛몰":0,
            "대형마트":0,
            "은행":0,
            "병원":30,
            "종합병원":80,
            "공원":100,
            "혐오시설":0,
            "인프라총점":22.0,
            "초등학군":90.01,
            "중학군":45.66,
            "학군총점":54.53,
            "인구수":20.26,
            "인구증감":-18.69,
            "인구총점":8.575,
            "일자리":11.24,
            "소득수준":82.32,
            "일자리총점":32.564,
            "가치 총점":48.5075,
            "매매실거래년":20220125.0,
            "매매실거래가":7800.0,
            "전세실거래년":20210405.0,
            "전세실거래가":5500.0,
            "전세가율":70.51,
            "장기전세가율평균":75.61,
            "전세가율거품지수":5.1,
            "검색코드":6513,
            "세대수":375.0,
            "준공년월":"1992-12-24",
            "준공년차":31.0,
            "가까운역이름":"NA",
            "가까운역거리":"NA",
            "역세권여부":"NA",
            "30분이내주요거점역":"NA",
            "30분거점역이름":"NA",
            "1시간이내주요거점역":"NA",
            "1시간거점역이름":"NA",
            "3km이내백화점수":0,
            "5km이내아울렛몰수":0,
            "1km이내대형먀트수":0,
            "500m이내은행수":0,
            "500m이내병원수":7,
            "5km이내대형병원수":1,
            "500m이내공원수":2,
            "3km이내혐오시설수":0,
            "초등학교학업성취도":90.01,
            "중학교학업성취도":76.1,
            "용적률":115,
            "건폐율":9,
            "Y":35.243075,
            "X":128.504569,
            "rank":48.0,
            "area_info":"19평(63.54)",
            "last_sales":"2022-01-25,7800.0,19평(63.54)",
            "rank_history":[
                [
                    "202203",
                    48
                ],
                [
                    "202202",
                    24
                ],
                [
                    "202201",
                    24
                ]
            ],
            "rank_gap":-24
        },
        {
            "index":51,
            "아파트명":"한효이화맨션",
            "투자타입":"재건축",
            "전용면적(m2)":"78.4",
            "전용면적(평)":"23평",
            "법정동주소":"경상남도 창원시 마산회원구 구암동 26-17",
            "도로명주소":"경상남도 창원시 마산회원구 구암남2길 24",
            "세대수":0,
            "입주년차":"--",
            "용적률점수":80,
            "건폐율점수":0,
            "세대당주차수":"--",
            "난방방식":"--",
            "공급면적":50,
            "전용률":80,
            "욕실수":"--",
            "현관타입":"--",
            "주거총점":38.5,
            "지역구공급총점":0.0,
            "역세권":"NA",
            "30분내 이동가능 거점":"NA",
            "1시간내 이동가능 거점":"NA",
            "교통총점":"NA",
            "백화점":100,
            "아울렛몰":0,
            "대형마트":0,
            "은행":0,
            "병원":30,
            "종합병원":80,
            "공원":80,
            "혐오시설":0,
            "인프라총점":51.4,
            "초등학군":89.98,
            "중학군":48.66,
            "학군총점":56.924,
            "인구수":20.26,
            "인구증감":-18.69,
            "인구총점":8.575,
            "일자리":11.24,
            "소득수준":82.32,
            "일자리총점":32.564,
            "가치 총점":48.266,
            "매매실거래년":20211012.0,
            "매매실거래가":12300.0,
            "전세실거래년":20170918.0,
            "전세실거래가":11000.0,
            "전세가율":102.8,
            "장기전세가율평균":75.61,
            "전세가율거품지수":-27.19,
            "검색코드":142559,
            "세대수":70.0,
            "준공년월":"1987-11-23",
            "준공년차":36.0,
            "가까운역이름":"NA",
            "가까운역거리":"NA",
            "역세권여부":"NA",
            "30분이내주요거점역":"NA",
            "30분거점역이름":"NA",
            "1시간이내주요거점역":"NA",
            "1시간거점역이름":"NA",
            "3km이내백화점수":1,
            "5km이내아울렛몰수":0,
            "1km이내대형먀트수":0,
            "500m이내은행수":0,
            "500m이내병원수":8,
            "5km이내대형병원수":1,
            "500m이내공원수":1,
            "3km이내혐오시설수":0,
            "초등학교학업성취도":89.98,
            "중학교학업성취도":77.9,
            "용적률":154,
            "건폐율":0,
            "Y":35.244126,
            "X":128.591241,
            "rank":49.0,
            "area_info":"23평(78.4), 23평(78.4), 24평(82.19), 24평(82.28), 25평(85.71)",
            "last_sales":"2021-10-12,12300.0,24평(82.28)",
            "rank_history":[
                [
                    "202203",
                    49
                ],
                [
                    "202202",
                    9999
                ]
            ],
            "rank_gap":9999
        },
        {
            "index":82,
            "아파트명":"대동이미지1단지",
            "투자타입":"일반",
            "전용면적(m2)":"83.7",
            "전용면적(평)":"25평",
            "법정동주소":"경상남도 창원시 마산회원구 내서읍 삼계리 290",
            "도로명주소":"경상남도 창원시 마산회원구 광려로 28",
            "세대수":90,
            "입주년차":20,
            "용적률점수":"--",
            "건폐율점수":"--",
            "세대당주차수":60,
            "난방방식":30,
            "공급면적":"--",
            "전용률":"--",
            "욕실수":50,
            "현관타입":100,
            "주거총점":62.5,
            "지역구공급총점":0.0,
            "역세권":"NA",
            "30분내 이동가능 거점":"NA",
            "1시간내 이동가능 거점":"NA",
            "교통총점":"NA",
            "백화점":0,
            "아울렛몰":0,
            "대형마트":80,
            "은행":0,
            "병원":0,
            "종합병원":80,
            "공원":0,
            "혐오시설":0,
            "인프라총점":28.0,
            "초등학군":90.0,
            "중학군":52.92,
            "학군총점":60.336,
            "인구수":20.26,
            "인구증감":-18.69,
            "인구총점":8.575,
            "일자리":11.24,
            "소득수준":82.32,
            "일자리총점":32.564,
            "가치 총점":48.159,
            "매매실거래년":20220203.0,
            "매매실거래가":21800.0,
            "전세실거래년":20211007.0,
            "전세실거래가":11000.0,
            "전세가율":81.48,
            "장기전세가율평균":75.61,
            "전세가율거품지수":-5.87,
            "검색코드":17366,
            "세대수":1002.0,
            "준공년월":"2003-12-19",
            "준공년차":20.0,
            "가까운역이름":"NA",
            "가까운역거리":"NA",
            "역세권여부":"NA",
            "30분이내주요거점역":"NA",
            "30분거점역이름":"NA",
            "1시간이내주요거점역":"NA",
            "1시간거점역이름":"NA",
            "3km이내백화점수":0,
            "5km이내아울렛몰수":0,
            "1km이내대형먀트수":1,
            "500m이내은행수":0,
            "500m이내병원수":1,
            "5km이내대형병원수":1,
            "500m이내공원수":0,
            "3km이내혐오시설수":0,
            "초등학교학업성취도":90.0,
            "중학교학업성취도":87.2,
            "용적률":234,
            "건폐율":16,
            "Y":35.223128,
            "X":128.502062,
            "rank":50.0,
            "area_info":"25평(83.7), 25평(84.3), 30평(99.2), 34평(112.8), 34평(113.58)",
            "last_sales":"2022-02-03,21800.0,34평(113.58)",
            "rank_history":[
                [
                    "202203",
                    50
                ],
                [
                    "202202",
                    25
                ],
                [
                    "202201",
                    38
                ]
            ],
            "rank_gap":-25
        },
        {
            "index":70,
            "아파트명":"대동",
            "투자타입":"일반",
            "전용면적(m2)":"72.85",
            "전용면적(평)":"22평",
            "법정동주소":"경상남도 창원시 마산회원구 내서읍 삼계리 34",
            "도로명주소":"경상남도 창원시 마산회원구 삼계5길 30",
            "세대수":80,
            "입주년차":0,
            "용적률점수":"--",
            "건폐율점수":"--",
            "세대당주차수":0,
            "난방방식":30,
            "공급면적":"--",
            "전용률":"--",
            "욕실수":50,
            "현관타입":100,
            "주거총점":46.0,
            "지역구공급총점":0.0,
            "역세권":"NA",
            "30분내 이동가능 거점":"NA",
            "1시간내 이동가능 거점":"NA",
            "교통총점":"NA",
            "백화점":0,
            "아울렛몰":0,
            "대형마트":100,
            "은행":0,
            "병원":80,
            "종합병원":80,
            "공원":100,
            "혐오시설":0,
            "인프라총점":42.0,
            "초등학군":90.0,
            "중학군":52.68,
            "학군총점":60.144,
            "인구수":20.26,
            "인구증감":-18.69,
            "인구총점":8.575,
            "일자리":11.24,
            "소득수준":82.32,
            "일자리총점":32.564,
            "가치 총점":47.936,
            "매매실거래년":20220215.0,
            "매매실거래가":12000.0,
            "전세실거래년":20211225.0,
            "전세실거래가":10000.0,
            "전세가율":67.11,
            "장기전세가율평균":75.61,
            "전세가율거품지수":8.5,
            "검색코드":6500,
            "세대수":822.0,
            "준공년월":"1998-06-16",
            "준공년차":25.0,
            "가까운역이름":"NA",
            "가까운역거리":"NA",
            "역세권여부":"NA",
            "30분이내주요거점역":"NA",
            "30분거점역이름":"NA",
            "1시간이내주요거점역":"NA",
            "1시간거점역이름":"NA",
            "3km이내백화점수":0,
            "5km이내아울렛몰수":0,
            "1km이내대형먀트수":2,
            "500m이내은행수":0,
            "500m이내병원수":30,
            "5km이내대형병원수":1,
            "500m이내공원수":3,
            "3km이내혐오시설수":0,
            "초등학교학업성취도":90.0,
            "중학교학업성취도":86.2,
            "용적률":223,
            "건폐율":23,
            "Y":35.23091,
            "X":128.50259,
            "rank":51.0,
            "area_info":"22평(72.85), 22평(72.96), 25평(84.66), 25평(85.19), 30평(99.5), 30평(100.27), 31평(102.56)",
            "last_sales":"2022-02-15,12000.0,22평(72.96)",
            "rank_history":[
                [
                    "202203",
                    51
                ],
                [
                    "202202",
                    26
                ],
                [
                    "202201",
                    29
                ]
            ],
            "rank_gap":-25
        },
        {
            "index":139,
            "아파트명":"숲속마을주공6단지",
            "투자타입":"일반",
            "전용면적(m2)":"77.63",
            "전용면적(평)":"23평",
            "법정동주소":"경상남도 창원시 마산회원구 내서읍 삼계리 508-1",
            "도로명주소":"경상남도 창원시 마산회원구 숲속로 27",
            "세대수":80,
            "입주년차":20,
            "용적률점수":"--",
            "건폐율점수":"--",
            "세대당주차수":0,
            "난방방식":30,
            "공급면적":"--",
            "전용률":"--",
            "욕실수":100,
            "현관타입":100,
            "주거총점":55.0,
            "지역구공급총점":0.0,
            "역세권":"NA",
            "30분내 이동가능 거점":"NA",
            "1시간내 이동가능 거점":"NA",
            "교통총점":"NA",
            "백화점":0,
            "아울렛몰":0,
            "대형마트":100,
            "은행":0,
            "병원":0,
            "종합병원":80,
            "공원":100,
            "혐오시설":0,
            "인프라총점":34.0,
            "초등학군":90.0,
            "중학군":52.68,
            "학군총점":60.144,
            "인구수":20.26,
            "인구증감":-18.69,
            "인구총점":8.575,
            "일자리":11.24,
            "소득수준":82.32,
            "일자리총점":32.564,
            "가치 총점":47.886,
            "매매실거래년":20220224.0,
            "매매실거래가":18300.0,
            "전세실거래년":20210916.0,
            "전세실거래가":12000.0,
            "전세가율":75.0,
            "장기전세가율평균":75.61,
            "전세가율거품지수":0.61,
            "검색코드":6530,
            "세대수":720.0,
            "준공년월":"2002-03-13",
            "준공년차":21.0,
            "가까운역이름":"NA",
            "가까운역거리":"NA",
            "역세권여부":"NA",
            "30분이내주요거점역":"NA",
            "30분거점역이름":"NA",
            "1시간이내주요거점역":"NA",
            "1시간거점역이름":"NA",
            "3km이내백화점수":0,
            "5km이내아울렛몰수":0,
            "1km이내대형먀트수":2,
            "500m이내은행수":0,
            "500m이내병원수":1,
            "5km이내대형병원수":1,
            "500m이내공원수":3,
            "3km이내혐오시설수":0,
            "초등학교학업성취도":90.0,
            "중학교학업성취도":86.2,
            "용적률":175,
            "건폐율":18,
            "Y":35.228734,
            "X":128.49801,
            "rank":52.0,
            "area_info":"23평(77.63), 23평(77.63), 29평(98.42), 33평(109.94), 33평(110.1), 33평(110.12)",
            "last_sales":"2022-02-24,18300.0,33평(110.1)",
            "rank_history":[
                [
                    "202203",
                    52
                ],
                [
                    "202202",
                    27
                ],
                [
                    "202201",
                    25
                ]
            ],
            "rank_gap":-25
        },
        {
            "index":117,
            "아파트명":"삼계현대",
            "투자타입":"일반",
            "전용면적(m2)":"88.04",
            "전용면적(평)":"26평",
            "법정동주소":"경상남도 창원시 마산회원구 내서읍 삼계리 21",
            "도로명주소":"경상남도 창원시 마산회원구 삼풍로 82",
            "세대수":50,
            "입주년차":0,
            "용적률점수":"--",
            "건폐율점수":"--",
            "세대당주차수":30,
            "난방방식":30,
            "공급면적":"--",
            "전용률":"--",
            "욕실수":100,
            "현관타입":100,
            "주거총점":45.0,
            "지역구공급총점":0.0,
            "역세권":"NA",
            "30분내 이동가능 거점":"NA",
            "1시간내 이동가능 거점":"NA",
            "교통총점":"NA",
            "백화점":0,
            "아울렛몰":0,
            "대형마트":100,
            "은행":0,
            "병원":80,
            "종합병원":80,
            "공원":100,
            "혐오시설":0,
            "인프라총점":42.0,
            "초등학군":90.0,
            "중학군":52.68,
            "학군총점":60.144,
            "인구수":20.26,
            "인구증감":-18.69,
            "인구총점":8.575,
            "일자리":11.24,
            "소득수준":82.32,
            "일자리총점":32.564,
            "가치 총점":47.586,
            "매매실거래년":20220204.0,
            "매매실거래가":23500.0,
            "전세실거래년":20210702.0,
            "전세실거래가":15000.0,
            "전세가율":76.14,
            "장기전세가율평균":75.61,
            "전세가율거품지수":-0.53,
            "검색코드":6503,
            "세대수":674.0,
            "준공년월":"1998-06-20",
            "준공년차":25.0,
            "가까운역이름":"NA",
            "가까운역거리":"NA",
            "역세권여부":"NA",
            "30분이내주요거점역":"NA",
            "30분거점역이름":"NA",
            "1시간이내주요거점역":"NA",
            "1시간거점역이름":"NA",
            "3km이내백화점수":0,
            "5km이내아울렛몰수":0,
            "1km이내대형먀트수":2,
            "500m이내은행수":0,
            "500m이내병원수":30,
            "5km이내대형병원수":1,
            "500m이내공원수":2,
            "3km이내혐오시설수":0,
            "초등학교학업성취도":90.0,
            "중학교학업성취도":86.2,
            "용적률":226,
            "건폐율":21,
            "Y":35.23332,
            "X":128.50239,
            "rank":53.0,
            "area_info":"26평(88.04), 29평(96.15), 29평(97.76), 34평(113.33), 34평(113.11), 39평(130.21)",
            "last_sales":"2022-02-04,23500.0,29평(96.15)",
            "rank_history":[
                [
                    "202203",
                    53
                ],
                [
                    "202202",
                    28
                ],
                [
                    "202201",
                    31
                ]
            ],
            "rank_gap":-25
        },
        {
            "index":367,
            "아파트명":"연화맨션",
            "투자타입":"재건축",
            "전용면적(m2)":"62.7",
            "전용면적(평)":"18평",
            "법정동주소":"경상남도 창원시 마산회원구 양덕동 61-7",
            "도로명주소":"경상남도 창원시 마산회원구 양덕남1길 13",
            "세대수":0,
            "입주년차":"--",
            "용적률점수":0,
            "건폐율점수":0,
            "세대당주차수":"--",
            "난방방식":"--",
            "공급면적":50,
            "전용률":80,
            "욕실수":"--",
            "현관타입":"--",
            "주거총점":6.5,
            "지역구공급총점":0.0,
            "역세권":"NA",
            "30분내 이동가능 거점":"NA",
            "1시간내 이동가능 거점":"NA",
            "교통총점":"NA",
            "백화점":100,
            "아울렛몰":0,
            "대형마트":100,
            "은행":0,
            "병원":80,
            "종합병원":100,
            "공원":100,
            "혐오시설":0,
            "인프라총점":76.0,
            "초등학군":89.99,
            "중학군":51.8,
            "학군총점":59.438,
            "인구수":20.26,
            "인구증감":-18.69,
            "인구총점":8.575,
            "일자리":11.24,
            "소득수준":82.32,
            "일자리총점":32.564,
            "가치 총점":47.5345,
            "매매실거래년":20220209.0,
            "매매실거래가":9800.0,
            "전세실거래년":null,
            "전세실거래가":null,
            "전세가율":null,
            "장기전세가율평균":75.61,
            "전세가율거품지수":null,
            "검색코드":123341,
            "세대수":70.0,
            "준공년월":"1988-03-08",
            "준공년차":35.0,
            "가까운역이름":"NA",
            "가까운역거리":"NA",
            "역세권여부":"NA",
            "30분이내주요거점역":"NA",
            "30분거점역이름":"NA",
            "1시간이내주요거점역":"NA",
            "1시간거점역이름":"NA",
            "3km이내백화점수":1,
            "5km이내아울렛몰수":0,
            "1km이내대형먀트수":3,
            "500m이내은행수":1,
            "500m이내병원수":31,
            "5km이내대형병원수":3,
            "500m이내공원수":3,
            "3km이내혐오시설수":0,
            "초등학교학업성취도":89.99,
            "중학교학업성취도":85.2,
            "용적률":0,
            "건폐율":0,
            "Y":35.231201,
            "X":128.5832,
            "rank":54.0,
            "area_info":"18평(62.7), 19평(63.45), 20평(66.87), 20평(68.73), 21평(69.9)",
            "last_sales":"2022-02-09,9800.0,18평(62.7)",
            "rank_history":[
                [
                    "202203",
                    54
                ],
                [
                    "202202",
                    9999
                ]
            ],
            "rank_gap":9999
        },
        {
            "index":374,
            "아파트명":"장미",
            "투자타입":"재건축",
            "전용면적(m2)":"56.1",
            "전용면적(평)":"16평",
            "법정동주소":"경상남도 창원시 마산회원구 양덕동 54-3",
            "도로명주소":"경상남도 창원시 마산회원구 양덕동10길 10",
            "세대수":0,
            "입주년차":"--",
            "용적률점수":0,
            "건폐율점수":0,
            "세대당주차수":"--",
            "난방방식":"--",
            "공급면적":50,
            "전용률":80,
            "욕실수":"--",
            "현관타입":"--",
            "주거총점":6.5,
            "지역구공급총점":0.0,
            "역세권":"NA",
            "30분내 이동가능 거점":"NA",
            "1시간내 이동가능 거점":"NA",
            "교통총점":"NA",
            "백화점":100,
            "아울렛몰":0,
            "대형마트":100,
            "은행":20,
            "병원":60,
            "종합병원":100,
            "공원":80,
            "혐오시설":0,
            "인프라총점":75.4,
            "초등학군":89.99,
            "중학군":51.04,
            "학군총점":58.83,
            "인구수":20.26,
            "인구증감":-18.69,
            "인구총점":8.575,
            "일자리":11.24,
            "소득수준":82.32,
            "일자리총점":32.564,
            "가치 총점":47.1425,
            "매매실거래년":20211203.0,
            "매매실거래가":7300.0,
            "전세실거래년":20210923.0,
            "전세실거래가":6600.0,
            "전세가율":110.0,
            "장기전세가율평균":75.61,
            "전세가율거품지수":-34.39,
            "검색코드":127067,
            "세대수":83.0,
            "준공년월":"1983-07-27",
            "준공년차":40.0,
            "가까운역이름":"NA",
            "가까운역거리":"NA",
            "역세권여부":"NA",
            "30분이내주요거점역":"NA",
            "30분거점역이름":"NA",
            "1시간이내주요거점역":"NA",
            "1시간거점역이름":"NA",
            "3km이내백화점수":1,
            "5km이내아울렛몰수":0,
            "1km이내대형먀트수":2,
            "500m이내은행수":2,
            "500m이내병원수":22,
            "5km이내대형병원수":3,
            "500m이내공원수":1,
            "3km이내혐오시설수":0,
            "초등학교학업성취도":89.99,
            "중학교학업성취도":82.4,
            "용적률":0,
            "건폐율":0,
            "Y":35.22916,
            "X":128.586237,
            "rank":55.0,
            "area_info":"16평(56.1), 17평(57.87)",
            "last_sales":"2021-12-03,7300.0,17평(57.87)",
            "rank_history":[
                [
                    "202203",
                    55
                ],
                [
                    "202202",
                    9999
                ]
            ],
            "rank_gap":9999
        },
        {
            "index":180,
            "아파트명":"코오롱하늘채1차",
            "투자타입":"일반",
            "전용면적(m2)":"80.66",
            "전용면적(평)":"24평",
            "법정동주소":"경상남도 창원시 마산회원구 내서읍 호계리 10",
            "도로명주소":"경상남도 창원시 마산회원구 호원로 361-3",
            "세대수":100,
            "입주년차":20,
            "용적률점수":"--",
            "건폐율점수":"--",
            "세대당주차수":30,
            "난방방식":30,
            "공급면적":"--",
            "전용률":"--",
            "욕실수":50,
            "현관타입":100,
            "주거총점":61.5,
            "지역구공급총점":0.0,
            "역세권":"NA",
            "30분내 이동가능 거점":"NA",
            "1시간내 이동가능 거점":"NA",
            "교통총점":"NA",
            "백화점":0,
            "아울렛몰":0,
            "대형마트":80,
            "은행":0,
            "병원":10,
            "종합병원":80,
            "공원":0,
            "혐오시설":0,
            "인프라총점":29.0,
            "초등학군":90.0,
            "중학군":47.52,
            "학군총점":56.016,
            "인구수":20.26,
            "인구증감":-18.69,
            "인구총점":8.575,
            "일자리":11.24,
            "소득수준":82.32,
            "일자리총점":32.564,
            "가치 총점":47.129,
            "매매실거래년":20220224.0,
            "매매실거래가":24500.0,
            "전세실거래년":20220203.0,
            "전세실거래가":14500.0,
            "전세가율":92.95,
            "장기전세가율평균":75.61,
            "전세가율거품지수":-17.34,
            "검색코드":15533,
            "세대수":2040.0,
            "준공년월":"2001-11-22",
            "준공년차":22.0,
            "가까운역이름":"NA",
            "가까운역거리":"NA",
            "역세권여부":"NA",
            "30분이내주요거점역":"NA",
            "30분거점역이름":"NA",
            "1시간이내주요거점역":"NA",
            "1시간거점역이름":"NA",
            "3km이내백화점수":0,
            "5km이내아울렛몰수":0,
            "1km이내대형먀트수":1,
            "500m이내은행수":0,
            "500m이내병원수":4,
            "5km이내대형병원수":1,
            "500m이내공원수":0,
            "3km이내혐오시설수":0,
            "초등학교학업성취도":90.0,
            "중학교학업성취도":78.0,
            "용적률":258,
            "건폐율":17,
            "Y":35.267423,
            "X":128.525438,
            "rank":56.0,
            "area_info":"24평(80.66), 28평(95.77), 33평(109.9), 33평(109.89), 39평(131.17), 47평(157.63), 61평(204.29)",
            "last_sales":"2022-02-24,24500.0,33평(109.9)",
            "rank_history":[
                [
                    "202203",
                    56
                ],
                [
                    "202202",
                    29
                ],
                [
                    "202201",
                    42
                ]
            ],
            "rank_gap":-27
        },
        {
            "index":199,
            "아파트명":"현대",
            "투자타입":"재건축",
            "전용면적(m2)":"89.8",
            "전용면적(평)":"27평",
            "법정동주소":"경상남도 창원시 마산회원구 내서읍 중리 338-1",
            "도로명주소":"경상남도 창원시 마산회원구 호원로 186-1",
            "세대수":90,
            "입주년차":"--",
            "용적률점수":20,
            "건폐율점수":100,
            "세대당주차수":"--",
            "난방방식":"--",
            "공급면적":70,
            "전용률":80,
            "욕실수":"--",
            "현관타입":"--",
            "주거총점":62.5,
            "지역구공급총점":0.0,
            "역세권":"NA",
            "30분내 이동가능 거점":"NA",
            "1시간내 이동가능 거점":"NA",
            "교통총점":"NA",
            "백화점":0,
            "아울렛몰":0,
            "대형마트":80,
            "은행":0,
            "병원":10,
            "종합병원":80,
            "공원":0,
            "혐오시설":0,
            "인프라총점":29.0,
            "초등학군":90.01,
            "중학군":45.66,
            "학군총점":54.53,
            "인구수":20.26,
            "인구증감":-18.69,
            "인구총점":8.575,
            "일자리":11.24,
            "소득수준":82.32,
            "일자리총점":32.564,
            "가치 총점":47.1075,
            "매매실거래년":20220225.0,
            "매매실거래가":15500.0,
            "전세실거래년":20211209.0,
            "전세실거래가":8500.0,
            "전세가율":79.44,
            "장기전세가율평균":75.61,
            "전세가율거품지수":-3.83,
            "검색코드":6520,
            "세대수":969.0,
            "준공년월":"1992-12-17",
            "준공년차":31.0,
            "가까운역이름":"NA",
            "가까운역거리":"NA",
            "역세권여부":"NA",
            "30분이내주요거점역":"NA",
            "30분거점역이름":"NA",
            "1시간이내주요거점역":"NA",
            "1시간거점역이름":"NA",
            "3km이내백화점수":0,
            "5km이내아울렛몰수":0,
            "1km이내대형먀트수":1,
            "500m이내은행수":1,
            "500m이내병원수":4,
            "5km이내대형병원수":1,
            "500m이내공원수":0,
            "3km이내혐오시설수":0,
            "초등학교학업성취도":90.01,
            "중학교학업성취도":76.1,
            "용적률":206,
            "건폐율":17,
            "Y":35.251408,
            "X":128.522752,
            "rank":57.0,
            "area_info":"27평(89.8), 31평(102.67), 45평(151.49)",
            "last_sales":"2022-02-25,15500.0,45평(151.49)",
            "rank_history":[
                [
                    "202203",
                    57
                ],
                [
                    "202202",
                    30
                ],
                [
                    "202201",
                    41
                ]
            ],
            "rank_gap":-27
        },
        {
            "index":328,
            "아파트명":"서안양덕타운",
            "투자타입":"일반",
            "전용면적(m2)":"79.76",
            "전용면적(평)":"24평",
            "법정동주소":"경상남도 창원시 마산회원구 양덕동 26-3",
            "도로명주소":"경상남도 창원시 마산회원구 팔용로 62-1",
            "세대수":0,
            "입주년차":0,
            "용적률점수":"--",
            "건폐율점수":"--",
            "세대당주차수":0,
            "난방방식":80,
            "공급면적":"--",
            "전용률":"--",
            "욕실수":50,
            "현관타입":100,
            "주거총점":23.0,
            "지역구공급총점":0.0,
            "역세권":"NA",
            "30분내 이동가능 거점":"NA",
            "1시간내 이동가능 거점":"NA",
            "교통총점":"NA",
            "백화점":100,
            "아울렛몰":0,
            "대형마트":80,
            "은행":0,
            "병원":0,
            "종합병원":100,
            "공원":100,
            "혐오시설":0,
            "인프라총점":65.0,
            "초등학군":89.99,
            "중학군":42.78,
            "학군총점":52.222,
            "인구수":20.26,
            "인구증감":-18.69,
            "인구총점":8.575,
            "일자리":11.24,
            "소득수준":82.32,
            "일자리총점":32.564,
            "가치 총점":47.1055,
            "매매실거래년":20211019.0,
            "매매실거래가":14800.0,
            "전세실거래년":20211027.0,
            "전세실거래가":12000.0,
            "전세가율":92.31,
            "장기전세가율평균":75.61,
            "전세가율거품지수":-16.7,
            "검색코드":6635,
            "세대수":200.0,
            "준공년월":"1994-12-10",
            "준공년차":29.0,
            "가까운역이름":"NA",
            "가까운역거리":"NA",
            "역세권여부":"NA",
            "30분이내주요거점역":"NA",
            "30분거점역이름":"NA",
            "1시간이내주요거점역":"NA",
            "1시간거점역이름":"NA",
            "3km이내백화점수":1,
            "5km이내아울렛몰수":0,
            "1km이내대형먀트수":1,
            "500m이내은행수":0,
            "500m이내병원수":1,
            "5km이내대형병원수":3,
            "500m이내공원수":3,
            "3km이내혐오시설수":0,
            "초등학교학업성취도":89.99,
            "중학교학업성취도":67.3,
            "용적률":301,
            "건폐율":27,
            "Y":35.23449,
            "X":128.58926,
            "rank":58.0,
            "area_info":"24평(79.76), 23평(79.26), 32평(105.81), 34평(112.97)",
            "last_sales":"2021-10-19,14800.0,34평(112.97)",
            "rank_history":[
                [
                    "202203",
                    58
                ],
                [
                    "202202",
                    31
                ],
                [
                    "202201",
                    26
                ]
            ],
            "rank_gap":-27
        },
        {
            "index":281,
            "아파트명":"대상",
            "투자타입":"일반",
            "전용면적(m2)":"61.06",
            "전용면적(평)":"18평",
            "법정동주소":"경상남도 창원시 마산회원구 양덕동 96-13",
            "도로명주소":"경상남도 창원시 마산회원구 양덕북17길 48",
            "세대수":0,
            "입주년차":20,
            "용적률점수":"--",
            "건폐율점수":"--",
            "세대당주차수":0,
            "난방방식":30,
            "공급면적":"--",
            "전용률":"--",
            "욕실수":50,
            "현관타입":10,
            "주거총점":13.0,
            "지역구공급총점":0.0,
            "역세권":"NA",
            "30분내 이동가능 거점":"NA",
            "1시간내 이동가능 거점":"NA",
            "교통총점":"NA",
            "백화점":100,
            "아울렛몰":0,
            "대형마트":80,
            "은행":0,
            "병원":80,
            "종합병원":100,
            "공원":100,
            "혐오시설":0,
            "인프라총점":73.0,
            "초등학군":89.99,
            "중학군":42.78,
            "학군총점":52.222,
            "인구수":20.26,
            "인구증감":-18.69,
            "인구총점":8.575,
            "일자리":11.24,
            "소득수준":82.32,
            "일자리총점":32.564,
            "가치 총점":46.8055,
            "매매실거래년":20220207.0,
            "매매실거래가":21200.0,
            "전세실거래년":20200622.0,
            "전세실거래가":8000.0,
            "전세가율":72.73,
            "장기전세가율평균":75.61,
            "전세가율거품지수":2.88,
            "검색코드":6631,
            "세대수":212.0,
            "준공년월":"1999-02-12",
            "준공년차":24.0,
            "가까운역이름":"NA",
            "가까운역거리":"NA",
            "역세권여부":"NA",
            "30분이내주요거점역":"NA",
            "30분거점역이름":"NA",
            "1시간이내주요거점역":"NA",
            "1시간거점역이름":"NA",
            "3km이내백화점수":1,
            "5km이내아울렛몰수":0,
            "1km이내대형먀트수":1,
            "500m이내은행수":1,
            "500m이내병원수":55,
            "5km이내대형병원수":3,
            "500m이내공원수":3,
            "3km이내혐오시설수":0,
            "초등학교학업성취도":89.99,
            "중학교학업성취도":67.3,
            "용적률":227,
            "건폐율":28,
            "Y":35.235527,
            "X":128.583396,
            "rank":59.0,
            "area_info":"18평(61.06), 23평(77.55), 31평(104.12)",
            "last_sales":"2022-02-07,21200.0,31평(104.12)",
            "rank_history":[
                [
                    "202203",
                    59
                ],
                [
                    "202202",
                    35
                ],
                [
                    "202201",
                    28
                ]
            ],
            "rank_gap":-24
        },
        {
            "index":202,
            "아파트명":"화성",
            "투자타입":"일반",
            "전용면적(m2)":"99.43",
            "전용면적(평)":"30평",
            "법정동주소":"경상남도 창원시 마산회원구 내서읍 삼계리 14",
            "도로명주소":"경상남도 창원시 마산회원구 삼계8길 31",
            "세대수":30,
            "입주년차":0,
            "용적률점수":"--",
            "건폐율점수":"--",
            "세대당주차수":60,
            "난방방식":30,
            "공급면적":"--",
            "전용률":"--",
            "욕실수":100,
            "현관타입":100,
            "주거총점":42.5,
            "지역구공급총점":0.0,
            "역세권":"NA",
            "30분내 이동가능 거점":"NA",
            "1시간내 이동가능 거점":"NA",
            "교통총점":"NA",
            "백화점":0,
            "아울렛몰":0,
            "대형마트":100,
            "은행":0,
            "병원":80,
            "종합병원":80,
            "공원":100,
            "혐오시설":0,
            "인프라총점":42.0,
            "초등학군":90.0,
            "중학군":52.68,
            "학군총점":60.144,
            "인구수":20.26,
            "인구증감":-18.69,
            "인구총점":8.575,
            "일자리":11.24,
            "소득수준":82.32,
            "일자리총점":32.564,
            "가치 총점":46.711,
            "매매실거래년":20220103.0,
            "매매실거래가":29500.0,
            "전세실거래년":20200719.0,
            "전세실거래가":16000.0,
            "전세가율":84.66,
            "장기전세가율평균":75.61,
            "전세가율거품지수":-9.05,
            "검색코드":6526,
            "세대수":330.0,
            "준공년월":"1998-09-19",
            "준공년차":25.0,
            "가까운역이름":"NA",
            "가까운역거리":"NA",
            "역세권여부":"NA",
            "30분이내주요거점역":"NA",
            "30분거점역이름":"NA",
            "1시간이내주요거점역":"NA",
            "1시간거점역이름":"NA",
            "3km이내백화점수":0,
            "5km이내아울렛몰수":0,
            "1km이내대형먀트수":2,
            "500m이내은행수":0,
            "500m이내병원수":31,
            "5km이내대형병원수":1,
            "500m이내공원수":2,
            "3km이내혐오시설수":0,
            "초등학교학업성취도":90.0,
            "중학교학업성취도":86.2,
            "용적률":248,
            "건폐율":23,
            "Y":35.233638,
            "X":128.500105,
            "rank":60.0,
            "area_info":"30평(99.43), 42평(139.72)",
            "last_sales":"2022-01-03,29500.0,42평(139.72)",
            "rank_history":[
                [
                    "202203",
                    60
                ],
                [
                    "202202",
                    32
                ],
                [
                    "202201",
                    33
                ]
            ],
            "rank_gap":-28
        },
        {
            "index":378,
            "아파트명":"타워맨션",
            "투자타입":"재건축",
            "전용면적(m2)":"86.7",
            "전용면적(평)":"26평",
            "법정동주소":"경상남도 창원시 마산회원구 양덕동 53-4",
            "도로명주소":"경상남도 창원시 마산회원구 양덕천길 20",
            "세대수":0,
            "입주년차":"--",
            "용적률점수":0,
            "건폐율점수":0,
            "세대당주차수":"--",
            "난방방식":"--",
            "공급면적":70,
            "전용률":80,
            "욕실수":"--",
            "현관타입":"--",
            "주거총점":7.5,
            "지역구공급총점":0.0,
            "역세권":"NA",
            "30분내 이동가능 거점":"NA",
            "1시간내 이동가능 거점":"NA",
            "교통총점":"NA",
            "백화점":100,
            "아울렛몰":0,
            "대형마트":100,
            "은행":0,
            "병원":60,
            "종합병원":100,
            "공원":80,
            "혐오시설":0,
            "인프라총점":73.4,
            "초등학군":89.99,
            "중학군":51.04,
            "학군총점":58.83,
            "인구수":20.26,
            "인구증감":-18.69,
            "인구총점":8.575,
            "일자리":11.24,
            "소득수준":82.32,
            "일자리총점":32.564,
            "가치 총점":46.6925,
            "매매실거래년":20220204.0,
            "매매실거래가":12200.0,
            "전세실거래년":20171209.0,
            "전세실거래가":10000.0,
            "전세가율":102.04,
            "장기전세가율평균":75.61,
            "전세가율거품지수":-26.43,
            "검색코드":6653,
            "세대수":119.0,
            "준공년월":"1979-08-03",
            "준공년차":44.0,
            "가까운역이름":"NA",
            "가까운역거리":"NA",
            "역세권여부":"NA",
            "30분이내주요거점역":"NA",
            "30분거점역이름":"NA",
            "1시간이내주요거점역":"NA",
            "1시간거점역이름":"NA",
            "3km이내백화점수":1,
            "5km이내아울렛몰수":0,
            "1km이내대형먀트수":2,
            "500m이내은행수":1,
            "500m이내병원수":22,
            "5km이내대형병원수":3,
            "500m이내공원수":1,
            "3km이내혐오시설수":0,
            "초등학교학업성취도":89.99,
            "중학교학업성취도":82.4,
            "용적률":0,
            "건폐율":0,
            "Y":35.22968,
            "X":128.586562,
            "rank":61.0,
            "area_info":"26평(86.7), 34평(112.43)",
            "last_sales":"2022-02-04,12200.0,34평(112.43)",
            "rank_history":[
                [
                    "202203",
                    61
                ],
                [
                    "202202",
                    33
                ],
                [
                    "202201",
                    27
                ]
            ],
            "rank_gap":-28
        },
        {
            "index":77,
            "아파트명":"대동다숲(삼계)",
            "투자타입":"일반",
            "전용면적(m2)":"90.35",
            "전용면적(평)":"27평",
            "법정동주소":"경상남도 창원시 마산회원구 내서읍 삼계리 37",
            "도로명주소":"경상남도 창원시 마산회원구 삼계2길 31",
            "세대수":30,
            "입주년차":20,
            "용적률점수":"--",
            "건폐율점수":"--",
            "세대당주차수":30,
            "난방방식":30,
            "공급면적":"--",
            "전용률":"--",
            "욕실수":100,
            "현관타입":100,
            "주거총점":42.0,
            "지역구공급총점":0.0,
            "역세권":"NA",
            "30분내 이동가능 거점":"NA",
            "1시간내 이동가능 거점":"NA",
            "교통총점":"NA",
            "백화점":0,
            "아울렛몰":0,
            "대형마트":100,
            "은행":0,
            "병원":80,
            "종합병원":80,
            "공원":100,
            "혐오시설":0,
            "인프라총점":42.0,
            "초등학군":90.0,
            "중학군":52.68,
            "학군총점":60.144,
            "인구수":20.26,
            "인구증감":-18.69,
            "인구총점":8.575,
            "일자리":11.24,
            "소득수준":82.32,
            "일자리총점":32.564,
            "가치 총점":46.536,
            "매매실거래년":20220221.0,
            "매매실거래가":17700.0,
            "전세실거래년":20210426.0,
            "전세실거래가":13000.0,
            "전세가율":73.45,
            "장기전세가율평균":75.61,
            "전세가율거품지수":2.16,
            "검색코드":6496,
            "세대수":390.0,
            "준공년월":"1999-05-08",
            "준공년차":24.0,
            "가까운역이름":"NA",
            "가까운역거리":"NA",
            "역세권여부":"NA",
            "30분이내주요거점역":"NA",
            "30분거점역이름":"NA",
            "1시간이내주요거점역":"NA",
            "1시간거점역이름":"NA",
            "3km이내백화점수":0,
            "5km이내아울렛몰수":0,
            "1km이내대형먀트수":2,
            "500m이내은행수":0,
            "500m이내병원수":30,
            "5km이내대형병원수":1,
            "500m이내공원수":2,
            "3km이내혐오시설수":0,
            "초등학교학업성취도":90.0,
            "중학교학업성취도":86.2,
            "용적률":250,
            "건폐율":23,
            "Y":35.23013,
            "X":128.50437,
            "rank":62.0,
            "area_info":"27평(90.35), 29평(96.89), 29평(96.88)",
            "last_sales":"2022-02-21,17700.0,27평(90.35)",
            "rank_history":[
                [
                    "202203",
                    62
                ],
                [
                    "202202",
                    34
                ],
                [
                    "202201",
                    34
                ]
            ],
            "rank_gap":-28
        },
        {
            "index":87,
            "아파트명":"대동이미지2단지",
            "투자타입":"일반",
            "전용면적(m2)":"83.58",
            "전용면적(평)":"25평",
            "법정동주소":"경상남도 창원시 마산회원구 내서읍 삼계리 260",
            "도로명주소":"경상남도 창원시 마산회원구 광려로 29",
            "세대수":50,
            "입주년차":20,
            "용적률점수":"--",
            "건폐율점수":"--",
            "세대당주차수":100,
            "난방방식":30,
            "공급면적":"--",
            "전용률":"--",
            "욕실수":50,
            "현관타입":100,
            "주거총점":54.5,
            "지역구공급총점":0.0,
            "역세권":"NA",
            "30분내 이동가능 거점":"NA",
            "1시간내 이동가능 거점":"NA",
            "교통총점":"NA",
            "백화점":0,
            "아울렛몰":0,
            "대형마트":80,
            "은행":0,
            "병원":0,
            "종합병원":80,
            "공원":80,
            "혐오시설":0,
            "인프라총점":30.4,
            "초등학군":90.0,
            "중학군":52.92,
            "학군총점":60.336,
            "인구수":20.26,
            "인구증감":-18.69,
            "인구총점":8.575,
            "일자리":11.24,
            "소득수준":82.32,
            "일자리총점":32.564,
            "가치 총점":46.319,
            "매매실거래년":20220205.0,
            "매매실거래가":21700.0,
            "전세실거래년":20211224.0,
            "전세실거래가":12500.0,
            "전세가율":97.66,
            "장기전세가율평균":75.61,
            "전세가율거품지수":-22.05,
            "검색코드":17367,
            "세대수":540.0,
            "준공년월":"2003-12-19",
            "준공년차":20.0,
            "가까운역이름":"NA",
            "가까운역거리":"NA",
            "역세권여부":"NA",
            "30분이내주요거점역":"NA",
            "30분거점역이름":"NA",
            "1시간이내주요거점역":"NA",
            "1시간거점역이름":"NA",
            "3km이내백화점수":0,
            "5km이내아울렛몰수":0,
            "1km이내대형먀트수":1,
            "500m이내은행수":0,
            "500m이내병원수":1,
            "5km이내대형병원수":1,
            "500m이내공원수":1,
            "3km이내혐오시설수":0,
            "초등학교학업성취도":90.0,
            "중학교학업성취도":87.2,
            "용적률":234,
            "건폐율":17,
            "Y":35.223888,
            "X":128.503495,
            "rank":63.0,
            "area_info":"25평(83.58), 25평(84.18), 29평(99.08), 34평(112.71), 34평(113.41)",
            "last_sales":"2022-02-05,21700.0,34평(113.41)",
            "rank_history":[
                [
                    "202203",
                    63
                ],
                [
                    "202202",
                    36
                ],
                [
                    "202201",
                    46
                ]
            ],
            "rank_gap":-27
        },
        {
            "index":212,
            "아파트명":"봉암서광",
            "투자타입":"일반",
            "전용면적(m2)":"79.1",
            "전용면적(평)":"23평",
            "법정동주소":"경상남도 창원시 마산회원구 봉암동 277",
            "도로명주소":"경상남도 창원시 마산회원구 봉양로 241",
            "세대수":30,
            "입주년차":20,
            "용적률점수":"--",
            "건폐율점수":"--",
            "세대당주차수":0,
            "난방방식":30,
            "공급면적":"--",
            "전용률":"--",
            "욕실수":50,
            "현관타입":100,
            "주거총점":32.5,
            "지역구공급총점":0.0,
            "역세권":"NA",
            "30분내 이동가능 거점":"NA",
            "1시간내 이동가능 거점":"NA",
            "교통총점":"NA",
            "백화점":100,
            "아울렛몰":0,
            "대형마트":0,
            "은행":0,
            "병원":0,
            "종합병원":100,
            "공원":0,
            "혐오시설":0,
            "인프라총점":50.0,
            "초등학군":90.04,
            "중학군":51.04,
            "학군총점":58.84,
            "인구수":20.26,
            "인구증감":-18.69,
            "인구총점":8.575,
            "일자리":11.24,
            "소득수준":82.32,
            "일자리총점":32.564,
            "가치 총점":46.085,
            "매매실거래년":20220119.0,
            "매매실거래가":9250.0,
            "전세실거래년":20220209.0,
            "전세실거래가":8500.0,
            "전세가율":91.89,
            "장기전세가율평균":75.61,
            "전세가율거품지수":-16.28,
            "검색코드":6542,
            "세대수":364.0,
            "준공년월":"2000-12-12",
            "준공년차":23.0,
            "가까운역이름":"NA",
            "가까운역거리":"NA",
            "역세권여부":"NA",
            "30분이내주요거점역":"NA",
            "30분거점역이름":"NA",
            "1시간이내주요거점역":"NA",
            "1시간거점역이름":"NA",
            "3km이내백화점수":1,
            "5km이내아울렛몰수":0,
            "1km이내대형먀트수":0,
            "500m이내은행수":0,
            "500m이내병원수":0,
            "5km이내대형병원수":4,
            "500m이내공원수":0,
            "3km이내혐오시설수":0,
            "초등학교학업성취도":90.04,
            "중학교학업성취도":82.4,
            "용적률":315,
            "건폐율":23,
            "Y":35.216605,
            "X":128.612929,
            "rank":64.0,
            "area_info":"23평(79.1)",
            "last_sales":"2022-01-19,9250.0,23평(79.1)",
            "rank_history":[
                [
                    "202203",
                    64
                ],
                [
                    "202202",
                    38
                ],
                [
                    "202201",
                    30
                ]
            ],
            "rank_gap":-26
        },
        {
            "index":56,
            "아파트명":"THE-푸른",
            "투자타입":"일반",
            "전용면적(m2)":"53.25",
            "전용면적(평)":"16평",
            "법정동주소":"경상남도 창원시 마산회원구 내서읍 삼계리 7",
            "도로명주소":"경상남도 창원시 마산회원구 삼계10길 22",
            "세대수":90,
            "입주년차":0,
            "용적률점수":"--",
            "건폐율점수":"--",
            "세대당주차수":0,
            "난방방식":30,
            "공급면적":"--",
            "전용률":"--",
            "욕실수":50,
            "현관타입":10,
            "주거총점":40.5,
            "지역구공급총점":0.0,
            "역세권":"NA",
            "30분내 이동가능 거점":"NA",
            "1시간내 이동가능 거점":"NA",
            "교통총점":"NA",
            "백화점":0,
            "아울렛몰":0,
            "대형마트":100,
            "은행":0,
            "병원":80,
            "종합병원":80,
            "공원":100,
            "혐오시설":0,
            "인프라총점":42.0,
            "초등학군":90.0,
            "중학군":52.68,
            "학군총점":60.144,
            "인구수":20.26,
            "인구증감":-18.69,
            "인구총점":8.575,
            "일자리":11.24,
            "소득수준":82.32,
            "일자리총점":32.564,
            "가치 총점":46.011,
            "매매실거래년":20220219.0,
            "매매실거래가":8800.0,
            "전세실거래년":20211230.0,
            "전세실거래가":7000.0,
            "전세가율":79.55,
            "장기전세가율평균":75.61,
            "전세가율거품지수":-3.94,
            "검색코드":6523,
            "세대수":1314.0,
            "준공년월":"1998-06-17",
            "준공년차":25.0,
            "가까운역이름":"NA",
            "가까운역거리":"NA",
            "역세권여부":"NA",
            "30분이내주요거점역":"NA",
            "30분거점역이름":"NA",
            "1시간이내주요거점역":"NA",
            "1시간거점역이름":"NA",
            "3km이내백화점수":0,
            "5km이내아울렛몰수":0,
            "1km이내대형먀트수":2,
            "500m이내은행수":0,
            "500m이내병원수":30,
            "5km이내대형병원수":1,
            "500m이내공원수":3,
            "3km이내혐오시설수":0,
            "초등학교학업성취도":90.0,
            "중학교학업성취도":86.2,
            "용적률":182,
            "건폐율":16,
            "Y":35.235463,
            "X":128.502951,
            "rank":65.0,
            "area_info":"16평(53.25), 19평(63.99), 21평(72.29), 21평(72.31), 21평(72.16)",
            "last_sales":"2022-02-19,8800.0,16평(53.25)",
            "rank_history":[
                [
                    "202203",
                    65
                ],
                [
                    "202202",
                    37
                ],
                [
                    "202201",
                    36
                ]
            ],
            "rank_gap":-28
        },
        {
            "index":376,
            "아파트명":"정우맨션",
            "투자타입":"재건축",
            "전용면적(m2)":"80.99",
            "전용면적(평)":"24평",
            "법정동주소":"경상남도 창원시 마산회원구 양덕동 158-5",
            "도로명주소":"경상남도 창원시 마산회원구 양덕동2길 106",
            "세대수":0,
            "입주년차":"--",
            "용적률점수":0,
            "건폐율점수":0,
            "세대당주차수":"--",
            "난방방식":"--",
            "공급면적":50,
            "전용률":100,
            "욕실수":"--",
            "현관타입":"--",
            "주거총점":7.5,
            "지역구공급총점":0.0,
            "역세권":"NA",
            "30분내 이동가능 거점":"NA",
            "1시간내 이동가능 거점":"NA",
            "교통총점":"NA",
            "백화점":100,
            "아울렛몰":0,
            "대형마트":100,
            "은행":0,
            "병원":60,
            "종합병원":100,
            "공원":0,
            "혐오시설":0,
            "인프라총점":71.0,
            "초등학군":90.04,
            "중학군":51.04,
            "학군총점":58.84,
            "인구수":20.26,
            "인구증감":-18.69,
            "인구총점":8.575,
            "일자리":11.24,
            "소득수준":82.32,
            "일자리총점":32.564,
            "가치 총점":45.735,
            "매매실거래년":20220110.0,
            "매매실거래가":11850.0,
            "전세실거래년":null,
            "전세실거래가":null,
            "전세가율":null,
            "장기전세가율평균":75.61,
            "전세가율거품지수":null,
            "검색코드":6651,
            "세대수":180.0,
            "준공년월":"1979-05-16",
            "준공년차":44.0,
            "가까운역이름":"NA",
            "가까운역거리":"NA",
            "역세권여부":"NA",
            "30분이내주요거점역":"NA",
            "30분거점역이름":"NA",
            "1시간이내주요거점역":"NA",
            "1시간거점역이름":"NA",
            "3km이내백화점수":1,
            "5km이내아울렛몰수":0,
            "1km이내대형먀트수":2,
            "500m이내은행수":1,
            "500m이내병원수":12,
            "5km이내대형병원수":3,
            "500m이내공원수":0,
            "3km이내혐오시설수":0,
            "초등학교학업성취도":90.04,
            "중학교학업성취도":82.4,
            "용적률":0,
            "건폐율":0,
            "Y":35.22621,
            "X":128.58849,
            "rank":66.0,
            "area_info":"24평(80.99), 25평(83.74)",
            "last_sales":"2022-01-10,11850.0,25평(83.74)",
            "rank_history":[
                [
                    "202203",
                    66
                ],
                [
                    "202202",
                    39
                ],
                [
                    "202201",
                    35
                ]
            ],
            "rank_gap":-27
        },
        {
            "index":380,
            "아파트명":"태양",
            "투자타입":"재건축",
            "전용면적(m2)":"65.72",
            "전용면적(평)":"19평",
            "법정동주소":"경상남도 창원시 마산회원구 양덕동 95-21",
            "도로명주소":"경상남도 창원시 마산회원구 양덕북17길 51",
            "세대수":0,
            "입주년차":"--",
            "용적률점수":0,
            "건폐율점수":0,
            "세대당주차수":"--",
            "난방방식":"--",
            "공급면적":50,
            "전용률":100,
            "욕실수":"--",
            "현관타입":"--",
            "주거총점":7.5,
            "지역구공급총점":0.0,
            "역세권":"NA",
            "30분내 이동가능 거점":"NA",
            "1시간내 이동가능 거점":"NA",
            "교통총점":"NA",
            "백화점":100,
            "아울렛몰":0,
            "대형마트":80,
            "은행":20,
            "병원":80,
            "종합병원":100,
            "공원":100,
            "혐오시설":0,
            "인프라총점":75.0,
            "초등학군":89.99,
            "중학군":42.78,
            "학군총점":52.222,
            "인구수":20.26,
            "인구증감":-18.69,
            "인구총점":8.575,
            "일자리":11.24,
            "소득수준":82.32,
            "일자리총점":32.564,
            "가치 총점":45.6805,
            "매매실거래년":20201006.0,
            "매매실거래가":8600.0,
            "전세실거래년":20200312.0,
            "전세실거래가":8000.0,
            "전세가율":66.67,
            "장기전세가율평균":75.61,
            "전세가율거품지수":8.94,
            "검색코드":123175,
            "세대수":60.0,
            "준공년월":"1985-11-07",
            "준공년차":38.0,
            "가까운역이름":"NA",
            "가까운역거리":"NA",
            "역세권여부":"NA",
            "30분이내주요거점역":"NA",
            "30분거점역이름":"NA",
            "1시간이내주요거점역":"NA",
            "1시간거점역이름":"NA",
            "3km이내백화점수":1,
            "5km이내아울렛몰수":0,
            "1km이내대형먀트수":1,
            "500m이내은행수":2,
            "500m이내병원수":47,
            "5km이내대형병원수":3,
            "500m이내공원수":3,
            "3km이내혐오시설수":0,
            "초등학교학업성취도":89.99,
            "중학교학업성취도":67.3,
            "용적률":0,
            "건폐율":0,
            "Y":35.23504,
            "X":128.583785,
            "rank":67.0,
            "area_info":"19평(65.72), 20평(67.16), 20평(68.87), 21평(70.31)",
            "last_sales":"2020-10-06,8600.0,21평(70.31)",
            "rank_history":[
                [
                    "202203",
                    67
                ],
                [
                    "202202",
                    9999
                ]
            ],
            "rank_gap":9999
        },
        {
            "index":425,
            "아파트명":"합성동림맨션",
            "투자타입":"재건축",
            "전용면적(m2)":"69.75",
            "전용면적(평)":"21평",
            "법정동주소":"경상남도 창원시 마산회원구 합성동 205-7",
            "도로명주소":"경상남도 창원시 마산회원구 합성남8길 34",
            "세대수":0,
            "입주년차":"--",
            "용적률점수":0,
            "건폐율점수":0,
            "세대당주차수":"--",
            "난방방식":"--",
            "공급면적":50,
            "전용률":100,
            "욕실수":"--",
            "현관타입":"--",
            "주거총점":7.5,
            "지역구공급총점":0.0,
            "역세권":"NA",
            "30분내 이동가능 거점":"NA",
            "1시간내 이동가능 거점":"NA",
            "교통총점":"NA",
            "백화점":100,
            "아울렛몰":0,
            "대형마트":80,
            "은행":20,
            "병원":80,
            "종합병원":100,
            "공원":100,
            "혐오시설":0,
            "인프라총점":75.0,
            "초등학군":89.99,
            "중학군":42.78,
            "학군총점":52.222,
            "인구수":20.26,
            "인구증감":-18.69,
            "인구총점":8.575,
            "일자리":11.24,
            "소득수준":82.32,
            "일자리총점":32.564,
            "가치 총점":45.6805,
            "매매실거래년":20190722.0,
            "매매실거래가":7700.0,
            "전세실거래년":null,
            "전세실거래가":null,
            "전세가율":null,
            "장기전세가율평균":75.61,
            "전세가율거품지수":null,
            "검색코드":16646,
            "세대수":75.0,
            "준공년월":"1984-09-07",
            "준공년차":39.0,
            "가까운역이름":"NA",
            "가까운역거리":"NA",
            "역세권여부":"NA",
            "30분이내주요거점역":"NA",
            "30분거점역이름":"NA",
            "1시간이내주요거점역":"NA",
            "1시간거점역이름":"NA",
            "3km이내백화점수":1,
            "5km이내아울렛몰수":0,
            "1km이내대형먀트수":1,
            "500m이내은행수":2,
            "500m이내병원수":56,
            "5km이내대형병원수":3,
            "500m이내공원수":3,
            "3km이내혐오시설수":0,
            "초등학교학업성취도":89.99,
            "중학교학업성취도":67.3,
            "용적률":0,
            "건폐율":0,
            "Y":35.238667,
            "X":128.58666,
            "rank":67.0,
            "area_info":"21평(69.75), 21평(71.1), 23평(77.76), 25평(82.8), 27평(90.0)",
            "last_sales":"2019-07-22,7700.0,21평(69.75)",
            "rank_history":[
                [
                    "202203",
                    67
                ],
                [
                    "202202",
                    9999
                ]
            ],
            "rank_gap":9999
        },
        {
            "index":216,
            "아파트명":"건우맨션",
            "투자타입":"일반",
            "전용면적(m2)":"84.26",
            "전용면적(평)":"25평",
            "법정동주소":"경상남도 창원시 마산회원구 석전동 47-3",
            "도로명주소":"경상남도 창원시 마산회원구 회원서1길 70",
            "세대수":0,
            "입주년차":0,
            "용적률점수":"--",
            "건폐율점수":"--",
            "세대당주차수":0,
            "난방방식":30,
            "공급면적":"--",
            "전용률":"--",
            "욕실수":50,
            "현관타입":100,
            "주거총점":18.0,
            "지역구공급총점":0.0,
            "역세권":"NA",
            "30분내 이동가능 거점":"NA",
            "1시간내 이동가능 거점":"NA",
            "교통총점":"NA",
            "백화점":100,
            "아울렛몰":0,
            "대형마트":80,
            "은행":0,
            "병원":10,
            "종합병원":100,
            "공원":100,
            "혐오시설":0,
            "인프라총점":66.0,
            "초등학군":89.97,
            "중학군":40.1,
            "학군총점":50.074,
            "인구수":20.26,
            "인구증감":-18.69,
            "인구총점":8.575,
            "일자리":11.24,
            "소득수준":82.32,
            "일자리총점":32.564,
            "가치 총점":45.2185,
            "매매실거래년":20180711.0,
            "매매실거래가":7000.0,
            "전세실거래년":null,
            "전세실거래가":null,
            "전세가율":null,
            "장기전세가율평균":75.61,
            "전세가율거품지수":null,
            "검색코드":114906,
            "세대수":96.0,
            "준공년월":"1993-10-25",
            "준공년차":30.0,
            "가까운역이름":"NA",
            "가까운역거리":"NA",
            "역세권여부":"NA",
            "30분이내주요거점역":"NA",
            "30분거점역이름":"NA",
            "1시간이내주요거점역":"NA",
            "1시간거점역이름":"NA",
            "3km이내백화점수":2,
            "5km이내아울렛몰수":0,
            "1km이내대형먀트수":1,
            "500m이내은행수":0,
            "500m이내병원수":3,
            "5km이내대형병원수":4,
            "500m이내공원수":8,
            "3km이내혐오시설수":0,
            "초등학교학업성취도":89.97,
            "중학교학업성취도":65.9,
            "용적률":314,
            "건폐율":43,
            "Y":35.224638,
            "X":128.569956,
            "rank":68.0,
            "area_info":"25평(84.26), 28평(93.27), 29평(99.07), 31평(102.87), 31평(103.18), 36평(120.47), 37평(122.45)",
            "last_sales":"2018-07-11,7000.0,37평(122.45)",
            "rank_history":[
                [
                    "202203",
                    68
                ],
                [
                    "202202",
                    9999
                ]
            ],
            "rank_gap":9999
        },
        {
            "index":348,
            "아파트명":"양덕경남",
            "투자타입":"재건축",
            "전용면적(m2)":"76.76",
            "전용면적(평)":"23평",
            "법정동주소":"경상남도 창원시 마산회원구 양덕동 5-2",
            "도로명주소":"경상남도 창원시 마산회원구 양덕동17길 22",
            "세대수":0,
            "입주년차":"--",
            "용적률점수":0,
            "건폐율점수":60,
            "세대당주차수":"--",
            "난방방식":"--",
            "공급면적":50,
            "전용률":60,
            "욕실수":"--",
            "현관타입":"--",
            "주거총점":17.5,
            "지역구공급총점":0.0,
            "역세권":"NA",
            "30분내 이동가능 거점":"NA",
            "1시간내 이동가능 거점":"NA",
            "교통총점":"NA",
            "백화점":100,
            "아울렛몰":0,
            "대형마트":80,
            "은행":0,
            "병원":0,
            "종합병원":100,
            "공원":100,
            "혐오시설":0,
            "인프라총점":65.0,
            "초등학군":89.99,
            "중학군":42.78,
            "학군총점":52.222,
            "인구수":20.26,
            "인구증감":-18.69,
            "인구총점":8.575,
            "일자리":11.24,
            "소득수준":82.32,
            "일자리총점":32.564,
            "가치 총점":45.1805,
            "매매실거래년":20220113.0,
            "매매실거래가":9800.0,
            "전세실거래년":20210311.0,
            "전세실거래가":10000.0,
            "전세가율":102.04,
            "장기전세가율평균":75.61,
            "전세가율거품지수":-26.43,
            "검색코드":6629,
            "세대수":257.0,
            "준공년월":"1992-12-31",
            "준공년차":31.0,
            "가까운역이름":"NA",
            "가까운역거리":"NA",
            "역세권여부":"NA",
            "30분이내주요거점역":"NA",
            "30분거점역이름":"NA",
            "1시간이내주요거점역":"NA",
            "1시간거점역이름":"NA",
            "3km이내백화점수":1,
            "5km이내아울렛몰수":0,
            "1km이내대형먀트수":1,
            "500m이내은행수":0,
            "500m이내병원수":1,
            "5km이내대형병원수":3,
            "500m이내공원수":2,
            "3km이내혐오시설수":0,
            "초등학교학업성취도":89.99,
            "중학교학업성취도":67.3,
            "용적률":0,
            "건폐율":30,
            "Y":35.234247,
            "X":128.590847,
            "rank":69.0,
            "area_info":"23평(76.76), 23평(76.04), 29평(96.03), 50평(167.26)",
            "last_sales":"2022-01-13,9800.0,23평(76.76)",
            "rank_history":[
                [
                    "202203",
                    69
                ],
                [
                    "202202",
                    40
                ],
                [
                    "202201",
                    32
                ]
            ],
            "rank_gap":-29
        },
        {
            "index":192,
            "아파트명":"한우리1차",
            "투자타입":"일반",
            "전용면적(m2)":"72.87",
            "전용면적(평)":"22평",
            "법정동주소":"경상남도 창원시 마산회원구 내서읍 삼계리 38",
            "도로명주소":"경상남도 창원시 마산회원구 삼계1길 48",
            "세대수":50,
            "입주년차":20,
            "용적률점수":"--",
            "건폐율점수":"--",
            "세대당주차수":0,
            "난방방식":30,
            "공급면적":"--",
            "전용률":"--",
            "욕실수":50,
            "현관타입":100,
            "주거총점":39.5,
            "지역구공급총점":0.0,
            "역세권":"NA",
            "30분내 이동가능 거점":"NA",
            "1시간내 이동가능 거점":"NA",
            "교통총점":"NA",
            "백화점":0,
            "아울렛몰":0,
            "대형마트":100,
            "은행":0,
            "병원":60,
            "종합병원":80,
            "공원":80,
            "혐오시설":0,
            "인프라총점":39.4,
            "초등학군":90.0,
            "중학군":52.68,
            "학군총점":60.144,
            "인구수":20.26,
            "인구증감":-18.69,
            "인구총점":8.575,
            "일자리":11.24,
            "소득수준":82.32,
            "일자리총점":32.564,
            "가치 총점":44.621,
            "매매실거래년":20211224.0,
            "매매실거래가":12700.0,
            "전세실거래년":20220209.0,
            "전세실거래가":8900.0,
            "전세가율":70.08,
            "장기전세가율평균":75.61,
            "전세가율거품지수":5.53,
            "검색코드":6516,
            "세대수":540.0,
            "준공년월":"2000-09-08",
            "준공년차":23.0,
            "가까운역이름":"NA",
            "가까운역거리":"NA",
            "역세권여부":"NA",
            "30분이내주요거점역":"NA",
            "30분거점역이름":"NA",
            "1시간이내주요거점역":"NA",
            "1시간거점역이름":"NA",
            "3km이내백화점수":0,
            "5km이내아울렛몰수":0,
            "1km이내대형먀트수":2,
            "500m이내은행수":0,
            "500m이내병원수":23,
            "5km이내대형병원수":1,
            "500m이내공원수":1,
            "3km이내혐오시설수":0,
            "초등학교학업성취도":90.0,
            "중학교학업성취도":86.2,
            "용적률":239,
            "건폐율":23,
            "Y":35.22874,
            "X":128.50455,
            "rank":70.0,
            "area_info":"22평(72.87)",
            "last_sales":"2021-12-24,12700.0,22평(72.87)",
            "rank_history":[
                [
                    "202203",
                    70
                ],
                [
                    "202202",
                    41
                ],
                [
                    "202201",
                    37
                ]
            ],
            "rank_gap":-29
        },
        {
            "index":416,
            "아파트명":"백조",
            "투자타입":"재건축",
            "전용면적(m2)":"60.26",
            "전용면적(평)":"18평",
            "법정동주소":"경상남도 창원시 마산회원구 합성동 167-2",
            "도로명주소":"경상남도 창원시 마산회원구 합성동12길 36",
            "세대수":0,
            "입주년차":"--",
            "용적률점수":0,
            "건폐율점수":0,
            "세대당주차수":"--",
            "난방방식":"--",
            "공급면적":50,
            "전용률":100,
            "욕실수":"--",
            "현관타입":"--",
            "주거총점":7.5,
            "지역구공급총점":0.0,
            "역세권":"NA",
            "30분내 이동가능 거점":"NA",
            "1시간내 이동가능 거점":"NA",
            "교통총점":"NA",
            "백화점":100,
            "아울렛몰":0,
            "대형마트":80,
            "은행":0,
            "병원":80,
            "종합병원":80,
            "공원":80,
            "혐오시설":0,
            "인프라총점":68.4,
            "초등학군":89.98,
            "중학군":48.66,
            "학군총점":56.924,
            "인구수":20.26,
            "인구증감":-18.69,
            "인구총점":8.575,
            "일자리":11.24,
            "소득수준":82.32,
            "일자리총점":32.564,
            "가치 총점":44.216,
            "매매실거래년":20220209.0,
            "매매실거래가":8200.0,
            "전세실거래년":20150609.0,
            "전세실거래가":10000.0,
            "전세가율":91.32,
            "장기전세가율평균":75.61,
            "전세가율거품지수":-15.71,
            "검색코드":107609,
            "세대수":80.0,
            "준공년월":"1978-12-29",
            "준공년차":45.0,
            "가까운역이름":"NA",
            "가까운역거리":"NA",
            "역세권여부":"NA",
            "30분이내주요거점역":"NA",
            "30분거점역이름":"NA",
            "1시간이내주요거점역":"NA",
            "1시간거점역이름":"NA",
            "3km이내백화점수":1,
            "5km이내아울렛몰수":0,
            "1km이내대형먀트수":1,
            "500m이내은행수":1,
            "500m이내병원수":30,
            "5km이내대형병원수":1,
            "500m이내공원수":1,
            "3km이내혐오시설수":0,
            "초등학교학업성취도":89.98,
            "중학교학업성취도":77.9,
            "용적률":0,
            "건폐율":0,
            "Y":35.242611,
            "X":128.588754,
            "rank":71.0,
            "area_info":"18평(60.26), 18평(60.99), 18평(60.23), 18평(60.25), 18평(61.19), 18평(62.41), 18평(62.15), 19평(65.12)",
            "last_sales":"2022-02-09,8200.0,18평(61.19)",
            "rank_history":[
                [
                    "202203",
                    71
                ],
                [
                    "202202",
                    9999
                ]
            ],
            "rank_gap":9999
        },
        {
            "index":135,
            "아파트명":"숲속마을주공5단지",
            "투자타입":"일반",
            "전용면적(m2)":"85.17",
            "전용면적(평)":"25평",
            "법정동주소":"경상남도 창원시 마산회원구 내서읍 삼계리 507-1",
            "도로명주소":"경상남도 창원시 마산회원구 숲속로 30",
            "세대수":50,
            "입주년차":20,
            "용적률점수":"--",
            "건폐율점수":"--",
            "세대당주차수":30,
            "난방방식":30,
            "공급면적":"--",
            "전용률":"--",
            "욕실수":50,
            "현관타입":100,
            "주거총점":44.0,
            "지역구공급총점":0.0,
            "역세권":"NA",
            "30분내 이동가능 거점":"NA",
            "1시간내 이동가능 거점":"NA",
            "교통총점":"NA",
            "백화점":0,
            "아울렛몰":0,
            "대형마트":100,
            "은행":0,
            "병원":0,
            "종합병원":80,
            "공원":100,
            "혐오시설":0,
            "인프라총점":34.0,
            "초등학군":89.99,
            "중학군":52.68,
            "학군총점":60.142,
            "인구수":20.26,
            "인구증감":-18.69,
            "인구총점":8.575,
            "일자리":11.24,
            "소득수준":82.32,
            "일자리총점":32.564,
            "가치 총점":44.0355,
            "매매실거래년":20211216.0,
            "매매실거래가":16300.0,
            "전세실거래년":20170208.0,
            "전세실거래가":12000.0,
            "전세가율":96.0,
            "장기전세가율평균":75.61,
            "전세가율거품지수":-20.39,
            "검색코드":6528,
            "세대수":480.0,
            "준공년월":"2001-10-17",
            "준공년차":22.0,
            "가까운역이름":"NA",
            "가까운역거리":"NA",
            "역세권여부":"NA",
            "30분이내주요거점역":"NA",
            "30분거점역이름":"NA",
            "1시간이내주요거점역":"NA",
            "1시간거점역이름":"NA",
            "3km이내백화점수":0,
            "5km이내아울렛몰수":0,
            "1km이내대형먀트수":2,
            "500m이내은행수":0,
            "500m이내병원수":1,
            "5km이내대형병원수":1,
            "500m이내공원수":3,
            "3km이내혐오시설수":0,
            "초등학교학업성취도":89.99,
            "중학교학업성취도":86.2,
            "용적률":186,
            "건폐율":18,
            "Y":35.229298,
            "X":128.496607,
            "rank":72.0,
            "area_info":"25평(85.17), 29평(97.3), 32평(108.19), 32평(108.26)",
            "last_sales":"2021-12-16,16300.0,32평(108.26)",
            "rank_history":[
                [
                    "202203",
                    72
                ],
                [
                    "202202",
                    42
                ],
                [
                    "202201",
                    40
                ]
            ],
            "rank_gap":-30
        },
        {
            "index":465,
            "아파트명":"대림파크",
            "투자타입":"재건축",
            "전용면적(m2)":"62.85",
            "전용면적(평)":"19평",
            "법정동주소":"경상남도 창원시 마산회원구 회원동 355-13",
            "도로명주소":"경상남도 창원시 마산회원구 회원남로 78",
            "세대수":0,
            "입주년차":"--",
            "용적률점수":0,
            "건폐율점수":0,
            "세대당주차수":"--",
            "난방방식":"--",
            "공급면적":50,
            "전용률":60,
            "욕실수":"--",
            "현관타입":"--",
            "주거총점":5.5,
            "지역구공급총점":0.0,
            "역세권":"NA",
            "30분내 이동가능 거점":"NA",
            "1시간내 이동가능 거점":"NA",
            "교통총점":"NA",
            "백화점":100,
            "아울렛몰":0,
            "대형마트":80,
            "은행":0,
            "병원":80,
            "종합병원":100,
            "공원":100,
            "혐오시설":0,
            "인프라총점":73.0,
            "초등학군":89.97,
            "중학군":40.1,
            "학군총점":50.074,
            "인구수":20.26,
            "인구증감":-18.69,
            "인구총점":8.575,
            "일자리":11.24,
            "소득수준":82.32,
            "일자리총점":32.564,
            "가치 총점":43.6435,
            "매매실거래년":20200703.0,
            "매매실거래가":22900.0,
            "전세실거래년":20131017.0,
            "전세실거래가":5000.0,
            "전세가율":54.25,
            "장기전세가율평균":75.61,
            "전세가율거품지수":21.36,
            "검색코드":15563,
            "세대수":150.0,
            "준공년월":"1987-12-12",
            "준공년차":36.0,
            "가까운역이름":"NA",
            "가까운역거리":"NA",
            "역세권여부":"NA",
            "30분이내주요거점역":"NA",
            "30분거점역이름":"NA",
            "1시간이내주요거점역":"NA",
            "1시간거점역이름":"NA",
            "3km이내백화점수":2,
            "5km이내아울렛몰수":0,
            "1km이내대형먀트수":1,
            "500m이내은행수":1,
            "500m이내병원수":32,
            "5km이내대형병원수":4,
            "500m이내공원수":8,
            "3km이내혐오시설수":0,
            "초등학교학업성취도":89.97,
            "중학교학업성취도":65.9,
            "용적률":0,
            "건폐율":0,
            "Y":35.218577,
            "X":128.569006,
            "rank":73.0,
            "area_info":"19평(62.85), 31평(104.44), 48평(161.88)",
            "last_sales":"2020-07-03,22900.0,48평(161.88)",
            "rank_history":[
                [
                    "202203",
                    73
                ],
                [
                    "202202",
                    43
                ],
                [
                    "202201",
                    52
                ]
            ],
            "rank_gap":-30
        },
        {
            "index":80,
            "아파트명":"대동다숲(원계)",
            "투자타입":"일반",
            "전용면적(m2)":"77.6",
            "전용면적(평)":"23평",
            "법정동주소":"경상남도 창원시 마산회원구 내서읍 원계리 647",
            "도로명주소":"경상남도 창원시 마산회원구 광려천남로 267",
            "세대수":30,
            "입주년차":40,
            "용적률점수":"--",
            "건폐율점수":"--",
            "세대당주차수":0,
            "난방방식":30,
            "공급면적":"--",
            "전용률":"--",
            "욕실수":50,
            "현관타입":100,
            "주거총점":36.5,
            "지역구공급총점":0.0,
            "역세권":"NA",
            "30분내 이동가능 거점":"NA",
            "1시간내 이동가능 거점":"NA",
            "교통총점":"NA",
            "백화점":0,
            "아울렛몰":0,
            "대형마트":100,
            "은행":0,
            "병원":60,
            "종합병원":80,
            "공원":80,
            "혐오시설":0,
            "인프라총점":39.4,
            "초등학군":90.0,
            "중학군":52.68,
            "학군총점":60.144,
            "인구수":20.26,
            "인구증감":-18.69,
            "인구총점":8.575,
            "일자리":11.24,
            "소득수준":82.32,
            "일자리총점":32.564,
            "가치 총점":43.571,
            "매매실거래년":20220203.0,
            "매매실거래가":15900.0,
            "전세실거래년":20220115.0,
            "전세실거래가":13650.0,
            "전세가율":85.85,
            "장기전세가율평균":75.61,
            "전세가율거품지수":-10.24,
            "검색코드":19226,
            "세대수":347.0,
            "준공년월":"2006-06-19",
            "준공년차":17.0,
            "가까운역이름":"NA",
            "가까운역거리":"NA",
            "역세권여부":"NA",
            "30분이내주요거점역":"NA",
            "30분거점역이름":"NA",
            "1시간이내주요거점역":"NA",
            "1시간거점역이름":"NA",
            "3km이내백화점수":0,
            "5km이내아울렛몰수":0,
            "1km이내대형먀트수":2,
            "500m이내은행수":0,
            "500m이내병원수":21,
            "5km이내대형병원수":1,
            "500m이내공원수":1,
            "3km이내혐오시설수":0,
            "초등학교학업성취도":90.0,
            "중학교학업성취도":86.2,
            "용적률":249,
            "건폐율":23,
            "Y":35.229194,
            "X":128.506593,
            "rank":74.0,
            "area_info":"23평(77.6), 34평(113.54)",
            "last_sales":"2022-02-03,15900.0,23평(77.6)",
            "rank_history":[
                [
                    "202203",
                    74
                ],
                [
                    "202202",
                    44
                ],
                [
                    "202201",
                    43
                ]
            ],
            "rank_gap":-30
        },
        {
            "index":479,
            "아파트명":"회원주공",
            "투자타입":"일반",
            "전용면적(m2)":"74.45",
            "전용면적(평)":"22평",
            "법정동주소":"경상남도 창원시 마산회원구 회원동 648-1",
            "도로명주소":"경상남도 창원시 마산회원구 회원서11길 21",
            "세대수":0,
            "입주년차":20,
            "용적률점수":"--",
            "건폐율점수":"--",
            "세대당주차수":0,
            "난방방식":30,
            "공급면적":"--",
            "전용률":"--",
            "욕실수":50,
            "현관타입":100,
            "주거총점":22.0,
            "지역구공급총점":0.0,
            "역세권":"NA",
            "30분내 이동가능 거점":"NA",
            "1시간내 이동가능 거점":"NA",
            "교통총점":"NA",
            "백화점":100,
            "아울렛몰":0,
            "대형마트":0,
            "은행":0,
            "병원":10,
            "종합병원":100,
            "공원":100,
            "혐오시설":0,
            "인프라총점":54.0,
            "초등학군":89.96,
            "중학군":46.58,
            "학군총점":55.256,
            "인구수":20.26,
            "인구증감":-18.69,
            "인구총점":8.575,
            "일자리":11.24,
            "소득수준":82.32,
            "일자리총점":32.564,
            "가치 총점":43.114,
            "매매실거래년":20211215.0,
            "매매실거래가":10900.0,
            "전세실거래년":20211010.0,
            "전세실거래가":12000.0,
            "전세가율":110.09,
            "장기전세가율평균":75.61,
            "전세가율거품지수":-34.48,
            "검색코드":15566,
            "세대수":156.0,
            "준공년월":"2002-05-14",
            "준공년차":21.0,
            "가까운역이름":"NA",
            "가까운역거리":"NA",
            "역세권여부":"NA",
            "30분이내주요거점역":"NA",
            "30분거점역이름":"NA",
            "1시간이내주요거점역":"NA",
            "1시간거점역이름":"NA",
            "3km이내백화점수":2,
            "5km이내아울렛몰수":0,
            "1km이내대형먀트수":0,
            "500m이내은행수":0,
            "500m이내병원수":4,
            "5km이내대형병원수":4,
            "500m이내공원수":2,
            "3km이내혐오시설수":0,
            "초등학교학업성취도":89.96,
            "중학교학업성취도":75.1,
            "용적률":0,
            "건폐율":0,
            "Y":35.21716,
            "X":128.55928,
            "rank":75.0,
            "area_info":"22평(74.45), 22평(74.4), 31평(105.47)",
            "last_sales":"2021-12-15,10900.0,22평(74.45)",
            "rank_history":[
                [
                    "202203",
                    75
                ],
                [
                    "202202",
                    45
                ],
                [
                    "202201",
                    39
                ]
            ],
            "rank_gap":-30
        },
        {
            "index":145,
            "아파트명":"숲속마을주공그린빌4단지",
            "투자타입":"일반",
            "전용면적(m2)":"63.4",
            "전용면적(평)":"19평",
            "법정동주소":"경상남도 창원시 마산회원구 내서읍 삼계리 506",
            "도로명주소":"경상남도 창원시 마산회원구 숲속로 8",
            "세대수":50,
            "입주년차":20,
            "용적률점수":"--",
            "건폐율점수":"--",
            "세대당주차수":0,
            "난방방식":30,
            "공급면적":"--",
            "전용률":"--",
            "욕실수":50,
            "현관타입":100,
            "주거총점":39.5,
            "지역구공급총점":0.0,
            "역세권":"NA",
            "30분내 이동가능 거점":"NA",
            "1시간내 이동가능 거점":"NA",
            "교통총점":"NA",
            "백화점":0,
            "아울렛몰":0,
            "대형마트":100,
            "은행":0,
            "병원":0,
            "종합병원":80,
            "공원":100,
            "혐오시설":0,
            "인프라총점":34.0,
            "초등학군":89.99,
            "중학군":52.68,
            "학군총점":60.142,
            "인구수":20.26,
            "인구증감":-18.69,
            "인구총점":8.575,
            "일자리":11.24,
            "소득수준":82.32,
            "일자리총점":32.564,
            "가치 총점":42.4605,
            "매매실거래년":20220113.0,
            "매매실거래가":22800.0,
            "전세실거래년":null,
            "전세실거래가":null,
            "전세가율":null,
            "장기전세가율평균":75.61,
            "전세가율거품지수":null,
            "검색코드":15530,
            "세대수":444.0,
            "준공년월":"2002-11-14",
            "준공년차":21.0,
            "가까운역이름":"NA",
            "가까운역거리":"NA",
            "역세권여부":"NA",
            "30분이내주요거점역":"NA",
            "30분거점역이름":"NA",
            "1시간이내주요거점역":"NA",
            "1시간거점역이름":"NA",
            "3km이내백화점수":0,
            "5km이내아울렛몰수":0,
            "1km이내대형먀트수":2,
            "500m이내은행수":0,
            "500m이내병원수":1,
            "5km이내대형병원수":1,
            "500m이내공원수":3,
            "3km이내혐오시설수":0,
            "초등학교학업성취도":89.99,
            "중학교학업성취도":86.2,
            "용적률":198,
            "건폐율":18,
            "Y":35.231102,
            "X":128.496387,
            "rank":76.0,
            "area_info":"19평(63.4), 23평(76.8), 29평(98.3), 33평(109.57)",
            "last_sales":"2022-01-13,22800.0,33평(109.57)",
            "rank_history":[
                [
                    "202203",
                    76
                ],
                [
                    "202202",
                    46
                ],
                [
                    "202201",
                    47
                ]
            ],
            "rank_gap":-30
        },
        {
            "index":194,
            "아파트명":"한일유앤아이오르젠",
            "투자타입":"일반",
            "전용면적(m2)":"109.77",
            "전용면적(평)":"33평",
            "법정동주소":"경상남도 창원시 마산회원구 내서읍 원계리 832-49",
            "도로명주소":"경상남도 창원시 마산회원구 광려천남로 245",
            "세대수":0,
            "입주년차":40,
            "용적률점수":"--",
            "건폐율점수":"--",
            "세대당주차수":0,
            "난방방식":30,
            "공급면적":"--",
            "전용률":"--",
            "욕실수":100,
            "현관타입":100,
            "주거총점":31.0,
            "지역구공급총점":0.0,
            "역세권":"NA",
            "30분내 이동가능 거점":"NA",
            "1시간내 이동가능 거점":"NA",
            "교통총점":"NA",
            "백화점":0,
            "아울렛몰":0,
            "대형마트":100,
            "은행":0,
            "병원":80,
            "종합병원":80,
            "공원":80,
            "혐오시설":0,
            "인프라총점":41.4,
            "초등학군":90.0,
            "중학군":52.68,
            "학군총점":60.144,
            "인구수":20.26,
            "인구증감":-18.69,
            "인구총점":8.575,
            "일자리":11.24,
            "소득수준":82.32,
            "일자리총점":32.564,
            "가치 총점":42.446,
            "매매실거래년":20211021.0,
            "매매실거래가":20000.0,
            "전세실거래년":20210224.0,
            "전세실거래가":16000.0,
            "전세가율":80.0,
            "장기전세가율평균":75.61,
            "전세가율거품지수":-4.39,
            "검색코드":19227,
            "세대수":212.0,
            "준공년월":"2005-07-06",
            "준공년차":18.0,
            "가까운역이름":"NA",
            "가까운역거리":"NA",
            "역세권여부":"NA",
            "30분이내주요거점역":"NA",
            "30분거점역이름":"NA",
            "1시간이내주요거점역":"NA",
            "1시간거점역이름":"NA",
            "3km이내백화점수":0,
            "5km이내아울렛몰수":0,
            "1km이내대형먀트수":2,
            "500m이내은행수":0,
            "500m이내병원수":30,
            "5km이내대형병원수":1,
            "500m이내공원수":1,
            "3km이내혐오시설수":0,
            "초등학교학업성취도":90.0,
            "중학교학업성취도":86.2,
            "용적률":284,
            "건폐율":19,
            "Y":35.231971,
            "X":128.506379,
            "rank":77.0,
            "area_info":"33평(109.77), 33평(109.77)",
            "last_sales":"2021-10-21,20000.0,33평(109.77)",
            "rank_history":[
                [
                    "202203",
                    77
                ],
                [
                    "202202",
                    47
                ],
                [
                    "202201",
                    49
                ]
            ],
            "rank_gap":-30
        },
        {
            "index":161,
            "아파트명":"조은나오스빌",
            "투자타입":"일반",
            "전용면적(m2)":"149.12",
            "전용면적(평)":"45평",
            "법정동주소":"경상남도 창원시 마산회원구 내서읍 삼계리 43",
            "도로명주소":"경상남도 창원시 마산회원구 삼풍로 6",
            "세대수":0,
            "입주년차":40,
            "용적률점수":"--",
            "건폐율점수":"--",
            "세대당주차수":60,
            "난방방식":30,
            "공급면적":"--",
            "전용률":"--",
            "욕실수":100,
            "현관타입":100,
            "주거총점":40.0,
            "지역구공급총점":0.0,
            "역세권":"NA",
            "30분내 이동가능 거점":"NA",
            "1시간내 이동가능 거점":"NA",
            "교통총점":"NA",
            "백화점":0,
            "아울렛몰":0,
            "대형마트":100,
            "은행":0,
            "병원":0,
            "종합병원":80,
            "공원":80,
            "혐오시설":0,
            "인프라총점":33.4,
            "초등학군":90.0,
            "중학군":52.68,
            "학군총점":60.144,
            "인구수":20.26,
            "인구증감":-18.69,
            "인구총점":8.575,
            "일자리":11.24,
            "소득수준":82.32,
            "일자리총점":32.564,
            "가치 총점":42.396,
            "매매실거래년":20210808.0,
            "매매실거래가":22400.0,
            "전세실거래년":20140614.0,
            "전세실거래가":17000.0,
            "전세가율":75.89,
            "장기전세가율평균":75.61,
            "전세가율거품지수":-0.28,
            "검색코드":100990,
            "세대수":60.0,
            "준공년월":"2004-06-30",
            "준공년차":19.0,
            "가까운역이름":"NA",
            "가까운역거리":"NA",
            "역세권여부":"NA",
            "30분이내주요거점역":"NA",
            "30분거점역이름":"NA",
            "1시간이내주요거점역":"NA",
            "1시간거점역이름":"NA",
            "3km이내백화점수":0,
            "5km이내아울렛몰수":0,
            "1km이내대형먀트수":2,
            "500m이내은행수":0,
            "500m이내병원수":1,
            "5km이내대형병원수":1,
            "500m이내공원수":1,
            "3km이내혐오시설수":0,
            "초등학교학업성취도":90.0,
            "중학교학업성취도":86.2,
            "용적률":0,
            "건폐율":0,
            "Y":35.226354,
            "X":128.504444,
            "rank":78.0,
            "area_info":"45평(149.12)",
            "last_sales":"2021-08-08,22400.0,45평(149.12)",
            "rank_history":[
                [
                    "202203",
                    78
                ],
                [
                    "202202",
                    9999
                ]
            ],
            "rank_gap":9999
        },
        {
            "index":223,
            "아파트명":"경창가고파",
            "투자타입":"재건축",
            "전용면적(m2)":"97.77",
            "전용면적(평)":"29평",
            "법정동주소":"경상남도 창원시 마산회원구 석전동 46-1",
            "도로명주소":"경상남도 창원시 마산회원구 석전서9길 154",
            "세대수":0,
            "입주년차":"--",
            "용적률점수":0,
            "건폐율점수":0,
            "세대당주차수":"--",
            "난방방식":"--",
            "공급면적":70,
            "전용률":80,
            "욕실수":"--",
            "현관타입":"--",
            "주거총점":7.5,
            "지역구공급총점":0.0,
            "역세권":"NA",
            "30분내 이동가능 거점":"NA",
            "1시간내 이동가능 거점":"NA",
            "교통총점":"NA",
            "백화점":100,
            "아울렛몰":0,
            "대형마트":80,
            "은행":0,
            "병원":30,
            "종합병원":100,
            "공원":100,
            "혐오시설":0,
            "인프라총점":68.0,
            "초등학군":90.02,
            "중학군":40.1,
            "학군총점":50.084,
            "인구수":20.26,
            "인구증감":-18.69,
            "인구총점":8.575,
            "일자리":11.24,
            "소득수준":82.32,
            "일자리총점":32.564,
            "가치 총점":42.346,
            "매매실거래년":20211201.0,
            "매매실거래가":9300.0,
            "전세실거래년":20210108.0,
            "전세실거래가":8500.0,
            "전세가율":91.4,
            "장기전세가율평균":75.61,
            "전세가율거품지수":-15.79,
            "검색코드":107195,
            "세대수":70.0,
            "준공년월":"1992-09-07",
            "준공년차":31.0,
            "가까운역이름":"NA",
            "가까운역거리":"NA",
            "역세권여부":"NA",
            "30분이내주요거점역":"NA",
            "30분거점역이름":"NA",
            "1시간이내주요거점역":"NA",
            "1시간거점역이름":"NA",
            "3km이내백화점수":2,
            "5km이내아울렛몰수":0,
            "1km이내대형먀트수":1,
            "500m이내은행수":0,
            "500m이내병원수":7,
            "5km이내대형병원수":4,
            "500m이내공원수":7,
            "3km이내혐오시설수":0,
            "초등학교학업성취도":90.02,
            "중학교학업성취도":65.9,
            "용적률":0,
            "건폐율":0,
            "Y":35.225577,
            "X":128.57,
            "rank":79.0,
            "area_info":"29평(97.77), 29평(99.01), 29평(99.11)",
            "last_sales":"2021-12-01,9300.0,29평(97.77)",
            "rank_history":[
                [
                    "202203",
                    79
                ],
                [
                    "202202",
                    9999
                ]
            ],
            "rank_gap":9999
        },
        {
            "index":93,
            "아파트명":"동신1차",
            "투자타입":"일반",
            "전용면적(m2)":"107.62",
            "전용면적(평)":"32평",
            "법정동주소":"경상남도 창원시 마산회원구 내서읍 중리 1038",
            "도로명주소":"경상남도 창원시 마산회원구 중리상곡로 114",
            "세대수":50,
            "입주년차":0,
            "용적률점수":"--",
            "건폐율점수":"--",
            "세대당주차수":0,
            "난방방식":80,
            "공급면적":"--",
            "전용률":"--",
            "욕실수":100,
            "현관타입":100,
            "주거총점":45.5,
            "지역구공급총점":0.0,
            "역세권":"NA",
            "30분내 이동가능 거점":"NA",
            "1시간내 이동가능 거점":"NA",
            "교통총점":"NA",
            "백화점":0,
            "아울렛몰":0,
            "대형마트":80,
            "은행":0,
            "병원":0,
            "종합병원":80,
            "공원":100,
            "혐오시설":0,
            "인프라총점":31.0,
            "초등학군":90.01,
            "중학군":45.66,
            "학군총점":54.53,
            "인구수":20.26,
            "인구증감":-18.69,
            "인구총점":8.575,
            "일자리":11.24,
            "소득수준":82.32,
            "일자리총점":32.564,
            "가치 총점":41.9575,
            "매매실거래년":20220104.0,
            "매매실거래가":18000.0,
            "전세실거래년":20210420.0,
            "전세실거래가":12000.0,
            "전세가율":77.42,
            "장기전세가율평균":75.61,
            "전세가율거품지수":-1.81,
            "검색코드":15499,
            "세대수":509.0,
            "준공년월":"1994-06-29",
            "준공년차":29.0,
            "가까운역이름":"NA",
            "가까운역거리":"NA",
            "역세권여부":"NA",
            "30분이내주요거점역":"NA",
            "30분거점역이름":"NA",
            "1시간이내주요거점역":"NA",
            "1시간거점역이름":"NA",
            "3km이내백화점수":0,
            "5km이내아울렛몰수":0,
            "1km이내대형먀트수":1,
            "500m이내은행수":0,
            "500m이내병원수":1,
            "5km이내대형병원수":1,
            "500m이내공원수":3,
            "3km이내혐오시설수":0,
            "초등학교학업성취도":90.01,
            "중학교학업성취도":76.1,
            "용적률":0,
            "건폐율":19,
            "Y":35.250141,
            "X":128.511305,
            "rank":80.0,
            "area_info":"32평(107.62), 38평(126.38), 41평(138.51)",
            "last_sales":"2022-01-04,18000.0,38평(126.38)",
            "rank_history":[
                [
                    "202203",
                    80
                ],
                [
                    "202202",
                    48
                ],
                [
                    "202201",
                    44
                ]
            ],
            "rank_gap":-32
        },
        {
            "index":133,
            "아파트명":"성우",
            "투자타입":"일반",
            "전용면적(m2)":"86.17",
            "전용면적(평)":"26평",
            "법정동주소":"경상남도 창원시 마산회원구 내서읍 호계리 352",
            "도로명주소":"경상남도 창원시 마산회원구 광려천북로 58",
            "세대수":30,
            "입주년차":40,
            "용적률점수":"--",
            "건폐율점수":"--",
            "세대당주차수":30,
            "난방방식":30,
            "공급면적":"--",
            "전용률":"--",
            "욕실수":50,
            "현관타입":100,
            "주거총점":41.0,
            "지역구공급총점":0.0,
            "역세권":"NA",
            "30분내 이동가능 거점":"NA",
            "1시간내 이동가능 거점":"NA",
            "교통총점":"NA",
            "백화점":0,
            "아울렛몰":0,
            "대형마트":100,
            "은행":0,
            "병원":10,
            "종합병원":80,
            "공원":0,
            "혐오시설":0,
            "인프라총점":32.0,
            "초등학군":90.01,
            "중학군":47.52,
            "학군총점":56.018,
            "인구수":20.26,
            "인구증감":-18.69,
            "인구총점":8.575,
            "일자리":11.24,
            "소득수준":82.32,
            "일자리총점":32.564,
            "가치 총점":41.1545,
            "매매실거래년":20220215.0,
            "매매실거래가":18500.0,
            "전세실거래년":20210226.0,
            "전세실거래가":11000.0,
            "전세가율":78.57,
            "장기전세가율평균":75.61,
            "전세가율거품지수":-2.96,
            "검색코드":100989,
            "세대수":330.0,
            "준공년월":"2004-06-30",
            "준공년차":19.0,
            "가까운역이름":"NA",
            "가까운역거리":"NA",
            "역세권여부":"NA",
            "30분이내주요거점역":"NA",
            "30분거점역이름":"NA",
            "1시간이내주요거점역":"NA",
            "1시간거점역이름":"NA",
            "3km이내백화점수":0,
            "5km이내아울렛몰수":0,
            "1km이내대형먀트수":2,
            "500m이내은행수":1,
            "500m이내병원수":2,
            "5km이내대형병원수":1,
            "500m이내공원수":0,
            "3km이내혐오시설수":0,
            "초등학교학업성취도":90.01,
            "중학교학업성취도":78.0,
            "용적률":296,
            "건폐율":20,
            "Y":35.255552,
            "X":128.519087,
            "rank":81.0,
            "area_info":"26평(86.17), 32평(106.26)",
            "last_sales":"2022-02-15,18500.0,32평(106.26)",
            "rank_history":[
                [
                    "202203",
                    81
                ],
                [
                    "202202",
                    49
                ],
                [
                    "202201",
                    50
                ]
            ],
            "rank_gap":-32
        },
        {
            "index":398,
            "아파트명":"동림(고려)",
            "투자타입":"재건축",
            "전용면적(m2)":"59.16",
            "전용면적(평)":"17평",
            "법정동주소":"경상남도 창원시 마산회원구 합성동 144-5",
            "도로명주소":"경상남도 창원시 마산회원구 합성옛길 324",
            "세대수":0,
            "입주년차":"--",
            "용적률점수":20,
            "건폐율점수":0,
            "세대당주차수":"--",
            "난방방식":"--",
            "공급면적":50,
            "전용률":80,
            "욕실수":"--",
            "현관타입":"--",
            "주거총점":14.5,
            "지역구공급총점":0.0,
            "역세권":"NA",
            "30분내 이동가능 거점":"NA",
            "1시간내 이동가능 거점":"NA",
            "교통총점":"NA",
            "백화점":100,
            "아울렛몰":0,
            "대형마트":0,
            "은행":0,
            "병원":60,
            "종합병원":80,
            "공원":80,
            "혐오시설":0,
            "인프라총점":54.4,
            "초등학군":89.98,
            "중학군":48.66,
            "학군총점":56.924,
            "인구수":20.26,
            "인구증감":-18.69,
            "인구총점":8.575,
            "일자리":11.24,
            "소득수준":82.32,
            "일자리총점":32.564,
            "가치 총점":41.066,
            "매매실거래년":20160911.0,
            "매매실거래가":14200.0,
            "전세실거래년":20190520.0,
            "전세실거래가":8500.0,
            "전세가율":100.0,
            "장기전세가율평균":75.61,
            "전세가율거품지수":-24.39,
            "검색코드":140404,
            "세대수":70.0,
            "준공년월":"1986-09-05",
            "준공년차":37.0,
            "가까운역이름":"NA",
            "가까운역거리":"NA",
            "역세권여부":"NA",
            "30분이내주요거점역":"NA",
            "30분거점역이름":"NA",
            "1시간이내주요거점역":"NA",
            "1시간거점역이름":"NA",
            "3km이내백화점수":1,
            "5km이내아울렛몰수":0,
            "1km이내대형먀트수":0,
            "500m이내은행수":1,
            "500m이내병원수":12,
            "5km이내대형병원수":1,
            "500m이내공원수":1,
            "3km이내혐오시설수":0,
            "초등학교학업성취도":89.98,
            "중학교학업성취도":77.9,
            "용적률":209,
            "건폐율":0,
            "Y":35.244575,
            "X":128.589177,
            "rank":82.0,
            "area_info":"17평(59.16), 20평(69.15), 21평(70.38), 21평(72.45), 22평(73.62), 22평(75.6), 23평(76.5), 23평(77.58), 24평(80.52), 25평(85.2)",
            "last_sales":"2016-09-11,14200.0,25평(85.2)",
            "rank_history":[
                [
                    "202203",
                    82
                ],
                [
                    "202202",
                    9999
                ]
            ],
            "rank_gap":9999
        },
        {
            "index":245,
            "아파트명":"일우근주",
            "투자타입":"일반",
            "전용면적(m2)":"74.83",
            "전용면적(평)":"22평",
            "법정동주소":"경상남도 창원시 마산회원구 석전동 203-10",
            "도로명주소":"경상남도 창원시 마산회원구 석전북2길 64",
            "세대수":0,
            "입주년차":0,
            "용적률점수":"--",
            "건폐율점수":"--",
            "세대당주차수":0,
            "난방방식":30,
            "공급면적":"--",
            "전용률":"--",
            "욕실수":50,
            "현관타입":100,
            "주거총점":18.0,
            "지역구공급총점":0.0,
            "역세권":"NA",
            "30분내 이동가능 거점":"NA",
            "1시간내 이동가능 거점":"NA",
            "교통총점":"NA",
            "백화점":100,
            "아울렛몰":0,
            "대형마트":0,
            "은행":0,
            "병원":0,
            "종합병원":100,
            "공원":100,
            "혐오시설":0,
            "인프라총점":53.0,
            "초등학군":90.02,
            "중학군":45.06,
            "학군총점":54.052,
            "인구수":20.26,
            "인구증감":-18.69,
            "인구총점":8.575,
            "일자리":11.24,
            "소득수준":82.32,
            "일자리총점":32.564,
            "가치 총점":41.013,
            "매매실거래년":20220119.0,
            "매매실거래가":12000.0,
            "전세실거래년":20201017.0,
            "전세실거래가":8000.0,
            "전세가율":66.67,
            "장기전세가율평균":75.61,
            "전세가율거품지수":8.94,
            "검색코드":6577,
            "세대수":269.0,
            "준공년월":"1994-12-28",
            "준공년차":29.0,
            "가까운역이름":"NA",
            "가까운역거리":"NA",
            "역세권여부":"NA",
            "30분이내주요거점역":"NA",
            "30분거점역이름":"NA",
            "1시간이내주요거점역":"NA",
            "1시간거점역이름":"NA",
            "3km이내백화점수":1,
            "5km이내아울렛몰수":0,
            "1km이내대형먀트수":0,
            "500m이내은행수":0,
            "500m이내병원수":1,
            "5km이내대형병원수":3,
            "500m이내공원수":4,
            "3km이내혐오시설수":0,
            "초등학교학업성취도":90.02,
            "중학교학업성취도":72.5,
            "용적률":319,
            "건폐율":31,
            "Y":35.23237,
            "X":128.568795,
            "rank":83.0,
            "area_info":"22평(74.83), 31평(104.99), 31평(105.41), 43평(143.37)",
            "last_sales":"2022-01-19,12000.0,22평(74.83)",
            "rank_history":[
                [
                    "202203",
                    83
                ],
                [
                    "202202",
                    50
                ],
                [
                    "202201",
                    45
                ]
            ],
            "rank_gap":-33
        },
        {
            "index":63,
            "아파트명":"국제한마음타운",
            "투자타입":"재건축",
            "전용면적(m2)":"71.62",
            "전용면적(평)":"21평",
            "법정동주소":"경상남도 창원시 마산회원구 내서읍 호계리 790-23",
            "도로명주소":"경상남도 창원시 마산회원구 호계본동로 38",
            "세대수":50,
            "입주년차":"--",
            "용적률점수":0,
            "건폐율점수":80,
            "세대당주차수":"--",
            "난방방식":"--",
            "공급면적":50,
            "전용률":80,
            "욕실수":"--",
            "현관타입":"--",
            "주거총점":37.5,
            "지역구공급총점":0.0,
            "역세권":"NA",
            "30분내 이동가능 거점":"NA",
            "1시간내 이동가능 거점":"NA",
            "교통총점":"NA",
            "백화점":0,
            "아울렛몰":0,
            "대형마트":80,
            "은행":0,
            "병원":60,
            "종합병원":80,
            "공원":0,
            "혐오시설":0,
            "인프라총점":34.0,
            "초등학군":90.0,
            "중학군":47.52,
            "학군총점":56.016,
            "인구수":20.26,
            "인구증감":-18.69,
            "인구총점":8.575,
            "일자리":11.24,
            "소득수준":82.32,
            "일자리총점":32.564,
            "가치 총점":40.729,
            "매매실거래년":20220224.0,
            "매매실거래가":9200.0,
            "전세실거래년":20190424.0,
            "전세실거래가":7000.0,
            "전세가율":76.92,
            "장기전세가율평균":75.61,
            "전세가율거품지수":-1.31,
            "검색코드":15496,
            "세대수":493.0,
            "준공년월":"1992-11-02",
            "준공년차":31.0,
            "가까운역이름":"NA",
            "가까운역거리":"NA",
            "역세권여부":"NA",
            "30분이내주요거점역":"NA",
            "30분거점역이름":"NA",
            "1시간이내주요거점역":"NA",
            "1시간거점역이름":"NA",
            "3km이내백화점수":0,
            "5km이내아울렛몰수":0,
            "1km이내대형먀트수":1,
            "500m이내은행수":1,
            "500m이내병원수":12,
            "5km이내대형병원수":1,
            "500m이내공원수":0,
            "3km이내혐오시설수":0,
            "초등학교학업성취도":90.0,
            "중학교학업성취도":78.0,
            "용적률":316,
            "건폐율":29,
            "Y":35.264285,
            "X":128.521747,
            "rank":84.0,
            "area_info":"21평(71.62), 21평(71.37), 22평(74.53), 22평(75.19), 24평(81.7), 28평(95.28), 30평(102.06)",
            "last_sales":"2022-02-24,9200.0,28평(95.28)",
            "rank_history":[
                [
                    "202203",
                    84
                ],
                [
                    "202202",
                    51
                ],
                [
                    "202201",
                    59
                ]
            ],
            "rank_gap":-33
        },
        {
            "index":164,
            "아파트명":"중리서광2차",
            "투자타입":"재건축",
            "전용면적(m2)":"79.07",
            "전용면적(평)":"23평",
            "법정동주소":"경상남도 창원시 마산회원구 내서읍 호계리 348",
            "도로명주소":"경상남도 창원시 마산회원구 호계안길 91",
            "세대수":50,
            "입주년차":"--",
            "용적률점수":0,
            "건폐율점수":60,
            "세대당주차수":"--",
            "난방방식":"--",
            "공급면적":50,
            "전용률":60,
            "욕실수":"--",
            "현관타입":"--",
            "주거총점":32.5,
            "지역구공급총점":0.0,
            "역세권":"NA",
            "30분내 이동가능 거점":"NA",
            "1시간내 이동가능 거점":"NA",
            "교통총점":"NA",
            "백화점":0,
            "아울렛몰":0,
            "대형마트":100,
            "은행":0,
            "병원":60,
            "종합병원":80,
            "공원":0,
            "혐오시설":0,
            "인프라총점":37.0,
            "초등학군":90.01,
            "중학군":47.52,
            "학군총점":56.018,
            "인구수":20.26,
            "인구증감":-18.69,
            "인구총점":8.575,
            "일자리":11.24,
            "소득수준":82.32,
            "일자리총점":32.564,
            "가치 총점":40.1795,
            "매매실거래년":20220121.0,
            "매매실거래가":10100.0,
            "전세실거래년":20210204.0,
            "전세실거래가":5500.0,
            "전세가율":78.57,
            "장기전세가율평균":75.61,
            "전세가율거품지수":-2.96,
            "검색코드":15527,
            "세대수":452.0,
            "준공년월":"1992-11-27",
            "준공년차":31.0,
            "가까운역이름":"NA",
            "가까운역거리":"NA",
            "역세권여부":"NA",
            "30분이내주요거점역":"NA",
            "30분거점역이름":"NA",
            "1시간이내주요거점역":"NA",
            "1시간거점역이름":"NA",
            "3km이내백화점수":0,
            "5km이내아울렛몰수":0,
            "1km이내대형먀트수":2,
            "500m이내은행수":1,
            "500m이내병원수":10,
            "5km이내대형병원수":1,
            "500m이내공원수":0,
            "3km이내혐오시설수":0,
            "초등학교학업성취도":90.01,
            "중학교학업성취도":78.0,
            "용적률":373,
            "건폐율":31,
            "Y":35.257513,
            "X":128.520187,
            "rank":85.0,
            "area_info":"23평(79.07), 25평(84.48), 25평(84.51), 29평(96.54), 29평(96.99), 30평(100.23), 30평(100.66), 30평(100.56)",
            "last_sales":"2022-01-21,10100.0,30평(100.66)",
            "rank_history":[
                [
                    "202203",
                    85
                ],
                [
                    "202202",
                    52
                ],
                [
                    "202201",
                    54
                ]
            ],
            "rank_gap":-33
        },
        {
            "index":193,
            "아파트명":"한우리2차",
            "투자타입":"일반",
            "전용면적(m2)":"72.13",
            "전용면적(평)":"21평",
            "법정동주소":"경상남도 창원시 마산회원구 내서읍 삼계리 42",
            "도로명주소":"경상남도 창원시 마산회원구 삼계1길 18",
            "세대수":30,
            "입주년차":20,
            "용적률점수":"--",
            "건폐율점수":"--",
            "세대당주차수":0,
            "난방방식":30,
            "공급면적":"--",
            "전용률":"--",
            "욕실수":50,
            "현관타입":100,
            "주거총점":32.5,
            "지역구공급총점":0.0,
            "역세권":"NA",
            "30분내 이동가능 거점":"NA",
            "1시간내 이동가능 거점":"NA",
            "교통총점":"NA",
            "백화점":0,
            "아울렛몰":0,
            "대형마트":100,
            "은행":0,
            "병원":10,
            "종합병원":80,
            "공원":80,
            "혐오시설":0,
            "인프라총점":34.4,
            "초등학군":90.0,
            "중학군":52.68,
            "학군총점":60.144,
            "인구수":20.26,
            "인구증감":-18.69,
            "인구총점":8.575,
            "일자리":11.24,
            "소득수준":82.32,
            "일자리총점":32.564,
            "가치 총점":40.171,
            "매매실거래년":20220215.0,
            "매매실거래가":11700.0,
            "전세실거래년":20211201.0,
            "전세실거래가":10500.0,
            "전세가율":89.74,
            "장기전세가율평균":75.61,
            "전세가율거품지수":-14.13,
            "검색코드":6518,
            "세대수":314.0,
            "준공년월":"2001-06-30",
            "준공년차":22.0,
            "가까운역이름":"NA",
            "가까운역거리":"NA",
            "역세권여부":"NA",
            "30분이내주요거점역":"NA",
            "30분거점역이름":"NA",
            "1시간이내주요거점역":"NA",
            "1시간거점역이름":"NA",
            "3km이내백화점수":0,
            "5km이내아울렛몰수":0,
            "1km이내대형먀트수":2,
            "500m이내은행수":0,
            "500m이내병원수":2,
            "5km이내대형병원수":1,
            "500m이내공원수":1,
            "3km이내혐오시설수":0,
            "초등학교학업성취도":90.0,
            "중학교학업성취도":86.2,
            "용적률":244,
            "건폐율":23,
            "Y":35.227104,
            "X":128.504009,
            "rank":86.0,
            "area_info":"21평(72.13)",
            "last_sales":"2022-02-15,11700.0,21평(72.13)",
            "rank_history":[
                [
                    "202203",
                    86
                ],
                [
                    "202202",
                    53
                ],
                [
                    "202201",
                    51
                ]
            ],
            "rank_gap":-33
        },
        {
            "index":249,
            "아파트명":"일우맨션",
            "투자타입":"재건축",
            "전용면적(m2)":"97.51",
            "전용면적(평)":"29평",
            "법정동주소":"경상남도 창원시 마산회원구 석전동 146-14",
            "도로명주소":"경상남도 창원시 마산회원구 석전남23길 6",
            "세대수":0,
            "입주년차":"--",
            "용적률점수":0,
            "건폐율점수":0,
            "세대당주차수":"--",
            "난방방식":"--",
            "공급면적":70,
            "전용률":80,
            "욕실수":"--",
            "현관타입":"--",
            "주거총점":7.5,
            "지역구공급총점":0.0,
            "역세권":"NA",
            "30분내 이동가능 거점":"NA",
            "1시간내 이동가능 거점":"NA",
            "교통총점":"NA",
            "백화점":100,
            "아울렛몰":0,
            "대형마트":0,
            "은행":0,
            "병원":30,
            "종합병원":100,
            "공원":100,
            "혐오시설":0,
            "인프라총점":56.0,
            "초등학군":90.02,
            "중학군":51.8,
            "학군총점":59.444,
            "인구수":20.26,
            "인구증감":-18.69,
            "인구총점":8.575,
            "일자리":11.24,
            "소득수준":82.32,
            "일자리총점":32.564,
            "가치 총점":39.886,
            "매매실거래년":20211230.0,
            "매매실거래가":13350.0,
            "전세실거래년":20200717.0,
            "전세실거래가":7000.0,
            "전세가율":79.55,
            "장기전세가율평균":75.61,
            "전세가율거품지수":-3.94,
            "검색코드":6576,
            "세대수":148.0,
            "준공년월":"1991-09-05",
            "준공년차":32.0,
            "가까운역이름":"NA",
            "가까운역거리":"NA",
            "역세권여부":"NA",
            "30분이내주요거점역":"NA",
            "30분거점역이름":"NA",
            "1시간이내주요거점역":"NA",
            "1시간거점역이름":"NA",
            "3km이내백화점수":2,
            "5km이내아울렛몰수":0,
            "1km이내대형먀트수":0,
            "500m이내은행수":0,
            "500m이내병원수":7,
            "5km이내대형병원수":4,
            "500m이내공원수":7,
            "3km이내혐오시설수":0,
            "초등학교학업성취도":90.02,
            "중학교학업성취도":85.2,
            "용적률":0,
            "건폐율":0,
            "Y":35.226815,
            "X":128.57114,
            "rank":87.0,
            "area_info":"29평(97.51), 31평(102.77)",
            "last_sales":"2021-12-30,13350.0,31평(102.77)",
            "rank_history":[
                [
                    "202203",
                    87
                ],
                [
                    "202202",
                    54
                ],
                [
                    "202201",
                    48
                ]
            ],
            "rank_gap":-33
        },
        {
            "index":96,
            "아파트명":"동신2차",
            "투자타입":"일반",
            "전용면적(m2)":"76.15",
            "전용면적(평)":"23평",
            "법정동주소":"경상남도 창원시 마산회원구 내서읍 중리 1036",
            "도로명주소":"경상남도 창원시 마산회원구 중리상곡로 134",
            "세대수":50,
            "입주년차":0,
            "용적률점수":"--",
            "건폐율점수":"--",
            "세대당주차수":0,
            "난방방식":30,
            "공급면적":"--",
            "전용률":"--",
            "욕실수":50,
            "현관타입":100,
            "주거총점":35.5,
            "지역구공급총점":0.0,
            "역세권":"NA",
            "30분내 이동가능 거점":"NA",
            "1시간내 이동가능 거점":"NA",
            "교통총점":"NA",
            "백화점":0,
            "아울렛몰":0,
            "대형마트":80,
            "은행":0,
            "병원":0,
            "종합병원":80,
            "공원":100,
            "혐오시설":0,
            "인프라총점":31.0,
            "초등학군":90.01,
            "중학군":45.66,
            "학군총점":54.53,
            "인구수":20.26,
            "인구증감":-18.69,
            "인구총점":8.575,
            "일자리":11.24,
            "소득수준":82.32,
            "일자리총점":32.564,
            "가치 총점":38.4575,
            "매매실거래년":20220120.0,
            "매매실거래가":10000.0,
            "전세실거래년":20200728.0,
            "전세실거래가":6000.0,
            "전세가율":60.0,
            "장기전세가율평균":75.61,
            "전세가율거품지수":15.61,
            "검색코드":15500,
            "세대수":570.0,
            "준공년월":"1996-03-20",
            "준공년차":27.0,
            "가까운역이름":"NA",
            "가까운역거리":"NA",
            "역세권여부":"NA",
            "30분이내주요거점역":"NA",
            "30분거점역이름":"NA",
            "1시간이내주요거점역":"NA",
            "1시간거점역이름":"NA",
            "3km이내백화점수":0,
            "5km이내아울렛몰수":0,
            "1km이내대형먀트수":1,
            "500m이내은행수":0,
            "500m이내병원수":1,
            "5km이내대형병원수":1,
            "500m이내공원수":2,
            "3km이내혐오시설수":0,
            "초등학교학업성취도":90.01,
            "중학교학업성취도":76.1,
            "용적률":230,
            "건폐율":20,
            "Y":35.251417,
            "X":128.512148,
            "rank":88.0,
            "area_info":"23평(76.15), 28평(95.81), 31평(104.6)",
            "last_sales":"2022-01-20,10000.0,23평(76.15)",
            "rank_history":[
                [
                    "202203",
                    88
                ],
                [
                    "202202",
                    55
                ],
                [
                    "202201",
                    53
                ]
            ],
            "rank_gap":-33
        },
        {
            "index":8,
            "아파트명":"구암대동타운",
            "투자타입":"일반",
            "전용면적(m2)":"78.53",
            "전용면적(평)":"23평",
            "법정동주소":"경상남도 창원시 마산회원구 구암동 87",
            "도로명주소":"경상남도 창원시 마산회원구 구암남16길 54",
            "세대수":80,
            "입주년차":0,
            "용적률점수":"--",
            "건폐율점수":"--",
            "세대당주차수":0,
            "난방방식":30,
            "공급면적":"--",
            "전용률":"--",
            "욕실수":50,
            "현관타입":100,
            "주거총점":46.0,
            "지역구공급총점":0.0,
            "역세권":"NA",
            "30분내 이동가능 거점":"NA",
            "1시간내 이동가능 거점":"NA",
            "교통총점":"NA",
            "백화점":0,
            "아울렛몰":0,
            "대형마트":0,
            "은행":0,
            "병원":10,
            "종합병원":100,
            "공원":100,
            "혐오시설":0,
            "인프라총점":24.0,
            "초등학군":90.0,
            "중학군":38.58,
            "학군총점":48.864,
            "인구수":20.26,
            "인구증감":-18.69,
            "인구총점":8.575,
            "일자리":11.24,
            "소득수준":82.32,
            "일자리총점":32.564,
            "가치 총점":37.916,
            "매매실거래년":20220106.0,
            "매매실거래가":22500.0,
            "전세실거래년":20210723.0,
            "전세실거래가":10000.0,
            "전세가율":67.57,
            "장기전세가율평균":75.61,
            "전세가율거품지수":8.04,
            "검색코드":6477,
            "세대수":862.0,
            "준공년월":"1998-01-05",
            "준공년차":25.0,
            "가까운역이름":"NA",
            "가까운역거리":"NA",
            "역세권여부":"NA",
            "30분이내주요거점역":"NA",
            "30분거점역이름":"NA",
            "1시간이내주요거점역":"NA",
            "1시간거점역이름":"NA",
            "3km이내백화점수":0,
            "5km이내아울렛몰수":0,
            "1km이내대형먀트수":0,
            "500m이내은행수":1,
            "500m이내병원수":3,
            "5km이내대형병원수":2,
            "500m이내공원수":2,
            "3km이내혐오시설수":0,
            "초등학교학업성취도":90.0,
            "중학교학업성취도":62.7,
            "용적률":338,
            "건폐율":33,
            "Y":35.249642,
            "X":128.600343,
            "rank":89.0,
            "area_info":"23평(78.53), 23평(78.46), 24평(79.66), 32평(106.85)",
            "last_sales":"2022-01-06,22500.0,32평(106.85)",
            "rank_history":[
                [
                    "202203",
                    89
                ],
                [
                    "202202",
                    56
                ],
                [
                    "202201",
                    55
                ]
            ],
            "rank_gap":-33
        },
        {
            "index":12,
            "아파트명":"배진",
            "투자타입":"재건축",
            "전용면적(m2)":"64.86",
            "전용면적(평)":"19평",
            "법정동주소":"경상남도 창원시 마산회원구 구암동 1323-1",
            "도로명주소":"경상남도 창원시 마산회원구 구암반계길 17",
            "세대수":0,
            "입주년차":"--",
            "용적률점수":100,
            "건폐율점수":0,
            "세대당주차수":"--",
            "난방방식":"--",
            "공급면적":50,
            "전용률":80,
            "욕실수":"--",
            "현관타입":"--",
            "주거총점":46.5,
            "지역구공급총점":0.0,
            "역세권":"NA",
            "30분내 이동가능 거점":"NA",
            "1시간내 이동가능 거점":"NA",
            "교통총점":"NA",
            "백화점":0,
            "아울렛몰":0,
            "대형마트":0,
            "은행":0,
            "병원":10,
            "종합병원":100,
            "공원":80,
            "혐오시설":0,
            "인프라총점":23.4,
            "초등학군":90.0,
            "중학군":38.58,
            "학군총점":48.864,
            "인구수":20.26,
            "인구증감":-18.69,
            "인구총점":8.575,
            "일자리":11.24,
            "소득수준":82.32,
            "일자리총점":32.564,
            "가치 총점":37.851,
            "매매실거래년":20210305.0,
            "매매실거래가":7100.0,
            "전세실거래년":null,
            "전세실거래가":null,
            "전세가율":null,
            "장기전세가율평균":75.61,
            "전세가율거품지수":null,
            "검색코드":11883,
            "세대수":63.0,
            "준공년월":"1992-09-01",
            "준공년차":31.0,
            "가까운역이름":"NA",
            "가까운역거리":"NA",
            "역세권여부":"NA",
            "30분이내주요거점역":"NA",
            "30분거점역이름":"NA",
            "1시간이내주요거점역":"NA",
            "1시간거점역이름":"NA",
            "3km이내백화점수":0,
            "5km이내아울렛몰수":0,
            "1km이내대형먀트수":0,
            "500m이내은행수":1,
            "500m이내병원수":3,
            "5km이내대형병원수":2,
            "500m이내공원수":1,
            "3km이내혐오시설수":0,
            "초등학교학업성취도":90.0,
            "중학교학업성취도":62.7,
            "용적률":29,
            "건폐율":0,
            "Y":35.249761,
            "X":128.603475,
            "rank":90.0,
            "area_info":"19평(64.86), 20평(68.54), 21평(71.9), 22평(73.97), 24평(81.39), 25평(84.99), 25평(85.19), 26평(86.31), 26평(88.37), 27평(89.52), 29평(98.35)",
            "last_sales":"2021-03-05,7100.0,25평(84.99)",
            "rank_history":[
                [
                    "202203",
                    90
                ],
                [
                    "202202",
                    9999
                ]
            ],
            "rank_gap":9999
        },
        {
            "index":441,
            "아파트명":"덕천파크맨션",
            "투자타입":"재건축",
            "전용면적(m2)":"81.23",
            "전용면적(평)":"24평",
            "법정동주소":"경상남도 창원시 마산회원구 회성동 81-3",
            "도로명주소":"경상남도 창원시 마산회원구 석전서6길 138",
            "세대수":0,
            "입주년차":"--",
            "용적률점수":0,
            "건폐율점수":0,
            "세대당주차수":"--",
            "난방방식":"--",
            "공급면적":70,
            "전용률":80,
            "욕실수":"--",
            "현관타입":"--",
            "주거총점":7.5,
            "지역구공급총점":0.0,
            "역세권":"NA",
            "30분내 이동가능 거점":"NA",
            "1시간내 이동가능 거점":"NA",
            "교통총점":"NA",
            "백화점":100,
            "아울렛몰":0,
            "대형마트":0,
            "은행":0,
            "병원":10,
            "종합병원":100,
            "공원":100,
            "혐오시설":0,
            "인프라총점":54.0,
            "초등학군":90.02,
            "중학군":45.06,
            "학군총점":54.052,
            "인구수":20.26,
            "인구증감":-18.69,
            "인구총점":8.575,
            "일자리":11.24,
            "소득수준":82.32,
            "일자리총점":32.564,
            "가치 총점":37.738,
            "매매실거래년":20191218.0,
            "매매실거래가":10000.0,
            "전세실거래년":20151205.0,
            "전세실거래가":7000.0,
            "전세가율":87.5,
            "장기전세가율평균":75.61,
            "전세가율거품지수":-11.89,
            "검색코드":115151,
            "세대수":60.0,
            "준공년월":"1990-08-21",
            "준공년차":33.0,
            "가까운역이름":"NA",
            "가까운역거리":"NA",
            "역세권여부":"NA",
            "30분이내주요거점역":"NA",
            "30분거점역이름":"NA",
            "1시간이내주요거점역":"NA",
            "1시간거점역이름":"NA",
            "3km이내백화점수":1,
            "5km이내아울렛몰수":0,
            "1km이내대형먀트수":0,
            "500m이내은행수":0,
            "500m이내병원수":4,
            "5km이내대형병원수":4,
            "500m이내공원수":5,
            "3km이내혐오시설수":0,
            "초등학교학업성취도":90.02,
            "중학교학업성취도":72.5,
            "용적률":278,
            "건폐율":0,
            "Y":35.230106,
            "X":128.564893,
            "rank":91.0,
            "area_info":"24평(81.23), 26평(88.15), 30평(101.93), 31평(103.66), 32평(106.04), 33평(110.95), 35평(117.23)",
            "last_sales":"2019-12-18,10000.0,31평(103.66)",
            "rank_history":[
                [
                    "202203",
                    91
                ],
                [
                    "202202",
                    9999
                ]
            ],
            "rank_gap":9999
        },
        {
            "index":436,
            "아파트명":"대호",
            "투자타입":"재건축",
            "전용면적(m2)":"43.68",
            "전용면적(평)":"13평",
            "법정동주소":"경상남도 창원시 마산회원구 회성동 454-1",
            "도로명주소":"경상남도 창원시 마산회원구 회성시장1길 27",
            "세대수":0,
            "입주년차":"--",
            "용적률점수":0,
            "건폐율점수":0,
            "세대당주차수":"--",
            "난방방식":"--",
            "공급면적":50,
            "전용률":80,
            "욕실수":"--",
            "현관타입":"--",
            "주거총점":6.5,
            "지역구공급총점":0.0,
            "역세권":"NA",
            "30분내 이동가능 거점":"NA",
            "1시간내 이동가능 거점":"NA",
            "교통총점":"NA",
            "백화점":100,
            "아울렛몰":0,
            "대형마트":0,
            "은행":0,
            "병원":10,
            "종합병원":100,
            "공원":100,
            "혐오시설":0,
            "인프라총점":54.0,
            "초등학군":90.02,
            "중학군":45.06,
            "학군총점":54.052,
            "인구수":20.26,
            "인구증감":-18.69,
            "인구총점":8.575,
            "일자리":11.24,
            "소득수준":82.32,
            "일자리총점":32.564,
            "가치 총점":37.388,
            "매매실거래년":20210721.0,
            "매매실거래가":4300.0,
            "전세실거래년":null,
            "전세실거래가":null,
            "전세가율":null,
            "장기전세가율평균":75.61,
            "전세가율거품지수":null,
            "검색코드":139103,
            "세대수":72.0,
            "준공년월":"1990-01-06",
            "준공년차":33.0,
            "가까운역이름":"NA",
            "가까운역거리":"NA",
            "역세권여부":"NA",
            "30분이내주요거점역":"NA",
            "30분거점역이름":"NA",
            "1시간이내주요거점역":"NA",
            "1시간거점역이름":"NA",
            "3km이내백화점수":1,
            "5km이내아울렛몰수":0,
            "1km이내대형먀트수":0,
            "500m이내은행수":0,
            "500m이내병원수":4,
            "5km이내대형병원수":4,
            "500m이내공원수":2,
            "3km이내혐오시설수":0,
            "초등학교학업성취도":90.02,
            "중학교학업성취도":72.5,
            "용적률":232,
            "건폐율":0,
            "Y":35.232405,
            "X":128.559824,
            "rank":92.0,
            "area_info":"13평(43.68), 13평(43.18), 13평(44.04), 13평(45.3), 15평(50.16)",
            "last_sales":"2021-07-21,4300.0,15평(50.16)",
            "rank_history":[
                [
                    "202203",
                    92
                ],
                [
                    "202202",
                    9999
                ]
            ],
            "rank_gap":9999
        },
        {
            "index":41,
            "아파트명":"중앙하이츠(구암메트로하이츠)",
            "투자타입":"일반",
            "전용면적(m2)":"108.69",
            "전용면적(평)":"32평",
            "법정동주소":"경상남도 창원시 마산회원구 구암동 51-1",
            "도로명주소":"경상남도 창원시 마산회원구 팔용로 215",
            "세대수":0,
            "입주년차":40,
            "용적률점수":"--",
            "건폐율점수":"--",
            "세대당주차수":30,
            "난방방식":30,
            "공급면적":"--",
            "전용률":"--",
            "욕실수":100,
            "현관타입":100,
            "주거총점":35.5,
            "지역구공급총점":0.0,
            "역세권":"NA",
            "30분내 이동가능 거점":"NA",
            "1시간내 이동가능 거점":"NA",
            "교통총점":"NA",
            "백화점":0,
            "아울렛몰":0,
            "대형마트":0,
            "은행":0,
            "병원":30,
            "종합병원":100,
            "공원":80,
            "혐오시설":0,
            "인프라총점":25.4,
            "초등학군":89.98,
            "중학군":48.66,
            "학군총점":56.924,
            "인구수":20.26,
            "인구증감":-18.69,
            "인구총점":8.575,
            "일자리":11.24,
            "소득수준":82.32,
            "일자리총점":32.564,
            "가치 총점":36.816,
            "매매실거래년":20220207.0,
            "매매실거래가":27300.0,
            "전세실거래년":20200228.0,
            "전세실거래가":19000.0,
            "전세가율":69.6,
            "장기전세가율평균":75.61,
            "전세가율거품지수":6.01,
            "검색코드":105147,
            "세대수":266.0,
            "준공년월":"2006-09-22",
            "준공년차":17.0,
            "가까운역이름":"NA",
            "가까운역거리":"NA",
            "역세권여부":"NA",
            "30분이내주요거점역":"NA",
            "30분거점역이름":"NA",
            "1시간이내주요거점역":"NA",
            "1시간거점역이름":"NA",
            "3km이내백화점수":0,
            "5km이내아울렛몰수":0,
            "1km이내대형먀트수":0,
            "500m이내은행수":0,
            "500m이내병원수":6,
            "5km이내대형병원수":2,
            "500m이내공원수":1,
            "3km이내혐오시설수":0,
            "초등학교학업성취도":89.98,
            "중학교학업성취도":77.9,
            "용적률":249,
            "건폐율":22,
            "Y":35.247389,
            "X":128.594722,
            "rank":93.0,
            "area_info":"32평(108.69), 42평(139.91)",
            "last_sales":"2022-02-07,27300.0,32평(108.69)",
            "rank_history":[
                [
                    "202203",
                    93
                ],
                [
                    "202202",
                    57
                ],
                [
                    "202201",
                    56
                ]
            ],
            "rank_gap":-36
        },
        {
            "index":107,
            "아파트명":"삼계블루힐스",
            "투자타입":"일반",
            "전용면적(m2)":"83.06",
            "전용면적(평)":"25평",
            "법정동주소":"경상남도 창원시 마산회원구 내서읍 삼계리 304",
            "도로명주소":"경상남도 창원시 마산회원구 광려로 55",
            "세대수":0,
            "입주년차":80,
            "용적률점수":"--",
            "건폐율점수":"--",
            "세대당주차수":30,
            "난방방식":30,
            "공급면적":"--",
            "전용률":"--",
            "욕실수":100,
            "현관타입":100,
            "주거총점":43.5,
            "지역구공급총점":0.0,
            "역세권":"NA",
            "30분내 이동가능 거점":"NA",
            "1시간내 이동가능 거점":"NA",
            "교통총점":"NA",
            "백화점":0,
            "아울렛몰":0,
            "대형마트":0,
            "은행":0,
            "병원":0,
            "종합병원":80,
            "공원":0,
            "혐오시설":0,
            "인프라총점":16.0,
            "초등학군":90.0,
            "중학군":52.92,
            "학군총점":60.336,
            "인구수":20.26,
            "인구증감":-18.69,
            "인구총점":8.575,
            "일자리":11.24,
            "소득수준":82.32,
            "일자리총점":32.564,
            "가치 총점":36.709,
            "매매실거래년":20211113.0,
            "매매실거래가":19200.0,
            "전세실거래년":20200721.0,
            "전세실거래가":15000.0,
            "전세가율":78.12,
            "장기전세가율평균":75.61,
            "전세가율거품지수":-2.51,
            "검색코드":107709,
            "세대수":223.0,
            "준공년월":"2015-09-18",
            "준공년차":8.0,
            "가까운역이름":"NA",
            "가까운역거리":"NA",
            "역세권여부":"NA",
            "30분이내주요거점역":"NA",
            "30분거점역이름":"NA",
            "1시간이내주요거점역":"NA",
            "1시간거점역이름":"NA",
            "3km이내백화점수":0,
            "5km이내아울렛몰수":0,
            "1km이내대형먀트수":0,
            "500m이내은행수":0,
            "500m이내병원수":1,
            "5km이내대형병원수":1,
            "500m이내공원수":0,
            "3km이내혐오시설수":0,
            "초등학교학업성취도":90.0,
            "중학교학업성취도":87.2,
            "용적률":249,
            "건폐율":22,
            "Y":35.222268,
            "X":128.503067,
            "rank":94.0,
            "area_info":"25평(83.06), 29평(98.73), 32평(108.98)",
            "last_sales":"2021-11-13,19200.0,25평(83.06)",
            "rank_history":[
                [
                    "202203",
                    94
                ],
                [
                    "202202",
                    58
                ],
                [
                    "202201",
                    57
                ]
            ],
            "rank_gap":-36
        },
        {
            "index":208,
            "아파트명":"82봉암",
            "투자타입":"재건축",
            "전용면적(m2)":"34.02",
            "전용면적(평)":"10평",
            "법정동주소":"경상남도 창원시 마산회원구 봉암동 194",
            "도로명주소":"경상남도 창원시 마산회원구 무역로 271",
            "세대수":0,
            "입주년차":"--",
            "용적률점수":0,
            "건폐율점수":0,
            "세대당주차수":"--",
            "난방방식":"--",
            "공급면적":50,
            "전용률":100,
            "욕실수":"--",
            "현관타입":"--",
            "주거총점":7.5,
            "지역구공급총점":0.0,
            "역세권":"NA",
            "30분내 이동가능 거점":"NA",
            "1시간내 이동가능 거점":"NA",
            "교통총점":"NA",
            "백화점":100,
            "아울렛몰":0,
            "대형마트":0,
            "은행":0,
            "병원":0,
            "종합병원":100,
            "공원":0,
            "혐오시설":0,
            "인프라총점":50.0,
            "초등학군":90.0,
            "중학군":47.14,
            "학군총점":55.712,
            "인구수":20.26,
            "인구증감":-18.69,
            "인구총점":8.575,
            "일자리":11.24,
            "소득수준":82.32,
            "일자리총점":32.564,
            "가치 총점":36.553,
            "매매실거래년":"18000101",
            "매매실거래가":null,
            "전세실거래년":null,
            "전세실거래가":null,
            "전세가율":null,
            "장기전세가율평균":75.61,
            "전세가율거품지수":null,
            "검색코드":15541,
            "세대수":129.0,
            "준공년월":"1982-10-21",
            "준공년차":41.0,
            "가까운역이름":"NA",
            "가까운역거리":"NA",
            "역세권여부":"NA",
            "30분이내주요거점역":"NA",
            "30분거점역이름":"NA",
            "1시간이내주요거점역":"NA",
            "1시간거점역이름":"NA",
            "3km이내백화점수":1,
            "5km이내아울렛몰수":0,
            "1km이내대형먀트수":0,
            "500m이내은행수":0,
            "500m이내병원수":0,
            "5km이내대형병원수":4,
            "500m이내공원수":0,
            "3km이내혐오시설수":0,
            "초등학교학업성취도":90.0,
            "중학교학업성취도":77.7,
            "용적률":0,
            "건폐율":0,
            "Y":35.213385,
            "X":128.616551,
            "rank":95.0,
            "area_info":"10평(34.02), 13평(46.07), 15평(52.15), 17평(59.31)",
            "last_sales":"1800-01-01,nan,10평(34.02)",
            "rank_history":[
                [
                    "202203",
                    95
                ],
                [
                    "202202",
                    59
                ],
                [
                    "202201",
                    58
                ]
            ],
            "rank_gap":-36
        },
        {
            "index":0,
            "아파트명":"경남(1335)",
            "투자타입":"재건축",
            "전용면적(m2)":"54.05",
            "전용면적(평)":"16평",
            "법정동주소":"경상남도 창원시 마산회원구 구암동 1335",
            "도로명주소":"경상남도 창원시 마산회원구 소계천서길 49",
            "세대수":0,
            "입주년차":"--",
            "용적률점수":80,
            "건폐율점수":0,
            "세대당주차수":"--",
            "난방방식":"--",
            "공급면적":50,
            "전용률":80,
            "욕실수":"--",
            "현관타입":"--",
            "주거총점":38.5,
            "지역구공급총점":0.0,
            "역세권":"NA",
            "30분내 이동가능 거점":"NA",
            "1시간내 이동가능 거점":"NA",
            "교통총점":"NA",
            "백화점":0,
            "아울렛몰":0,
            "대형마트":0,
            "은행":0,
            "병원":30,
            "종합병원":100,
            "공원":100,
            "혐오시설":0,
            "인프라총점":26.0,
            "초등학군":90.03,
            "중학군":38.58,
            "학군총점":48.87,
            "인구수":20.26,
            "인구증감":-18.69,
            "인구총점":8.575,
            "일자리":11.24,
            "소득수준":82.32,
            "일자리총점":32.564,
            "가치 총점":36.0925,
            "매매실거래년":20220113.0,
            "매매실거래가":12700.0,
            "전세실거래년":20220113.0,
            "전세실거래가":9500.0,
            "전세가율":74.8,
            "장기전세가율평균":75.61,
            "전세가율거품지수":0.81,
            "검색코드":6475,
            "세대수":220.0,
            "준공년월":"1985-12-13",
            "준공년차":38.0,
            "가까운역이름":"NA",
            "가까운역거리":"NA",
            "역세권여부":"NA",
            "30분이내주요거점역":"NA",
            "30분거점역이름":"NA",
            "1시간이내주요거점역":"NA",
            "1시간거점역이름":"NA",
            "3km이내백화점수":0,
            "5km이내아울렛몰수":0,
            "1km이내대형먀트수":0,
            "500m이내은행수":1,
            "500m이내병원수":8,
            "5km이내대형병원수":2,
            "500m이내공원수":5,
            "3km이내혐오시설수":0,
            "초등학교학업성취도":90.03,
            "중학교학업성취도":62.7,
            "용적률":157,
            "건폐율":0,
            "Y":35.257339,
            "X":128.596927,
            "rank":96.0,
            "area_info":"16평(54.05), 16평(54.99), 17평(57.85), 17평(58.26)",
            "last_sales":"2022-01-13,12700.0,16평(54.05)",
            "rank_history":[
                [
                    "202203",
                    96
                ],
                [
                    "202202",
                    60
                ],
                [
                    "202201",
                    60
                ]
            ],
            "rank_gap":-36
        },
        {
            "index":110,
            "아파트명":"삼계위드필타운하우스",
            "투자타입":"일반",
            "전용면적(m2)":"89.96",
            "전용면적(평)":"27평",
            "법정동주소":"경상남도 창원시 마산회원구 내서읍 삼계리 341-15",
            "도로명주소":"경상남도 창원시 마산회원구 광려로 78-51",
            "세대수":0,
            "입주년차":80,
            "용적률점수":"--",
            "건폐율점수":"--",
            "세대당주차수":0,
            "난방방식":30,
            "공급면적":"--",
            "전용률":"--",
            "욕실수":100,
            "현관타입":100,
            "주거총점":39.0,
            "지역구공급총점":0.0,
            "역세권":"NA",
            "30분내 이동가능 거점":"NA",
            "1시간내 이동가능 거점":"NA",
            "교통총점":"NA",
            "백화점":0,
            "아울렛몰":0,
            "대형마트":0,
            "은행":0,
            "병원":0,
            "종합병원":80,
            "공원":0,
            "혐오시설":0,
            "인프라총점":16.0,
            "초등학군":90.0,
            "중학군":52.92,
            "학군총점":60.336,
            "인구수":20.26,
            "인구증감":-18.69,
            "인구총점":8.575,
            "일자리":11.24,
            "소득수준":82.32,
            "일자리총점":32.564,
            "가치 총점":35.134,
            "매매실거래년":"18000101",
            "매매실거래가":null,
            "전세실거래년":null,
            "전세실거래가":null,
            "전세가율":null,
            "장기전세가율평균":75.61,
            "전세가율거품지수":null,
            "검색코드":114049,
            "세대수":112.0,
            "준공년월":"2015-09-01",
            "준공년차":8.0,
            "가까운역이름":"NA",
            "가까운역거리":"NA",
            "역세권여부":"NA",
            "30분이내주요거점역":"NA",
            "30분거점역이름":"NA",
            "1시간이내주요거점역":"NA",
            "1시간거점역이름":"NA",
            "3km이내백화점수":0,
            "5km이내아울렛몰수":0,
            "1km이내대형먀트수":0,
            "500m이내은행수":0,
            "500m이내병원수":1,
            "5km이내대형병원수":1,
            "500m이내공원수":0,
            "3km이내혐오시설수":0,
            "초등학교학업성취도":90.0,
            "중학교학업성취도":87.2,
            "용적률":0,
            "건폐율":0,
            "Y":35.220404,
            "X":128.500365,
            "rank":97.0,
            "area_info":"27평(89.96), 27평(89.96), 27평(89.96), 27평(89.96), 28평(94.74), 28평(94.74), 41평(136.16)",
            "last_sales":"1800-01-01,nan,27평(89.96)",
            "rank_history":[
                [
                    "202203",
                    97
                ],
                [
                    "202202",
                    61
                ],
                [
                    "202201",
                    61
                ]
            ],
            "rank_gap":-36
        },
        {
            "index":162,
            "아파트명":"중리백로",
            "투자타입":"일반",
            "전용면적(m2)":"69.99",
            "전용면적(평)":"21평",
            "법정동주소":"경상남도 창원시 마산회원구 내서읍 중리 1054",
            "도로명주소":"경상남도 창원시 마산회원구 중리상곡로 20-1",
            "세대수":50,
            "입주년차":0,
            "용적률점수":"--",
            "건폐율점수":"--",
            "세대당주차수":0,
            "난방방식":30,
            "공급면적":"--",
            "전용률":"--",
            "욕실수":50,
            "현관타입":100,
            "주거총점":35.5,
            "지역구공급총점":0.0,
            "역세권":"NA",
            "30분내 이동가능 거점":"NA",
            "1시간내 이동가능 거점":"NA",
            "교통총점":"NA",
            "백화점":0,
            "아울렛몰":0,
            "대형마트":0,
            "은행":0,
            "병원":30,
            "종합병원":80,
            "공원":100,
            "혐오시설":0,
            "인프라총점":22.0,
            "초등학군":90.01,
            "중학군":45.66,
            "학군총점":54.53,
            "인구수":20.26,
            "인구증감":-18.69,
            "인구총점":8.575,
            "일자리":11.24,
            "소득수준":82.32,
            "일자리총점":32.564,
            "가치 총점":34.8575,
            "매매실거래년":20220127.0,
            "매매실거래가":9200.0,
            "전세실거래년":null,
            "전세실거래가":null,
            "전세가율":null,
            "장기전세가율평균":75.61,
            "전세가율거품지수":null,
            "검색코드":6514,
            "세대수":570.0,
            "준공년월":"1995-09-01",
            "준공년차":28.0,
            "가까운역이름":"NA",
            "가까운역거리":"NA",
            "역세권여부":"NA",
            "30분이내주요거점역":"NA",
            "30분거점역이름":"NA",
            "1시간이내주요거점역":"NA",
            "1시간거점역이름":"NA",
            "3km이내백화점수":0,
            "5km이내아울렛몰수":0,
            "1km이내대형먀트수":0,
            "500m이내은행수":0,
            "500m이내병원수":7,
            "5km이내대형병원수":1,
            "500m이내공원수":4,
            "3km이내혐오시설수":0,
            "초등학교학업성취도":90.01,
            "중학교학업성취도":76.1,
            "용적률":195,
            "건폐율":17,
            "Y":35.243784,
            "X":128.505354,
            "rank":98.0,
            "area_info":"21평(69.99), 21평(70.0)",
            "last_sales":"2022-01-27,9200.0,21평(70.0)",
            "rank_history":[
                [
                    "202203",
                    98
                ],
                [
                    "202202",
                    62
                ],
                [
                    "202201",
                    62
                ]
            ],
            "rank_gap":-36
        },
        {
            "index":154,
            "아파트명":"장미파크맨션",
            "투자타입":"일반",
            "전용면적(m2)":"105.67",
            "전용면적(평)":"31평",
            "법정동주소":"경상남도 창원시 마산회원구 내서읍 호계리 308-1",
            "도로명주소":"경상남도 창원시 마산회원구 광려천동로 13",
            "세대수":0,
            "입주년차":0,
            "용적률점수":"--",
            "건폐율점수":"--",
            "세대당주차수":0,
            "난방방식":30,
            "공급면적":"--",
            "전용률":"--",
            "욕실수":100,
            "현관타입":100,
            "주거총점":23.0,
            "지역구공급총점":0.0,
            "역세권":"NA",
            "30분내 이동가능 거점":"NA",
            "1시간내 이동가능 거점":"NA",
            "교통총점":"NA",
            "백화점":0,
            "아울렛몰":0,
            "대형마트":100,
            "은행":0,
            "병원":10,
            "종합병원":80,
            "공원":0,
            "혐오시설":0,
            "인프라총점":32.0,
            "초등학군":90.01,
            "중학군":47.52,
            "학군총점":56.018,
            "인구수":20.26,
            "인구증감":-18.69,
            "인구총점":8.575,
            "일자리":11.24,
            "소득수준":82.32,
            "일자리총점":32.564,
            "가치 총점":34.8545,
            "매매실거래년":20220124.0,
            "매매실거래가":10800.0,
            "전세실거래년":20151014.0,
            "전세실거래가":10000.0,
            "전세가율":95.24,
            "장기전세가율평균":75.61,
            "전세가율거품지수":-19.63,
            "검색코드":104833,
            "세대수":62.0,
            "준공년월":"1993-03-05",
            "준공년차":30.0,
            "가까운역이름":"NA",
            "가까운역거리":"NA",
            "역세권여부":"NA",
            "30분이내주요거점역":"NA",
            "30분거점역이름":"NA",
            "1시간이내주요거점역":"NA",
            "1시간거점역이름":"NA",
            "3km이내백화점수":0,
            "5km이내아울렛몰수":0,
            "1km이내대형먀트수":2,
            "500m이내은행수":1,
            "500m이내병원수":2,
            "5km이내대형병원수":1,
            "500m이내공원수":0,
            "3km이내혐오시설수":0,
            "초등학교학업성취도":90.01,
            "중학교학업성취도":78.0,
            "용적률":384,
            "건폐율":35,
            "Y":35.254802,
            "X":128.519499,
            "rank":99.0,
            "area_info":"31평(105.67), 32평(107.11), 38평(128.5)",
            "last_sales":"2022-01-24,10800.0,38평(128.5)",
            "rank_history":[
                [
                    "202203",
                    99
                ],
                [
                    "202202",
                    9999
                ]
            ],
            "rank_gap":9999
        },
        {
            "index":159,
            "아파트명":"조양하이빌",
            "투자타입":"일반",
            "전용면적(m2)":"67.85",
            "전용면적(평)":"20평",
            "법정동주소":"경상남도 창원시 마산회원구 내서읍 호계리 630-1",
            "도로명주소":"경상남도 창원시 마산회원구 호계본동로 90-27",
            "세대수":0,
            "입주년차":20,
            "용적률점수":"--",
            "건폐율점수":"--",
            "세대당주차수":30,
            "난방방식":30,
            "공급면적":"--",
            "전용률":"--",
            "욕실수":50,
            "현관타입":100,
            "주거총점":26.5,
            "지역구공급총점":0.0,
            "역세권":"NA",
            "30분내 이동가능 거점":"NA",
            "1시간내 이동가능 거점":"NA",
            "교통총점":"NA",
            "백화점":0,
            "아울렛몰":0,
            "대형마트":80,
            "은행":0,
            "병원":0,
            "종합병원":80,
            "공원":0,
            "혐오시설":0,
            "인프라총점":28.0,
            "초등학군":90.0,
            "중학군":47.52,
            "학군총점":56.016,
            "인구수":20.26,
            "인구증감":-18.69,
            "인구총점":8.575,
            "일자리":11.24,
            "소득수준":82.32,
            "일자리총점":32.564,
            "가치 총점":34.479,
            "매매실거래년":20210218.0,
            "매매실거래가":7500.0,
            "전세실거래년":20181030.0,
            "전세실거래가":6430.0,
            "전세가율":85.73,
            "장기전세가율평균":75.61,
            "전세가율거품지수":-10.12,
            "검색코드":136130,
            "세대수":92.0,
            "준공년월":"2003-10-09",
            "준공년차":20.0,
            "가까운역이름":"NA",
            "가까운역거리":"NA",
            "역세권여부":"NA",
            "30분이내주요거점역":"NA",
            "30분거점역이름":"NA",
            "1시간이내주요거점역":"NA",
            "1시간거점역이름":"NA",
            "3km이내백화점수":0,
            "5km이내아울렛몰수":0,
            "1km이내대형먀트수":1,
            "500m이내은행수":0,
            "500m이내병원수":0,
            "5km이내대형병원수":1,
            "500m이내공원수":0,
            "3km이내혐오시설수":0,
            "초등학교학업성취도":90.0,
            "중학교학업성취도":78.0,
            "용적률":77,
            "건폐율":14,
            "Y":35.267601,
            "X":128.517484,
            "rank":100.0,
            "area_info":"20평(67.85), 23평(77.33)",
            "last_sales":"2021-02-18,7500.0,20평(67.85)",
            "rank_history":[
                [
                    "202203",
                    100
                ],
                [
                    "202202",
                    9999
                ]
            ],
            "rank_gap":9999
        },
        {
            "index":99,
            "아파트명":"마산삼계주공3단지",
            "투자타입":"일반",
            "전용면적(m2)":"69.54",
            "전용면적(평)":"21평",
            "법정동주소":"경상남도 창원시 마산회원구 내서읍 삼계리 505-1",
            "도로명주소":"경상남도 창원시 마산회원구 삼계본동1길 86",
            "세대수":0,
            "입주년차":20,
            "용적률점수":"--",
            "건폐율점수":"--",
            "세대당주차수":0,
            "난방방식":30,
            "공급면적":"--",
            "전용률":"--",
            "욕실수":50,
            "현관타입":10,
            "주거총점":13.0,
            "지역구공급총점":0.0,
            "역세권":"NA",
            "30분내 이동가능 거점":"NA",
            "1시간내 이동가능 거점":"NA",
            "교통총점":"NA",
            "백화점":0,
            "아울렛몰":0,
            "대형마트":100,
            "은행":0,
            "병원":0,
            "종합병원":80,
            "공원":100,
            "혐오시설":0,
            "인프라총점":34.0,
            "초등학군":89.99,
            "중학군":52.68,
            "학군총점":60.142,
            "인구수":20.26,
            "인구증감":-18.69,
            "인구총점":8.575,
            "일자리":11.24,
            "소득수준":82.32,
            "일자리총점":32.564,
            "가치 총점":33.1855,
            "매매실거래년":20220203.0,
            "매매실거래가":9700.0,
            "전세실거래년":20220210.0,
            "전세실거래가":9000.0,
            "전세가율":92.78,
            "장기전세가율평균":75.61,
            "전세가율거품지수":-17.17,
            "검색코드":16641,
            "세대수":297.0,
            "준공년월":"2001-07-10",
            "준공년차":22.0,
            "가까운역이름":"NA",
            "가까운역거리":"NA",
            "역세권여부":"NA",
            "30분이내주요거점역":"NA",
            "30분거점역이름":"NA",
            "1시간이내주요거점역":"NA",
            "1시간거점역이름":"NA",
            "3km이내백화점수":0,
            "5km이내아울렛몰수":0,
            "1km이내대형먀트수":2,
            "500m이내은행수":0,
            "500m이내병원수":1,
            "5km이내대형병원수":1,
            "500m이내공원수":4,
            "3km이내혐오시설수":0,
            "초등학교학업성취도":89.99,
            "중학교학업성취도":86.2,
            "용적률":194,
            "건폐율":20,
            "Y":35.232147,
            "X":128.496471,
            "rank":101.0,
            "area_info":"21평(69.54), 21평(70.21)",
            "last_sales":"2022-02-03,9700.0,21평(69.54)",
            "rank_history":[
                [
                    "202203",
                    101
                ],
                [
                    "202202",
                    64
                ],
                [
                    "202201",
                    64
                ]
            ],
            "rank_gap":-37
        },
        {
            "index":123,
            "아파트명":"새한그린파크",
            "투자타입":"일반",
            "전용면적(m2)":"80.74",
            "전용면적(평)":"24평",
            "법정동주소":"경상남도 창원시 마산회원구 내서읍 호계리 350",
            "도로명주소":"경상남도 창원시 마산회원구 광려천북로 74",
            "세대수":0,
            "입주년차":0,
            "용적률점수":"--",
            "건폐율점수":"--",
            "세대당주차수":0,
            "난방방식":30,
            "공급면적":"--",
            "전용률":"--",
            "욕실수":50,
            "현관타입":100,
            "주거총점":18.0,
            "지역구공급총점":0.0,
            "역세권":"NA",
            "30분내 이동가능 거점":"NA",
            "1시간내 이동가능 거점":"NA",
            "교통총점":"NA",
            "백화점":0,
            "아울렛몰":0,
            "대형마트":100,
            "은행":0,
            "병원":10,
            "종합병원":80,
            "공원":0,
            "혐오시설":0,
            "인프라총점":32.0,
            "초등학군":90.01,
            "중학군":47.52,
            "학군총점":56.018,
            "인구수":20.26,
            "인구증감":-18.69,
            "인구총점":8.575,
            "일자리":11.24,
            "소득수준":82.32,
            "일자리총점":32.564,
            "가치 총점":33.1045,
            "매매실거래년":20220212.0,
            "매매실거래가":9200.0,
            "전세실거래년":20170426.0,
            "전세실거래가":10000.0,
            "전세가율":93.46,
            "장기전세가율평균":75.61,
            "전세가율거품지수":-17.85,
            "검색코드":15524,
            "세대수":146.0,
            "준공년월":"1996-04-08",
            "준공년차":27.0,
            "가까운역이름":"NA",
            "가까운역거리":"NA",
            "역세권여부":"NA",
            "30분이내주요거점역":"NA",
            "30분거점역이름":"NA",
            "1시간이내주요거점역":"NA",
            "1시간거점역이름":"NA",
            "3km이내백화점수":0,
            "5km이내아울렛몰수":0,
            "1km이내대형먀트수":2,
            "500m이내은행수":1,
            "500m이내병원수":2,
            "5km이내대형병원수":1,
            "500m이내공원수":0,
            "3km이내혐오시설수":0,
            "초등학교학업성취도":90.01,
            "중학교학업성취도":78.0,
            "용적률":397,
            "건폐율":42,
            "Y":35.25656,
            "X":128.5195,
            "rank":102.0,
            "area_info":"24평(80.74), 24평(80.34), 34평(114.36)",
            "last_sales":"2022-02-12,9200.0,34평(114.36)",
            "rank_history":[
                [
                    "202203",
                    102
                ],
                [
                    "202202",
                    63
                ],
                [
                    "202201",
                    65
                ]
            ],
            "rank_gap":-39
        },
        {
            "index":157,
            "아파트명":"정일맨션",
            "투자타입":"일반",
            "전용면적(m2)":"90.85",
            "전용면적(평)":"27평",
            "법정동주소":"경상남도 창원시 마산회원구 내서읍 289-7",
            "도로명주소":"경상남도 창원시 마산회원구 호원로 243",
            "세대수":0,
            "입주년차":0,
            "용적률점수":"--",
            "건폐율점수":"--",
            "세대당주차수":0,
            "난방방식":30,
            "공급면적":"--",
            "전용률":"--",
            "욕실수":50,
            "현관타입":100,
            "주거총점":18.0,
            "지역구공급총점":0.0,
            "역세권":"NA",
            "30분내 이동가능 거점":"NA",
            "1시간내 이동가능 거점":"NA",
            "교통총점":"NA",
            "백화점":0,
            "아울렛몰":0,
            "대형마트":100,
            "은행":0,
            "병원":10,
            "종합병원":80,
            "공원":0,
            "혐오시설":0,
            "인프라총점":32.0,
            "초등학군":90.01,
            "중학군":47.52,
            "학군총점":56.018,
            "인구수":20.26,
            "인구증감":-18.69,
            "인구총점":8.575,
            "일자리":11.24,
            "소득수준":82.32,
            "일자리총점":32.564,
            "가치 총점":33.1045,
            "매매실거래년":20211023.0,
            "매매실거래가":9200.0,
            "전세실거래년":20210324.0,
            "전세실거래가":7000.0,
            "전세가율":76.09,
            "장기전세가율평균":75.61,
            "전세가율거품지수":-0.48,
            "검색코드":102433,
            "세대수":56.0,
            "준공년월":"1994-07-14",
            "준공년차":29.0,
            "가까운역이름":"NA",
            "가까운역거리":"NA",
            "역세권여부":"NA",
            "30분이내주요거점역":"NA",
            "30분거점역이름":"NA",
            "1시간이내주요거점역":"NA",
            "1시간거점역이름":"NA",
            "3km이내백화점수":0,
            "5km이내아울렛몰수":0,
            "1km이내대형먀트수":2,
            "500m이내은행수":1,
            "500m이내병원수":2,
            "5km이내대형병원수":1,
            "500m이내공원수":0,
            "3km이내혐오시설수":0,
            "초등학교학업성취도":90.01,
            "중학교학업성취도":78.0,
            "용적률":299,
            "건폐율":31,
            "Y":35.25531,
            "X":128.521019,
            "rank":102.0,
            "area_info":"27평(90.85), 33평(109.68)",
            "last_sales":"2021-10-23,9200.0,27평(90.85)",
            "rank_history":[
                [
                    "202203",
                    102
                ],
                [
                    "202202",
                    9999
                ]
            ],
            "rank_gap":9999
        },
        {
            "index":4,
            "아파트명":"교직원",
            "투자타입":"재건축",
            "전용면적(m2)":"66.69",
            "전용면적(평)":"20평",
            "법정동주소":"경상남도 창원시 마산회원구 구암동 18-2",
            "도로명주소":"경상남도 창원시 마산회원구 구암서5길 15",
            "세대수":0,
            "입주년차":"--",
            "용적률점수":60,
            "건폐율점수":0,
            "세대당주차수":"--",
            "난방방식":"--",
            "공급면적":50,
            "전용률":100,
            "욕실수":"--",
            "현관타입":"--",
            "주거총점":31.5,
            "지역구공급총점":0.0,
            "역세권":"NA",
            "30분내 이동가능 거점":"NA",
            "1시간내 이동가능 거점":"NA",
            "교통총점":"NA",
            "백화점":0,
            "아울렛몰":0,
            "대형마트":0,
            "은행":0,
            "병원":30,
            "종합병원":80,
            "공원":0,
            "혐오시설":0,
            "인프라총점":19.0,
            "초등학군":89.98,
            "중학군":48.66,
            "학군총점":56.924,
            "인구수":20.26,
            "인구증감":-18.69,
            "인구총점":8.575,
            "일자리":11.24,
            "소득수준":82.32,
            "일자리총점":32.564,
            "가치 총점":32.856,
            "매매실거래년":20220203.0,
            "매매실거래가":7300.0,
            "전세실거래년":20200205.0,
            "전세실거래가":5000.0,
            "전세가율":68.49,
            "장기전세가율평균":75.61,
            "전세가율거품지수":7.12,
            "검색코드":121698,
            "세대수":100.0,
            "준공년월":"1977-07-04",
            "준공년차":46.0,
            "가까운역이름":"NA",
            "가까운역거리":"NA",
            "역세권여부":"NA",
            "30분이내주요거점역":"NA",
            "30분거점역이름":"NA",
            "1시간이내주요거점역":"NA",
            "1시간거점역이름":"NA",
            "3km이내백화점수":0,
            "5km이내아울렛몰수":0,
            "1km이내대형먀트수":0,
            "500m이내은행수":0,
            "500m이내병원수":5,
            "5km이내대형병원수":1,
            "500m이내공원수":0,
            "3km이내혐오시설수":0,
            "초등학교학업성취도":89.98,
            "중학교학업성취도":77.9,
            "용적률":198,
            "건폐율":0,
            "Y":35.248165,
            "X":128.590798,
            "rank":103.0,
            "area_info":"20평(66.69)",
            "last_sales":"2022-02-03,7300.0,20평(66.69)",
            "rank_history":[
                [
                    "202203",
                    103
                ],
                [
                    "202202",
                    65
                ],
                [
                    "202201",
                    63
                ]
            ],
            "rank_gap":-38
        },
        {
            "index":151,
            "아파트명":"신우타워",
            "투자타입":"일반",
            "전용면적(m2)":"78.89",
            "전용면적(평)":"23평",
            "법정동주소":"경상남도 창원시 마산회원구 내서읍 호계리 9",
            "도로명주소":"경상남도 창원시 마산회원구 호원로 371",
            "세대수":0,
            "입주년차":0,
            "용적률점수":"--",
            "건폐율점수":"--",
            "세대당주차수":0,
            "난방방식":30,
            "공급면적":"--",
            "전용률":"--",
            "욕실수":50,
            "현관타입":100,
            "주거총점":18.0,
            "지역구공급총점":0.0,
            "역세권":"NA",
            "30분내 이동가능 거점":"NA",
            "1시간내 이동가능 거점":"NA",
            "교통총점":"NA",
            "백화점":0,
            "아울렛몰":0,
            "대형마트":80,
            "은행":0,
            "병원":10,
            "종합병원":80,
            "공원":0,
            "혐오시설":0,
            "인프라총점":29.0,
            "초등학군":90.0,
            "중학군":47.52,
            "학군총점":56.016,
            "인구수":20.26,
            "인구증감":-18.69,
            "인구총점":8.575,
            "일자리":11.24,
            "소득수준":82.32,
            "일자리총점":32.564,
            "가치 총점":31.904,
            "매매실거래년":20201031.0,
            "매매실거래가":10500.0,
            "전세실거래년":20170417.0,
            "전세실거래가":9500.0,
            "전세가율":95.0,
            "장기전세가율평균":75.61,
            "전세가율거품지수":-19.39,
            "검색코드":115278,
            "세대수":80.0,
            "준공년월":"1996-03-07",
            "준공년차":27.0,
            "가까운역이름":"NA",
            "가까운역거리":"NA",
            "역세권여부":"NA",
            "30분이내주요거점역":"NA",
            "30분거점역이름":"NA",
            "1시간이내주요거점역":"NA",
            "1시간거점역이름":"NA",
            "3km이내백화점수":0,
            "5km이내아울렛몰수":0,
            "1km이내대형먀트수":1,
            "500m이내은행수":0,
            "500m이내병원수":4,
            "5km이내대형병원수":1,
            "500m이내공원수":0,
            "3km이내혐오시설수":0,
            "초등학교학업성취도":90.0,
            "중학교학업성취도":78.0,
            "용적률":374,
            "건폐율":22,
            "Y":35.266238,
            "X":128.526297,
            "rank":104.0,
            "area_info":"23평(78.89), 31평(104.93)",
            "last_sales":"2020-10-31,10500.0,31평(104.93)",
            "rank_history":[
                [
                    "202203",
                    104
                ],
                [
                    "202202",
                    9999
                ]
            ],
            "rank_gap":9999
        },
        {
            "index":177,
            "아파트명":"중리한백",
            "투자타입":"일반",
            "전용면적(m2)":"74.83",
            "전용면적(평)":"22평",
            "법정동주소":"경상남도 창원시 마산회원구 내서읍 호계리 53",
            "도로명주소":"경상남도 창원시 마산회원구 광려천북로 198",
            "세대수":0,
            "입주년차":0,
            "용적률점수":"--",
            "건폐율점수":"--",
            "세대당주차수":0,
            "난방방식":30,
            "공급면적":"--",
            "전용률":"--",
            "욕실수":50,
            "현관타입":100,
            "주거총점":18.0,
            "지역구공급총점":0.0,
            "역세권":"NA",
            "30분내 이동가능 거점":"NA",
            "1시간내 이동가능 거점":"NA",
            "교통총점":"NA",
            "백화점":0,
            "아울렛몰":0,
            "대형마트":80,
            "은행":0,
            "병원":10,
            "종합병원":80,
            "공원":0,
            "혐오시설":0,
            "인프라총점":29.0,
            "초등학군":90.0,
            "중학군":47.52,
            "학군총점":56.016,
            "인구수":20.26,
            "인구증감":-18.69,
            "인구총점":8.575,
            "일자리":11.24,
            "소득수준":82.32,
            "일자리총점":32.564,
            "가치 총점":31.904,
            "매매실거래년":20211207.0,
            "매매실거래가":9700.0,
            "전세실거래년":20200808.0,
            "전세실거래가":8000.0,
            "전세가율":82.47,
            "장기전세가율평균":75.61,
            "전세가율거품지수":-6.86,
            "검색코드":15498,
            "세대수":120.0,
            "준공년월":"1993-12-30",
            "준공년차":30.0,
            "가까운역이름":"NA",
            "가까운역거리":"NA",
            "역세권여부":"NA",
            "30분이내주요거점역":"NA",
            "30분거점역이름":"NA",
            "1시간이내주요거점역":"NA",
            "1시간거점역이름":"NA",
            "3km이내백화점수":0,
            "5km이내아울렛몰수":0,
            "1km이내대형먀트수":1,
            "500m이내은행수":0,
            "500m이내병원수":4,
            "5km이내대형병원수":1,
            "500m이내공원수":0,
            "3km이내혐오시설수":0,
            "초등학교학업성취도":90.0,
            "중학교학업성취도":78.0,
            "용적률":290,
            "건폐율":24,
            "Y":35.2673,
            "X":128.5233,
            "rank":104.0,
            "area_info":"22평(74.83), 32평(106.51), 42평(139.97)",
            "last_sales":"2021-12-07,9700.0,22평(74.83)",
            "rank_history":[
                [
                    "202203",
                    104
                ],
                [
                    "202202",
                    66
                ],
                [
                    "202201",
                    72
                ]
            ],
            "rank_gap":-38
        },
        {
            "index":172,
            "아파트명":"중리주공2단지",
            "투자타입":"일반",
            "전용면적(m2)":"57.53",
            "전용면적(평)":"17평",
            "법정동주소":"경상남도 창원시 마산회원구 내서읍 상곡리 192",
            "도로명주소":"경상남도 창원시 마산회원구 상곡로 67",
            "세대수":50,
            "입주년차":0,
            "용적률점수":"--",
            "건폐율점수":"--",
            "세대당주차수":0,
            "난방방식":30,
            "공급면적":"--",
            "전용률":"--",
            "욕실수":50,
            "현관타입":10,
            "주거총점":26.5,
            "지역구공급총점":0.0,
            "역세권":"NA",
            "30분내 이동가능 거점":"NA",
            "1시간내 이동가능 거점":"NA",
            "교통총점":"NA",
            "백화점":0,
            "아울렛몰":0,
            "대형마트":0,
            "은행":0,
            "병원":30,
            "종합병원":80,
            "공원":100,
            "혐오시설":0,
            "인프라총점":22.0,
            "초등학군":90.01,
            "중학군":45.66,
            "학군총점":54.53,
            "인구수":20.26,
            "인구증감":-18.69,
            "인구총점":8.575,
            "일자리":11.24,
            "소득수준":82.32,
            "일자리총점":32.564,
            "가치 총점":31.7075,
            "매매실거래년":20220221.0,
            "매매실거래가":5100.0,
            "전세실거래년":20220209.0,
            "전세실거래가":4000.0,
            "전세가율":78.43,
            "장기전세가율평균":75.61,
            "전세가율거품지수":-2.82,
            "검색코드":6507,
            "세대수":622.0,
            "준공년월":"1993-06-29",
            "준공년차":30.0,
            "가까운역이름":"NA",
            "가까운역거리":"NA",
            "역세권여부":"NA",
            "30분이내주요거점역":"NA",
            "30분거점역이름":"NA",
            "1시간이내주요거점역":"NA",
            "1시간거점역이름":"NA",
            "3km이내백화점수":0,
            "5km이내아울렛몰수":0,
            "1km이내대형먀트수":0,
            "500m이내은행수":0,
            "500m이내병원수":7,
            "5km이내대형병원수":1,
            "500m이내공원수":3,
            "3km이내혐오시설수":0,
            "초등학교학업성취도":90.01,
            "중학교학업성취도":76.1,
            "용적률":0,
            "건폐율":0,
            "Y":35.244627,
            "X":128.499777,
            "rank":105.0,
            "area_info":"17평(57.53), 18평(59.62), 18평(59.61), 20평(68.43), 21평(70.9)",
            "last_sales":"2022-02-21,5100.0,17평(57.53)",
            "rank_history":[
                [
                    "202203",
                    105
                ],
                [
                    "202202",
                    67
                ],
                [
                    "202201",
                    66
                ]
            ],
            "rank_gap":-38
        },
        {
            "index":149,
            "아파트명":"신성",
            "투자타입":"일반",
            "전용면적(m2)":"83.1",
            "전용면적(평)":"25평",
            "법정동주소":"경상남도 창원시 마산회원구 내서읍 상곡리 195",
            "도로명주소":"경상남도 창원시 마산회원구 상곡로 21",
            "세대수":0,
            "입주년차":20,
            "용적률점수":"--",
            "건폐율점수":"--",
            "세대당주차수":30,
            "난방방식":30,
            "공급면적":"--",
            "전용률":"--",
            "욕실수":50,
            "현관타입":100,
            "주거총점":26.5,
            "지역구공급총점":0.0,
            "역세권":"NA",
            "30분내 이동가능 거점":"NA",
            "1시간내 이동가능 거점":"NA",
            "교통총점":"NA",
            "백화점":0,
            "아울렛몰":0,
            "대형마트":0,
            "은행":0,
            "병원":30,
            "종합병원":80,
            "공원":100,
            "혐오시설":0,
            "인프라총점":22.0,
            "초등학군":90.01,
            "중학군":45.66,
            "학군총점":54.53,
            "인구수":20.26,
            "인구증감":-18.69,
            "인구총점":8.575,
            "일자리":11.24,
            "소득수준":82.32,
            "일자리총점":32.564,
            "가치 총점":31.7075,
            "매매실거래년":20211022.0,
            "매매실거래가":12950.0,
            "전세실거래년":20200410.0,
            "전세실거래가":7000.0,
            "전세가율":54.05,
            "장기전세가율평균":75.61,
            "전세가율거품지수":21.56,
            "검색코드":101085,
            "세대수":180.0,
            "준공년월":"2003-09-01",
            "준공년차":20.0,
            "가까운역이름":"NA",
            "가까운역거리":"NA",
            "역세권여부":"NA",
            "30분이내주요거점역":"NA",
            "30분거점역이름":"NA",
            "1시간이내주요거점역":"NA",
            "1시간거점역이름":"NA",
            "3km이내백화점수":0,
            "5km이내아울렛몰수":0,
            "1km이내대형먀트수":0,
            "500m이내은행수":0,
            "500m이내병원수":7,
            "5km이내대형병원수":1,
            "500m이내공원수":3,
            "3km이내혐오시설수":0,
            "초등학교학업성취도":90.01,
            "중학교학업성취도":76.1,
            "용적률":0,
            "건폐율":0,
            "Y":35.242706,
            "X":128.502369,
            "rank":105.0,
            "area_info":"25평(83.1), 33평(109.13)",
            "last_sales":"2021-10-22,12950.0,25평(83.1)",
            "rank_history":[
                [
                    "202203",
                    105
                ],
                [
                    "202202",
                    67
                ],
                [
                    "202201",
                    66
                ]
            ],
            "rank_gap":-38
        },
        {
            "index":5,
            "아파트명":"구암대동2차",
            "투자타입":"일반",
            "전용면적(m2)":"80.78",
            "전용면적(평)":"24평",
            "법정동주소":"경상남도 창원시 마산회원구 구암동 28-1",
            "도로명주소":"경상남도 창원시 마산회원구 구암남6길 50",
            "세대수":0,
            "입주년차":20,
            "용적률점수":"--",
            "건폐율점수":"--",
            "세대당주차수":0,
            "난방방식":30,
            "공급면적":"--",
            "전용률":"--",
            "욕실수":50,
            "현관타입":100,
            "주거총점":22.0,
            "지역구공급총점":0.0,
            "역세권":"NA",
            "30분내 이동가능 거점":"NA",
            "1시간내 이동가능 거점":"NA",
            "교통총점":"NA",
            "백화점":0,
            "아울렛몰":0,
            "대형마트":0,
            "은행":0,
            "병원":30,
            "종합병원":100,
            "공원":0,
            "혐오시설":0,
            "인프라총점":23.0,
            "초등학군":89.98,
            "중학군":48.66,
            "학군총점":56.924,
            "인구수":20.26,
            "인구증감":-18.69,
            "인구총점":8.575,
            "일자리":11.24,
            "소득수준":82.32,
            "일자리총점":32.564,
            "가치 총점":31.131,
            "매매실거래년":20220209.0,
            "매매실거래가":16300.0,
            "전세실거래년":20220217.0,
            "전세실거래가":14000.0,
            "전세가율":85.89,
            "장기전세가율평균":75.61,
            "전세가율거품지수":-10.28,
            "검색코드":6487,
            "세대수":190.0,
            "준공년월":"2000-08-11",
            "준공년차":23.0,
            "가까운역이름":"NA",
            "가까운역거리":"NA",
            "역세권여부":"NA",
            "30분이내주요거점역":"NA",
            "30분거점역이름":"NA",
            "1시간이내주요거점역":"NA",
            "1시간거점역이름":"NA",
            "3km이내백화점수":0,
            "5km이내아울렛몰수":0,
            "1km이내대형먀트수":0,
            "500m이내은행수":0,
            "500m이내병원수":5,
            "5km이내대형병원수":2,
            "500m이내공원수":0,
            "3km이내혐오시설수":0,
            "초등학교학업성취도":89.98,
            "중학교학업성취도":77.9,
            "용적률":278,
            "건폐율":26,
            "Y":35.24663,
            "X":128.593167,
            "rank":106.0,
            "area_info":"24평(80.78), 32평(106.46), 41평(136.0)",
            "last_sales":"2022-02-09,16300.0,24평(80.78)",
            "rank_history":[
                [
                    "202203",
                    106
                ],
                [
                    "202202",
                    68
                ],
                [
                    "202201",
                    67
                ]
            ],
            "rank_gap":-38
        },
        {
            "index":131,
            "아파트명":"서진",
            "투자타입":"일반",
            "전용면적(m2)":"51.01",
            "전용면적(평)":"15평",
            "법정동주소":"경상남도 창원시 마산회원구 내서읍 상곡리 67",
            "도로명주소":"경상남도 창원시 마산회원구 경남대로 1019",
            "세대수":0,
            "입주년차":0,
            "용적률점수":"--",
            "건폐율점수":"--",
            "세대당주차수":0,
            "난방방식":30,
            "공급면적":"--",
            "전용률":"--",
            "욕실수":50,
            "현관타입":10,
            "주거총점":9.0,
            "지역구공급총점":0.0,
            "역세권":"NA",
            "30분내 이동가능 거점":"NA",
            "1시간내 이동가능 거점":"NA",
            "교통총점":"NA",
            "백화점":0,
            "아울렛몰":0,
            "대형마트":80,
            "은행":0,
            "병원":30,
            "종합병원":80,
            "공원":100,
            "혐오시설":0,
            "인프라총점":34.0,
            "초등학군":90.01,
            "중학군":45.66,
            "학군총점":54.53,
            "인구수":20.26,
            "인구증감":-18.69,
            "인구총점":8.575,
            "일자리":11.24,
            "소득수준":82.32,
            "일자리총점":32.564,
            "가치 총점":30.3825,
            "매매실거래년":20220217.0,
            "매매실거래가":5200.0,
            "전세실거래년":20220213.0,
            "전세실거래가":5400.0,
            "전세가율":103.85,
            "장기전세가율평균":75.61,
            "전세가율거품지수":-28.24,
            "검색코드":15529,
            "세대수":255.0,
            "준공년월":"1997-12-23",
            "준공년차":26.0,
            "가까운역이름":"NA",
            "가까운역거리":"NA",
            "역세권여부":"NA",
            "30분이내주요거점역":"NA",
            "30분거점역이름":"NA",
            "1시간이내주요거점역":"NA",
            "1시간거점역이름":"NA",
            "3km이내백화점수":0,
            "5km이내아울렛몰수":0,
            "1km이내대형먀트수":1,
            "500m이내은행수":0,
            "500m이내병원수":7,
            "5km이내대형병원수":1,
            "500m이내공원수":4,
            "3km이내혐오시설수":0,
            "초등학교학업성취도":90.01,
            "중학교학업성취도":76.1,
            "용적률":254,
            "건폐율":41,
            "Y":35.241471,
            "X":128.50446,
            "rank":107.0,
            "area_info":"15평(51.01), 20평(66.38)",
            "last_sales":"2022-02-17,5200.0,15평(51.01)",
            "rank_history":[
                [
                    "202203",
                    107
                ],
                [
                    "202202",
                    69
                ],
                [
                    "202201",
                    68
                ]
            ],
            "rank_gap":-38
        },
        {
            "index":101,
            "아파트명":"보라맨션",
            "투자타입":"재건축",
            "전용면적(m2)":"68.81",
            "전용면적(평)":"20평",
            "법정동주소":"경상남도 창원시 마산회원구 내서읍 호계리 333-1",
            "도로명주소":"경상남도 창원시 마산회원구 광려천북로 90",
            "세대수":0,
            "입주년차":"--",
            "용적률점수":0,
            "건폐율점수":0,
            "세대당주차수":"--",
            "난방방식":"--",
            "공급면적":50,
            "전용률":80,
            "욕실수":"--",
            "현관타입":"--",
            "주거총점":6.5,
            "지역구공급총점":0.0,
            "역세권":"NA",
            "30분내 이동가능 거점":"NA",
            "1시간내 이동가능 거점":"NA",
            "교통총점":"NA",
            "백화점":0,
            "아울렛몰":0,
            "대형마트":100,
            "은행":0,
            "병원":30,
            "종합병원":80,
            "공원":0,
            "혐오시설":0,
            "인프라총점":34.0,
            "초등학군":90.01,
            "중학군":47.52,
            "학군총점":56.018,
            "인구수":20.26,
            "인구증감":-18.69,
            "인구총점":8.575,
            "일자리":11.24,
            "소득수준":82.32,
            "일자리총점":32.564,
            "가치 총점":29.8795,
            "매매실거래년":20210815.0,
            "매매실거래가":5800.0,
            "전세실거래년":null,
            "전세실거래가":null,
            "전세가율":null,
            "장기전세가율평균":75.61,
            "전세가율거품지수":null,
            "검색코드":108790,
            "세대수":94.0,
            "준공년월":"1992-05-23",
            "준공년차":31.0,
            "가까운역이름":"NA",
            "가까운역거리":"NA",
            "역세권여부":"NA",
            "30분이내주요거점역":"NA",
            "30분거점역이름":"NA",
            "1시간이내주요거점역":"NA",
            "1시간거점역이름":"NA",
            "3km이내백화점수":0,
            "5km이내아울렛몰수":0,
            "1km이내대형먀트수":2,
            "500m이내은행수":1,
            "500m이내병원수":8,
            "5km이내대형병원수":1,
            "500m이내공원수":0,
            "3km이내혐오시설수":0,
            "초등학교학업성취도":90.01,
            "중학교학업성취도":78.0,
            "용적률":0,
            "건폐율":0,
            "Y":35.258215,
            "X":128.520378,
            "rank":108.0,
            "area_info":"20평(68.81), 20평(68.92), 21평(69.86), 21평(69.8), 21평(69.58), 21평(69.6)",
            "last_sales":"2021-08-15,5800.0,21평(69.6)",
            "rank_history":[
                [
                    "202203",
                    108
                ],
                [
                    "202202",
                    9999
                ]
            ],
            "rank_gap":9999
        },
        {
            "index":92,
            "아파트명":"동남타운",
            "투자타입":"일반",
            "전용면적(m2)":"71.74",
            "전용면적(평)":"21평",
            "법정동주소":"경상남도 창원시 마산회원구 내서읍 상곡리 196",
            "도로명주소":"경상남도 창원시 마산회원구 상곡로 5",
            "세대수":0,
            "입주년차":0,
            "용적률점수":"--",
            "건폐율점수":"--",
            "세대당주차수":0,
            "난방방식":30,
            "공급면적":"--",
            "전용률":"--",
            "욕실수":50,
            "현관타입":100,
            "주거총점":18.0,
            "지역구공급총점":0.0,
            "역세권":"NA",
            "30분내 이동가능 거점":"NA",
            "1시간내 이동가능 거점":"NA",
            "교통총점":"NA",
            "백화점":0,
            "아울렛몰":0,
            "대형마트":0,
            "은행":0,
            "병원":30,
            "종합병원":80,
            "공원":100,
            "혐오시설":0,
            "인프라총점":22.0,
            "초등학군":90.01,
            "중학군":45.66,
            "학군총점":54.53,
            "인구수":20.26,
            "인구증감":-18.69,
            "인구총점":8.575,
            "일자리":11.24,
            "소득수준":82.32,
            "일자리총점":32.564,
            "가치 총점":28.7325,
            "매매실거래년":20220113.0,
            "매매실거래가":8400.0,
            "전세실거래년":20201209.0,
            "전세실거래가":9000.0,
            "전세가율":107.14,
            "장기전세가율평균":75.61,
            "전세가율거품지수":-31.53,
            "검색코드":100982,
            "세대수":150.0,
            "준공년월":"1996-04-17",
            "준공년차":27.0,
            "가까운역이름":"NA",
            "가까운역거리":"NA",
            "역세권여부":"NA",
            "30분이내주요거점역":"NA",
            "30분거점역이름":"NA",
            "1시간이내주요거점역":"NA",
            "1시간거점역이름":"NA",
            "3km이내백화점수":0,
            "5km이내아울렛몰수":0,
            "1km이내대형먀트수":0,
            "500m이내은행수":0,
            "500m이내병원수":7,
            "5km이내대형병원수":1,
            "500m이내공원수":3,
            "3km이내혐오시설수":0,
            "초등학교학업성취도":90.01,
            "중학교학업성취도":76.1,
            "용적률":192,
            "건폐율":17,
            "Y":35.242087,
            "X":128.503816,
            "rank":109.0,
            "area_info":"21평(71.74)",
            "last_sales":"2022-01-13,8400.0,21평(71.74)",
            "rank_history":[
                [
                    "202203",
                    109
                ],
                [
                    "202202",
                    70
                ],
                [
                    "202201",
                    70
                ]
            ],
            "rank_gap":-39
        },
        {
            "index":36,
            "아파트명":"신우",
            "투자타입":"일반",
            "전용면적(m2)":"71.39",
            "전용면적(평)":"21평",
            "법정동주소":"경상남도 창원시 마산회원구 구암동 1212",
            "도로명주소":"경상남도 창원시 마산회원구 구암남21길 3",
            "세대수":0,
            "입주년차":20,
            "용적률점수":"--",
            "건폐율점수":"--",
            "세대당주차수":0,
            "난방방식":30,
            "공급면적":"--",
            "전용률":"--",
            "욕실수":50,
            "현관타입":50,
            "주거총점":17.0,
            "지역구공급총점":0.0,
            "역세권":"NA",
            "30분내 이동가능 거점":"NA",
            "1시간내 이동가능 거점":"NA",
            "교통총점":"NA",
            "백화점":0,
            "아울렛몰":0,
            "대형마트":0,
            "은행":0,
            "병원":30,
            "종합병원":100,
            "공원":100,
            "혐오시설":0,
            "인프라총점":26.0,
            "초등학군":90.0,
            "중학군":38.58,
            "학군총점":48.864,
            "인구수":20.26,
            "인구증감":-18.69,
            "인구총점":8.575,
            "일자리":11.24,
            "소득수준":82.32,
            "일자리총점":32.564,
            "가치 총점":28.566,
            "매매실거래년":20220213.0,
            "매매실거래가":14000.0,
            "전세실거래년":20210328.0,
            "전세실거래가":8000.0,
            "전세가율":88.89,
            "장기전세가율평균":75.61,
            "전세가율거품지수":-13.28,
            "검색코드":106399,
            "세대수":147.0,
            "준공년월":"2001-01-11",
            "준공년차":22.0,
            "가까운역이름":"NA",
            "가까운역거리":"NA",
            "역세권여부":"NA",
            "30분이내주요거점역":"NA",
            "30분거점역이름":"NA",
            "1시간이내주요거점역":"NA",
            "1시간거점역이름":"NA",
            "3km이내백화점수":0,
            "5km이내아울렛몰수":0,
            "1km이내대형먀트수":0,
            "500m이내은행수":1,
            "500m이내병원수":7,
            "5km이내대형병원수":2,
            "500m이내공원수":2,
            "3km이내혐오시설수":0,
            "초등학교학업성취도":90.0,
            "중학교학업성취도":62.7,
            "용적률":0,
            "건폐율":0,
            "Y":35.25277,
            "X":128.602168,
            "rank":110.0,
            "area_info":"21평(71.39), 26평(86.47)",
            "last_sales":"2022-02-13,14000.0,26평(86.47)",
            "rank_history":[
                [
                    "202203",
                    110
                ],
                [
                    "202202",
                    71
                ],
                [
                    "202201",
                    71
                ]
            ],
            "rank_gap":-39
        },
        {
            "index":126,
            "아파트명":"서광맨션1차",
            "투자타입":"재건축",
            "전용면적(m2)":"66.15",
            "전용면적(평)":"20평",
            "법정동주소":"경상남도 창원시 마산회원구 내서읍 호계리 300",
            "도로명주소":"경상남도 창원시 마산회원구 광려천동로 22",
            "세대수":0,
            "입주년차":"--",
            "용적률점수":0,
            "건폐율점수":0,
            "세대당주차수":"--",
            "난방방식":"--",
            "공급면적":50,
            "전용률":60,
            "욕실수":"--",
            "현관타입":"--",
            "주거총점":5.5,
            "지역구공급총점":0.0,
            "역세권":"NA",
            "30분내 이동가능 거점":"NA",
            "1시간내 이동가능 거점":"NA",
            "교통총점":"NA",
            "백화점":0,
            "아울렛몰":0,
            "대형마트":100,
            "은행":0,
            "병원":10,
            "종합병원":80,
            "공원":0,
            "혐오시설":0,
            "인프라총점":32.0,
            "초등학군":90.01,
            "중학군":45.66,
            "학군총점":54.53,
            "인구수":20.26,
            "인구증감":-18.69,
            "인구총점":8.575,
            "일자리":11.24,
            "소득수준":82.32,
            "일자리총점":32.564,
            "가치 총점":28.3575,
            "매매실거래년":20211009.0,
            "매매실거래가":6400.0,
            "전세실거래년":20170804.0,
            "전세실거래가":8000.0,
            "전세가율":125.0,
            "장기전세가율평균":75.61,
            "전세가율거품지수":-49.39,
            "검색코드":15526,
            "세대수":136.0,
            "준공년월":"1991-01-30",
            "준공년차":32.0,
            "가까운역이름":"NA",
            "가까운역거리":"NA",
            "역세권여부":"NA",
            "30분이내주요거점역":"NA",
            "30분거점역이름":"NA",
            "1시간이내주요거점역":"NA",
            "1시간거점역이름":"NA",
            "3km이내백화점수":0,
            "5km이내아울렛몰수":0,
            "1km이내대형먀트수":2,
            "500m이내은행수":1,
            "500m이내병원수":2,
            "5km이내대형병원수":1,
            "500m이내공원수":0,
            "3km이내혐오시설수":0,
            "초등학교학업성취도":90.01,
            "중학교학업성취도":76.1,
            "용적률":0,
            "건폐율":0,
            "Y":35.254025,
            "X":128.519967,
            "rank":111.0,
            "area_info":"20평(66.15), 26평(89.23), 28평(92.89), 30평(100.62), 31평(102.86)",
            "last_sales":"2021-10-09,6400.0,20평(66.15)",
            "rank_history":[
                [
                    "202203",
                    111
                ],
                [
                    "202202",
                    72
                ],
                [
                    "202201",
                    73
                ]
            ],
            "rank_gap":-39
        },
        {
            "index":196,
            "아파트명":"한주",
            "투자타입":"재건축",
            "전용면적(m2)":"70.08",
            "전용면적(평)":"21평",
            "법정동주소":"경상남도 창원시 마산회원구 내서읍 중리 470-11",
            "도로명주소":"경상남도 창원시 마산회원구 함마대로 2821",
            "세대수":0,
            "입주년차":"--",
            "용적률점수":0,
            "건폐율점수":80,
            "세대당주차수":"--",
            "난방방식":"--",
            "공급면적":50,
            "전용률":80,
            "욕실수":"--",
            "현관타입":"--",
            "주거총점":22.5,
            "지역구공급총점":0.0,
            "역세권":"NA",
            "30분내 이동가능 거점":"NA",
            "1시간내 이동가능 거점":"NA",
            "교통총점":"NA",
            "백화점":0,
            "아울렛몰":0,
            "대형마트":0,
            "은행":0,
            "병원":10,
            "종합병원":80,
            "공원":0,
            "혐오시설":0,
            "인프라총점":17.0,
            "초등학군":90.01,
            "중학군":45.66,
            "학군총점":54.53,
            "인구수":20.26,
            "인구증감":-18.69,
            "인구총점":8.575,
            "일자리":11.24,
            "소득수준":82.32,
            "일자리총점":32.564,
            "가치 총점":28.3075,
            "매매실거래년":20220210.0,
            "매매실거래가":6500.0,
            "전세실거래년":20210312.0,
            "전세실거래가":6000.0,
            "전세가율":92.31,
            "장기전세가율평균":75.61,
            "전세가율거품지수":-16.7,
            "검색코드":15534,
            "세대수":150.0,
            "준공년월":"1992-12-04",
            "준공년차":31.0,
            "가까운역이름":"NA",
            "가까운역거리":"NA",
            "역세권여부":"NA",
            "30분이내주요거점역":"NA",
            "30분거점역이름":"NA",
            "1시간이내주요거점역":"NA",
            "1시간거점역이름":"NA",
            "3km이내백화점수":0,
            "5km이내아울렛몰수":0,
            "1km이내대형먀트수":0,
            "500m이내은행수":0,
            "500m이내병원수":2,
            "5km이내대형병원수":1,
            "500m이내공원수":0,
            "3km이내혐오시설수":0,
            "초등학교학업성취도":90.01,
            "중학교학업성취도":76.1,
            "용적률":369,
            "건폐율":28,
            "Y":35.248325,
            "X":128.520722,
            "rank":112.0,
            "area_info":"21평(70.08), 30평(100.28), 32평(107.0)",
            "last_sales":"2022-02-10,6500.0,21평(70.08)",
            "rank_history":[
                [
                    "202203",
                    112
                ],
                [
                    "202202",
                    73
                ],
                [
                    "202201",
                    69
                ]
            ],
            "rank_gap":-39
        },
        {
            "index":204,
            "아파트명":"화인태양맨션",
            "투자타입":"재건축",
            "전용면적(m2)":"70.59",
            "전용면적(평)":"21평",
            "법정동주소":"경상남도 창원시 마산회원구 내서읍 호계리 53-1",
            "도로명주소":"경상남도 창원시 마산회원구 광려천북로 206",
            "세대수":0,
            "입주년차":"--",
            "용적률점수":0,
            "건폐율점수":0,
            "세대당주차수":"--",
            "난방방식":"--",
            "공급면적":50,
            "전용률":80,
            "욕실수":"--",
            "현관타입":"--",
            "주거총점":6.5,
            "지역구공급총점":0.0,
            "역세권":"NA",
            "30분내 이동가능 거점":"NA",
            "1시간내 이동가능 거점":"NA",
            "교통총점":"NA",
            "백화점":0,
            "아울렛몰":0,
            "대형마트":80,
            "은행":0,
            "병원":10,
            "종합병원":80,
            "공원":0,
            "혐오시설":0,
            "인프라총점":29.0,
            "초등학군":90.0,
            "중학군":47.52,
            "학군총점":56.016,
            "인구수":20.26,
            "인구증감":-18.69,
            "인구총점":8.575,
            "일자리":11.24,
            "소득수준":82.32,
            "일자리총점":32.564,
            "가치 총점":27.879,
            "매매실거래년":20211204.0,
            "매매실거래가":8800.0,
            "전세실거래년":20201106.0,
            "전세실거래가":6500.0,
            "전세가율":85.53,
            "장기전세가율평균":75.61,
            "전세가율거품지수":-9.92,
            "검색코드":15537,
            "세대수":219.0,
            "준공년월":"1991-12-04",
            "준공년차":32.0,
            "가까운역이름":"NA",
            "가까운역거리":"NA",
            "역세권여부":"NA",
            "30분이내주요거점역":"NA",
            "30분거점역이름":"NA",
            "1시간이내주요거점역":"NA",
            "1시간거점역이름":"NA",
            "3km이내백화점수":0,
            "5km이내아울렛몰수":0,
            "1km이내대형먀트수":1,
            "500m이내은행수":0,
            "500m이내병원수":4,
            "5km이내대형병원수":1,
            "500m이내공원수":0,
            "3km이내혐오시설수":0,
            "초등학교학업성취도":90.0,
            "중학교학업성취도":78.0,
            "용적률":0,
            "건폐율":0,
            "Y":35.268169,
            "X":128.524014,
            "rank":113.0,
            "area_info":"21평(70.59), 25평(82.86), 27평(89.89), 30평(101.24)",
            "last_sales":"2021-12-04,8800.0,27평(89.89)",
            "rank_history":[
                [
                    "202203",
                    113
                ],
                [
                    "202202",
                    74
                ],
                [
                    "202201",
                    80
                ]
            ],
            "rank_gap":-39
        },
        {
            "index":61,
            "아파트명":"가고파",
            "투자타입":"일반",
            "전용면적(m2)":"57.72",
            "전용면적(평)":"17평",
            "법정동주소":"경상남도 창원시 마산회원구 내서읍 상곡리 194",
            "도로명주소":"경상남도 창원시 마산회원구 상곡로 35",
            "세대수":0,
            "입주년차":0,
            "용적률점수":"--",
            "건폐율점수":"--",
            "세대당주차수":0,
            "난방방식":30,
            "공급면적":"--",
            "전용률":"--",
            "욕실수":50,
            "현관타입":10,
            "주거총점":9.0,
            "지역구공급총점":0.0,
            "역세권":"NA",
            "30분내 이동가능 거점":"NA",
            "1시간내 이동가능 거점":"NA",
            "교통총점":"NA",
            "백화점":0,
            "아울렛몰":0,
            "대형마트":0,
            "은행":0,
            "병원":30,
            "종합병원":80,
            "공원":100,
            "혐오시설":0,
            "인프라총점":22.0,
            "초등학군":90.01,
            "중학군":45.66,
            "학군총점":54.53,
            "인구수":20.26,
            "인구증감":-18.69,
            "인구총점":8.575,
            "일자리":11.24,
            "소득수준":82.32,
            "일자리총점":32.564,
            "가치 총점":25.5825,
            "매매실거래년":20211231.0,
            "매매실거래가":7000.0,
            "전세실거래년":20200530.0,
            "전세실거래가":3500.0,
            "전세가율":100.0,
            "장기전세가율평균":75.61,
            "전세가율거품지수":-24.39,
            "검색코드":16640,
            "세대수":130.0,
            "준공년월":"1993-02-24",
            "준공년차":30.0,
            "가까운역이름":"NA",
            "가까운역거리":"NA",
            "역세권여부":"NA",
            "30분이내주요거점역":"NA",
            "30분거점역이름":"NA",
            "1시간이내주요거점역":"NA",
            "1시간거점역이름":"NA",
            "3km이내백화점수":0,
            "5km이내아울렛몰수":0,
            "1km이내대형먀트수":0,
            "500m이내은행수":0,
            "500m이내병원수":7,
            "5km이내대형병원수":1,
            "500m이내공원수":3,
            "3km이내혐오시설수":0,
            "초등학교학업성취도":90.01,
            "중학교학업성취도":76.1,
            "용적률":187,
            "건폐율":15,
            "Y":35.242899,
            "X":128.501283,
            "rank":114.0,
            "area_info":"17평(57.72), 20평(66.9)",
            "last_sales":"2021-12-31,7000.0,20평(66.9)",
            "rank_history":[
                [
                    "202203",
                    114
                ],
                [
                    "202202",
                    75
                ],
                [
                    "202201",
                    77
                ]
            ],
            "rank_gap":-39
        },
        {
            "index":28,
            "아파트명":"세화",
            "투자타입":"재건축",
            "전용면적(m2)":"75.17",
            "전용면적(평)":"22평",
            "법정동주소":"경상남도 창원시 마산회원구 구암동 13-5",
            "도로명주소":"경상남도 창원시 마산회원구 구암서3길 69",
            "세대수":0,
            "입주년차":"--",
            "용적률점수":0,
            "건폐율점수":0,
            "세대당주차수":"--",
            "난방방식":"--",
            "공급면적":50,
            "전용률":100,
            "욕실수":"--",
            "현관타입":"--",
            "주거총점":7.5,
            "지역구공급총점":0.0,
            "역세권":"NA",
            "30분내 이동가능 거점":"NA",
            "1시간내 이동가능 거점":"NA",
            "교통총점":"NA",
            "백화점":0,
            "아울렛몰":0,
            "대형마트":0,
            "은행":0,
            "병원":30,
            "종합병원":80,
            "공원":80,
            "혐오시설":0,
            "인프라총점":21.4,
            "초등학군":89.98,
            "중학군":48.66,
            "학군총점":56.924,
            "인구수":20.26,
            "인구증감":-18.69,
            "인구총점":8.575,
            "일자리":11.24,
            "소득수준":82.32,
            "일자리총점":32.564,
            "가치 총점":25.416,
            "매매실거래년":20210225.0,
            "매매실거래가":7300.0,
            "전세실거래년":null,
            "전세실거래가":null,
            "전세가율":null,
            "장기전세가율평균":75.61,
            "전세가율거품지수":null,
            "검색코드":118099,
            "세대수":50.0,
            "준공년월":"1979-12-21",
            "준공년차":44.0,
            "가까운역이름":"NA",
            "가까운역거리":"NA",
            "역세권여부":"NA",
            "30분이내주요거점역":"NA",
            "30분거점역이름":"NA",
            "1시간이내주요거점역":"NA",
            "1시간거점역이름":"NA",
            "3km이내백화점수":0,
            "5km이내아울렛몰수":0,
            "1km이내대형먀트수":0,
            "500m이내은행수":0,
            "500m이내병원수":5,
            "5km이내대형병원수":1,
            "500m이내공원수":1,
            "3km이내혐오시설수":0,
            "초등학교학업성취도":89.98,
            "중학교학업성취도":77.9,
            "용적률":0,
            "건폐율":0,
            "Y":35.249443,
            "X":128.592221,
            "rank":115.0,
            "area_info":"22평(75.17), 23평(76.59), 23평(77.36), 23평(78.24), 23평(79.08), 24평(79.44), 24평(81.89), 25평(83.63)",
            "last_sales":"2021-02-25,7300.0,25평(83.63)",
            "rank_history":[
                [
                    "202203",
                    115
                ],
                [
                    "202202",
                    9999
                ]
            ],
            "rank_gap":9999
        },
        {
            "index":448,
            "아파트명":"한효국화맨션",
            "투자타입":"재건축",
            "전용면적(m2)":"63.72",
            "전용면적(평)":"19평",
            "법정동주소":"경상남도 창원시 마산회원구 회성동 448-1",
            "도로명주소":"경상남도 창원시 마산회원구 회성남10길 6",
            "세대수":0,
            "입주년차":"--",
            "용적률점수":0,
            "건폐율점수":0,
            "세대당주차수":"--",
            "난방방식":"--",
            "공급면적":50,
            "전용률":80,
            "욕실수":"--",
            "현관타입":"--",
            "주거총점":6.5,
            "지역구공급총점":0.0,
            "역세권":"NA",
            "30분내 이동가능 거점":"NA",
            "1시간내 이동가능 거점":"NA",
            "교통총점":"NA",
            "백화점":0,
            "아울렛몰":0,
            "대형마트":0,
            "은행":0,
            "병원":10,
            "종합병원":100,
            "공원":100,
            "혐오시설":0,
            "인프라총점":24.0,
            "초등학군":90.02,
            "중학군":45.06,
            "학군총점":54.052,
            "인구수":20.26,
            "인구증감":-18.69,
            "인구총점":8.575,
            "일자리":11.24,
            "소득수준":82.32,
            "일자리총점":32.564,
            "가치 총점":25.388,
            "매매실거래년":20220218.0,
            "매매실거래가":8000.0,
            "전세실거래년":20130729.0,
            "전세실거래가":8500.0,
            "전세가율":121.43,
            "장기전세가율평균":75.61,
            "전세가율거품지수":-45.82,
            "검색코드":15562,
            "세대수":105.0,
            "준공년월":"1984-10-23",
            "준공년차":39.0,
            "가까운역이름":"NA",
            "가까운역거리":"NA",
            "역세권여부":"NA",
            "30분이내주요거점역":"NA",
            "30분거점역이름":"NA",
            "1시간이내주요거점역":"NA",
            "1시간거점역이름":"NA",
            "3km이내백화점수":0,
            "5km이내아울렛몰수":0,
            "1km이내대형먀트수":0,
            "500m이내은행수":0,
            "500m이내병원수":3,
            "5km이내대형병원수":4,
            "500m이내공원수":2,
            "3km이내혐오시설수":0,
            "초등학교학업성취도":90.02,
            "중학교학업성취도":72.5,
            "용적률":0,
            "건폐율":0,
            "Y":35.233628,
            "X":128.558092,
            "rank":116.0,
            "area_info":"19평(63.72), 21평(70.21), 21평(71.81), 22평(74.93), 23평(76.52)",
            "last_sales":"2022-02-18,8000.0,21평(71.81)",
            "rank_history":[
                [
                    "202203",
                    116
                ],
                [
                    "202202",
                    76
                ],
                [
                    "202201",
                    74
                ]
            ],
            "rank_gap":-40
        },
        {
            "index":47,
            "아파트명":"크라운",
            "투자타입":"재건축",
            "전용면적(m2)":"60.88",
            "전용면적(평)":"18평",
            "법정동주소":"경상남도 창원시 마산회원구 구암동 1345",
            "도로명주소":"경상남도 창원시 마산회원구 구암북12길 49",
            "세대수":0,
            "입주년차":"--",
            "용적률점수":0,
            "건폐율점수":0,
            "세대당주차수":"--",
            "난방방식":"--",
            "공급면적":50,
            "전용률":100,
            "욕실수":"--",
            "현관타입":"--",
            "주거총점":7.5,
            "지역구공급총점":0.0,
            "역세권":"NA",
            "30분내 이동가능 거점":"NA",
            "1시간내 이동가능 거점":"NA",
            "교통총점":"NA",
            "백화점":0,
            "아울렛몰":0,
            "대형마트":0,
            "은행":0,
            "병원":30,
            "종합병원":100,
            "공원":100,
            "혐오시설":0,
            "인프라총점":26.0,
            "초등학군":90.03,
            "중학군":38.58,
            "학군총점":48.87,
            "인구수":20.26,
            "인구증감":-18.69,
            "인구총점":8.575,
            "일자리":11.24,
            "소득수준":82.32,
            "일자리총점":32.564,
            "가치 총점":25.2425,
            "매매실거래년":20220125.0,
            "매매실거래가":12000.0,
            "전세실거래년":20211228.0,
            "전세실거래가":10000.0,
            "전세가율":83.33,
            "장기전세가율평균":75.61,
            "전세가율거품지수":-7.72,
            "검색코드":15494,
            "세대수":100.0,
            "준공년월":"1984-11-28",
            "준공년차":39.0,
            "가까운역이름":"NA",
            "가까운역거리":"NA",
            "역세권여부":"NA",
            "30분이내주요거점역":"NA",
            "30분거점역이름":"NA",
            "1시간이내주요거점역":"NA",
            "1시간거점역이름":"NA",
            "3km이내백화점수":0,
            "5km이내아울렛몰수":0,
            "1km이내대형먀트수":0,
            "500m이내은행수":1,
            "500m이내병원수":8,
            "5km이내대형병원수":2,
            "500m이내공원수":6,
            "3km이내혐오시설수":0,
            "초등학교학업성취도":90.03,
            "중학교학업성취도":62.7,
            "용적률":0,
            "건폐율":0,
            "Y":35.256619,
            "X":128.596625,
            "rank":117.0,
            "area_info":"18평(60.88)",
            "last_sales":"2022-01-25,12000.0,18평(60.88)",
            "rank_history":[
                [
                    "202203",
                    117
                ],
                [
                    "202202",
                    78
                ],
                [
                    "202201",
                    75
                ]
            ],
            "rank_gap":-39
        },
        {
            "index":26,
            "아파트명":"석보",
            "투자타입":"재건축",
            "전용면적(m2)":"49.3",
            "전용면적(평)":"14평",
            "법정동주소":"경상남도 창원시 마산회원구 구암동 13-7",
            "도로명주소":"경상남도 창원시 마산회원구 구암서6길 36",
            "세대수":0,
            "입주년차":"--",
            "용적률점수":0,
            "건폐율점수":0,
            "세대당주차수":"--",
            "난방방식":"--",
            "공급면적":50,
            "전용률":80,
            "욕실수":"--",
            "현관타입":"--",
            "주거총점":6.5,
            "지역구공급총점":0.0,
            "역세권":"NA",
            "30분내 이동가능 거점":"NA",
            "1시간내 이동가능 거점":"NA",
            "교통총점":"NA",
            "백화점":0,
            "아울렛몰":0,
            "대형마트":0,
            "은행":0,
            "병원":30,
            "종합병원":80,
            "공원":80,
            "혐오시설":0,
            "인프라총점":21.4,
            "초등학군":89.98,
            "중학군":48.66,
            "학군총점":56.924,
            "인구수":20.26,
            "인구증감":-18.69,
            "인구총점":8.575,
            "일자리":11.24,
            "소득수준":82.32,
            "일자리총점":32.564,
            "가치 총점":25.066,
            "매매실거래년":20220208.0,
            "매매실거래가":8300.0,
            "전세실거래년":20210818.0,
            "전세실거래가":5000.0,
            "전세가율":60.24,
            "장기전세가율평균":75.61,
            "전세가율거품지수":15.37,
            "검색코드":6490,
            "세대수":117.0,
            "준공년월":"1983-06-08",
            "준공년차":40.0,
            "가까운역이름":"NA",
            "가까운역거리":"NA",
            "역세권여부":"NA",
            "30분이내주요거점역":"NA",
            "30분거점역이름":"NA",
            "1시간이내주요거점역":"NA",
            "1시간거점역이름":"NA",
            "3km이내백화점수":0,
            "5km이내아울렛몰수":0,
            "1km이내대형먀트수":0,
            "500m이내은행수":0,
            "500m이내병원수":5,
            "5km이내대형병원수":1,
            "500m이내공원수":1,
            "3km이내혐오시설수":0,
            "초등학교학업성취도":89.98,
            "중학교학업성취도":77.9,
            "용적률":0,
            "건폐율":0,
            "Y":35.249298,
            "X":128.591549,
            "rank":118.0,
            "area_info":"14평(49.3), 17평(58.72)",
            "last_sales":"2022-02-08,8300.0,14평(49.3)",
            "rank_history":[
                [
                    "202203",
                    118
                ],
                [
                    "202202",
                    77
                ],
                [
                    "202201",
                    79
                ]
            ],
            "rank_gap":-41
        },
        {
            "index":48,
            "아파트명":"한성",
            "투자타입":"재건축",
            "전용면적(m2)":"62.19",
            "전용면적(평)":"18평",
            "법정동주소":"경상남도 창원시 마산회원구 구암동 1344",
            "도로명주소":"경상남도 창원시 마산회원구 구암북11길 60",
            "세대수":0,
            "입주년차":"--",
            "용적률점수":0,
            "건폐율점수":0,
            "세대당주차수":"--",
            "난방방식":"--",
            "공급면적":50,
            "전용률":80,
            "욕실수":"--",
            "현관타입":"--",
            "주거총점":6.5,
            "지역구공급총점":0.0,
            "역세권":"NA",
            "30분내 이동가능 거점":"NA",
            "1시간내 이동가능 거점":"NA",
            "교통총점":"NA",
            "백화점":0,
            "아울렛몰":0,
            "대형마트":0,
            "은행":0,
            "병원":30,
            "종합병원":100,
            "공원":100,
            "혐오시설":0,
            "인프라총점":26.0,
            "초등학군":90.03,
            "중학군":38.58,
            "학군총점":48.87,
            "인구수":20.26,
            "인구증감":-18.69,
            "인구총점":8.575,
            "일자리":11.24,
            "소득수준":82.32,
            "일자리총점":32.564,
            "가치 총점":24.8925,
            "매매실거래년":20220104.0,
            "매매실거래가":13600.0,
            "전세실거래년":20220219.0,
            "전세실거래가":9500.0,
            "전세가율":69.85,
            "장기전세가율평균":75.61,
            "전세가율거품지수":5.76,
            "검색코드":15495,
            "세대수":108.0,
            "준공년월":"1984-03-24",
            "준공년차":39.0,
            "가까운역이름":"NA",
            "가까운역거리":"NA",
            "역세권여부":"NA",
            "30분이내주요거점역":"NA",
            "30분거점역이름":"NA",
            "1시간이내주요거점역":"NA",
            "1시간거점역이름":"NA",
            "3km이내백화점수":0,
            "5km이내아울렛몰수":0,
            "1km이내대형먀트수":0,
            "500m이내은행수":1,
            "500m이내병원수":8,
            "5km이내대형병원수":2,
            "500m이내공원수":6,
            "3km이내혐오시설수":0,
            "초등학교학업성취도":90.03,
            "중학교학업성취도":62.7,
            "용적률":0,
            "건폐율":0,
            "Y":35.257008,
            "X":128.596452,
            "rank":119.0,
            "area_info":"18평(62.19)",
            "last_sales":"2022-01-04,13600.0,18평(62.19)",
            "rank_history":[
                [
                    "202203",
                    119
                ],
                [
                    "202202",
                    79
                ],
                [
                    "202201",
                    76
                ]
            ],
            "rank_gap":-40
        },
        {
            "index":43,
            "아파트명":"코리아타코마",
            "투자타입":"재건축",
            "전용면적(m2)":"43.78",
            "전용면적(평)":"13평",
            "법정동주소":"경상남도 창원시 마산회원구 구암동 20-7",
            "도로명주소":"경상남도 창원시 마산회원구 구암서1길 3",
            "세대수":0,
            "입주년차":"--",
            "용적률점수":0,
            "건폐율점수":0,
            "세대당주차수":"--",
            "난방방식":"--",
            "공급면적":50,
            "전용률":100,
            "욕실수":"--",
            "현관타입":"--",
            "주거총점":7.5,
            "지역구공급총점":0.0,
            "역세권":"NA",
            "30분내 이동가능 거점":"NA",
            "1시간내 이동가능 거점":"NA",
            "교통총점":"NA",
            "백화점":0,
            "아울렛몰":0,
            "대형마트":0,
            "은행":0,
            "병원":30,
            "종합병원":80,
            "공원":0,
            "혐오시설":0,
            "인프라총점":19.0,
            "초등학군":89.98,
            "중학군":48.66,
            "학군총점":56.924,
            "인구수":20.26,
            "인구증감":-18.69,
            "인구총점":8.575,
            "일자리":11.24,
            "소득수준":82.32,
            "일자리총점":32.564,
            "가치 총점":24.456,
            "매매실거래년":20201023.0,
            "매매실거래가":10900.0,
            "전세실거래년":20190511.0,
            "전세실거래가":7000.0,
            "전세가율":63.64,
            "장기전세가율평균":75.61,
            "전세가율거품지수":11.97,
            "검색코드":16639,
            "세대수":100.0,
            "준공년월":"1978-02-09",
            "준공년차":45.0,
            "가까운역이름":"NA",
            "가까운역거리":"NA",
            "역세권여부":"NA",
            "30분이내주요거점역":"NA",
            "30분거점역이름":"NA",
            "1시간이내주요거점역":"NA",
            "1시간거점역이름":"NA",
            "3km이내백화점수":0,
            "5km이내아울렛몰수":0,
            "1km이내대형먀트수":0,
            "500m이내은행수":0,
            "500m이내병원수":7,
            "5km이내대형병원수":1,
            "500m이내공원수":0,
            "3km이내혐오시설수":0,
            "초등학교학업성취도":89.98,
            "중학교학업성취도":77.9,
            "용적률":0,
            "건폐율":0,
            "Y":35.246788,
            "X":128.590039,
            "rank":120.0,
            "area_info":"13평(43.78), 13평(43.77), 13평(44.23), 18평(59.9)",
            "last_sales":"2020-10-23,10900.0,18평(59.9)",
            "rank_history":[
                [
                    "202203",
                    120
                ],
                [
                    "202202",
                    80
                ],
                [
                    "202201",
                    78
                ]
            ],
            "rank_gap":-40
        },
        {
            "index":38,
            "아파트명":"은하",
            "투자타입":"재건축",
            "전용면적(m2)":"55.41",
            "전용면적(평)":"16평",
            "법정동주소":"경상남도 창원시 마산회원구 구암동 14",
            "도로명주소":"경상남도 창원시 마산회원구 구암서5길 5",
            "세대수":0,
            "입주년차":"--",
            "용적률점수":0,
            "건폐율점수":0,
            "세대당주차수":"--",
            "난방방식":"--",
            "공급면적":50,
            "전용률":80,
            "욕실수":"--",
            "현관타입":"--",
            "주거총점":6.5,
            "지역구공급총점":0.0,
            "역세권":"NA",
            "30분내 이동가능 거점":"NA",
            "1시간내 이동가능 거점":"NA",
            "교통총점":"NA",
            "백화점":0,
            "아울렛몰":0,
            "대형마트":0,
            "은행":0,
            "병원":30,
            "종합병원":80,
            "공원":0,
            "혐오시설":0,
            "인프라총점":19.0,
            "초등학군":89.98,
            "중학군":48.66,
            "학군총점":56.924,
            "인구수":20.26,
            "인구증감":-18.69,
            "인구총점":8.575,
            "일자리":11.24,
            "소득수준":82.32,
            "일자리총점":32.564,
            "가치 총점":24.106,
            "매매실거래년":20200206.0,
            "매매실거래가":8200.0,
            "전세실거래년":20210302.0,
            "전세실거래가":6000.0,
            "전세가율":73.17,
            "장기전세가율평균":75.61,
            "전세가율거품지수":2.44,
            "검색코드":100981,
            "세대수":90.0,
            "준공년월":"1980-05-03",
            "준공년차":43.0,
            "가까운역이름":"NA",
            "가까운역거리":"NA",
            "역세권여부":"NA",
            "30분이내주요거점역":"NA",
            "30분거점역이름":"NA",
            "1시간이내주요거점역":"NA",
            "1시간거점역이름":"NA",
            "3km이내백화점수":0,
            "5km이내아울렛몰수":0,
            "1km이내대형먀트수":0,
            "500m이내은행수":0,
            "500m이내병원수":5,
            "5km이내대형병원수":1,
            "500m이내공원수":0,
            "3km이내혐오시설수":0,
            "초등학교학업성취도":89.98,
            "중학교학업성취도":77.9,
            "용적률":0,
            "건폐율":0,
            "Y":35.248519,
            "X":128.590412,
            "rank":121.0,
            "area_info":"16평(55.41), 16평(55.14), 20평(68.29)",
            "last_sales":"2020-02-06,8200.0,16평(55.41)",
            "rank_history":[
                [
                    "202203",
                    121
                ],
                [
                    "202202",
                    9999
                ]
            ],
            "rank_gap":9999
        },
        {
            "index":23,
            "아파트명":"산동",
            "투자타입":"재건축",
            "전용면적(m2)":"57.69",
            "전용면적(평)":"17평",
            "법정동주소":"경상남도 창원시 마산회원구 구암동 5-1",
            "도로명주소":"경상남도 창원시 마산회원구 구암남12길 63",
            "세대수":0,
            "입주년차":"--",
            "용적률점수":0,
            "건폐율점수":0,
            "세대당주차수":"--",
            "난방방식":"--",
            "공급면적":50,
            "전용률":80,
            "욕실수":"--",
            "현관타입":"--",
            "주거총점":6.5,
            "지역구공급총점":0.0,
            "역세권":"NA",
            "30분내 이동가능 거점":"NA",
            "1시간내 이동가능 거점":"NA",
            "교통총점":"NA",
            "백화점":0,
            "아울렛몰":0,
            "대형마트":0,
            "은행":0,
            "병원":10,
            "종합병원":100,
            "공원":80,
            "혐오시설":0,
            "인프라총점":23.4,
            "초등학군":90.0,
            "중학군":38.58,
            "학군총점":48.864,
            "인구수":20.26,
            "인구증감":-18.69,
            "인구총점":8.575,
            "일자리":11.24,
            "소득수준":82.32,
            "일자리총점":32.564,
            "가치 총점":23.851,
            "매매실거래년":20210416.0,
            "매매실거래가":6500.0,
            "전세실거래년":20190220.0,
            "전세실거래가":6000.0,
            "전세가율":104.35,
            "장기전세가율평균":75.61,
            "전세가율거품지수":-28.74,
            "검색코드":16638,
            "세대수":50.0,
            "준공년월":"1983-06-30",
            "준공년차":40.0,
            "가까운역이름":"NA",
            "가까운역거리":"NA",
            "역세권여부":"NA",
            "30분이내주요거점역":"NA",
            "30분거점역이름":"NA",
            "1시간이내주요거점역":"NA",
            "1시간거점역이름":"NA",
            "3km이내백화점수":0,
            "5km이내아울렛몰수":0,
            "1km이내대형먀트수":0,
            "500m이내은행수":1,
            "500m이내병원수":3,
            "5km이내대형병원수":2,
            "500m이내공원수":1,
            "3km이내혐오시설수":0,
            "초등학교학업성취도":90.0,
            "중학교학업성취도":62.7,
            "용적률":0,
            "건폐율":0,
            "Y":35.24966,
            "X":128.60265,
            "rank":122.0,
            "area_info":"17평(57.69), 17평(58.5), 18평(62.64)",
            "last_sales":"2021-04-16,6500.0,18평(62.64)",
            "rank_history":[
                [
                    "202203",
                    122
                ],
                [
                    "202202",
                    9999
                ]
            ],
            "rank_gap":9999
        },
        {
            "index":49,
            "아파트명":"한우",
            "투자타입":"재건축",
            "전용면적(m2)":"51.77",
            "전용면적(평)":"15평",
            "법정동주소":"경상남도 창원시 마산회원구 구암동 1337",
            "도로명주소":"경상남도 창원시 마산회원구 구암북12길 70",
            "세대수":0,
            "입주년차":"--",
            "용적률점수":0,
            "건폐율점수":0,
            "세대당주차수":"--",
            "난방방식":"--",
            "공급면적":50,
            "전용률":80,
            "욕실수":"--",
            "현관타입":"--",
            "주거총점":6.5,
            "지역구공급총점":0.0,
            "역세권":"NA",
            "30분내 이동가능 거점":"NA",
            "1시간내 이동가능 거점":"NA",
            "교통총점":"NA",
            "백화점":0,
            "아울렛몰":0,
            "대형마트":0,
            "은행":0,
            "병원":30,
            "종합병원":80,
            "공원":100,
            "혐오시설":0,
            "인프라총점":22.0,
            "초등학군":90.03,
            "중학군":38.58,
            "학군총점":48.87,
            "인구수":20.26,
            "인구증감":-18.69,
            "인구총점":8.575,
            "일자리":11.24,
            "소득수준":82.32,
            "일자리총점":32.564,
            "가치 총점":23.2925,
            "매매실거래년":20220209.0,
            "매매실거래가":12100.0,
            "전세실거래년":20220108.0,
            "전세실거래가":8500.0,
            "전세가율":70.25,
            "장기전세가율평균":75.61,
            "전세가율거품지수":5.36,
            "검색코드":6494,
            "세대수":120.0,
            "준공년월":"1985-05-09",
            "준공년차":38.0,
            "가까운역이름":"NA",
            "가까운역거리":"NA",
            "역세권여부":"NA",
            "30분이내주요거점역":"NA",
            "30분거점역이름":"NA",
            "1시간이내주요거점역":"NA",
            "1시간거점역이름":"NA",
            "3km이내백화점수":0,
            "5km이내아울렛몰수":0,
            "1km이내대형먀트수":0,
            "500m이내은행수":1,
            "500m이내병원수":8,
            "5km이내대형병원수":1,
            "500m이내공원수":4,
            "3km이내혐오시설수":0,
            "초등학교학업성취도":90.03,
            "중학교학업성취도":62.7,
            "용적률":0,
            "건폐율":0,
            "Y":35.257988,
            "X":128.596909,
            "rank":123.0,
            "area_info":"15평(51.77), 19평(64.14)",
            "last_sales":"2022-02-09,12100.0,15평(51.77)",
            "rank_history":[
                [
                    "202203",
                    123
                ],
                [
                    "202202",
                    81
                ],
                [
                    "202201",
                    81
                ]
            ],
            "rank_gap":-42
        }
    ]
}