{
    "schema":{
        "fields":[
            {
                "name":"index",
                "type":"integer"
            },
            {
                "name":"아파트명",
                "type":"string"
            },
            {
                "name":"투자타입",
                "type":"string"
            },
            {
                "name":"전용면적(m2)",
                "type":"string"
            },
            {
                "name":"전용면적(평)",
                "type":"string"
            },
            {
                "name":"법정동주소",
                "type":"string"
            },
            {
                "name":"도로명주소",
                "type":"string"
            },
            {
                "name":"세대수",
                "type":"integer"
            },
            {
                "name":"입주년차",
                "type":"string"
            },
            {
                "name":"용적률점수",
                "type":"string"
            },
            {
                "name":"건폐율점수",
                "type":"string"
            },
            {
                "name":"세대당주차수",
                "type":"string"
            },
            {
                "name":"난방방식",
                "type":"string"
            },
            {
                "name":"공급면적",
                "type":"string"
            },
            {
                "name":"전용률",
                "type":"string"
            },
            {
                "name":"욕실수",
                "type":"string"
            },
            {
                "name":"현관타입",
                "type":"string"
            },
            {
                "name":"주거총점",
                "type":"number"
            },
            {
                "name":"지역구공급총점",
                "type":"number"
            },
            {
                "name":"역세권",
                "type":"string"
            },
            {
                "name":"30분내 이동가능 거점",
                "type":"string"
            },
            {
                "name":"1시간내 이동가능 거점",
                "type":"string"
            },
            {
                "name":"교통총점",
                "type":"string"
            },
            {
                "name":"백화점",
                "type":"integer"
            },
            {
                "name":"아울렛몰",
                "type":"integer"
            },
            {
                "name":"대형마트",
                "type":"integer"
            },
            {
                "name":"은행",
                "type":"integer"
            },
            {
                "name":"병원",
                "type":"integer"
            },
            {
                "name":"종합병원",
                "type":"integer"
            },
            {
                "name":"공원",
                "type":"integer"
            },
            {
                "name":"혐오시설",
                "type":"integer"
            },
            {
                "name":"인프라총점",
                "type":"number"
            },
            {
                "name":"초등학군",
                "type":"number"
            },
            {
                "name":"중학군",
                "type":"number"
            },
            {
                "name":"학군총점",
                "type":"number"
            },
            {
                "name":"인구수",
                "type":"number"
            },
            {
                "name":"인구증감",
                "type":"number"
            },
            {
                "name":"인구총점",
                "type":"number"
            },
            {
                "name":"일자리",
                "type":"number"
            },
            {
                "name":"소득수준",
                "type":"number"
            },
            {
                "name":"일자리총점",
                "type":"number"
            },
            {
                "name":"가치 총점",
                "type":"number"
            },
            {
                "name":"매매실거래년",
                "type":"string"
            },
            {
                "name":"매매실거래가",
                "type":"number"
            },
            {
                "name":"전세실거래년",
                "type":"number"
            },
            {
                "name":"전세실거래가",
                "type":"number"
            },
            {
                "name":"전세가율",
                "type":"number"
            },
            {
                "name":"장기전세가율평균",
                "type":"number"
            },
            {
                "name":"전세가율거품지수",
                "type":"number"
            },
            {
                "name":"검색코드",
                "type":"integer"
            },
            {
                "name":"세대수",
                "type":"number"
            },
            {
                "name":"준공년월",
                "type":"string"
            },
            {
                "name":"준공년차",
                "type":"number"
            },
            {
                "name":"가까운역이름",
                "type":"string"
            },
            {
                "name":"가까운역거리",
                "type":"string"
            },
            {
                "name":"역세권여부",
                "type":"string"
            },
            {
                "name":"30분이내주요거점역",
                "type":"string"
            },
            {
                "name":"30분거점역이름",
                "type":"string"
            },
            {
                "name":"1시간이내주요거점역",
                "type":"string"
            },
            {
                "name":"1시간거점역이름",
                "type":"string"
            },
            {
                "name":"3km이내백화점수",
                "type":"integer"
            },
            {
                "name":"5km이내아울렛몰수",
                "type":"integer"
            },
            {
                "name":"1km이내대형먀트수",
                "type":"integer"
            },
            {
                "name":"500m이내은행수",
                "type":"integer"
            },
            {
                "name":"500m이내병원수",
                "type":"integer"
            },
            {
                "name":"5km이내대형병원수",
                "type":"integer"
            },
            {
                "name":"500m이내공원수",
                "type":"integer"
            },
            {
                "name":"3km이내혐오시설수",
                "type":"integer"
            },
            {
                "name":"초등학교학업성취도",
                "type":"number"
            },
            {
                "name":"중학교학업성취도",
                "type":"number"
            },
            {
                "name":"용적률",
                "type":"integer"
            },
            {
                "name":"건폐율",
                "type":"integer"
            },
            {
                "name":"Y",
                "type":"number"
            },
            {
                "name":"X",
                "type":"number"
            },
            {
                "name":"rank",
                "type":"number"
            },
            {
                "name":"area_info",
                "type":"string"
            },
            {
                "name":"last_sales",
                "type":"string"
            },
            {
                "name":"rank_history",
                "type":"string"
            },
            {
                "name":"rank_gap",
                "type":"integer"
            }
        ],
        "primaryKey":[
            "index"
        ],
        "pandas_version":"1.4.0"
    },
    "data":[
        {
            "index":348,
            "아파트명":"은아",
            "투자타입":"재건축",
            "전용면적(m2)":"68.79",
            "전용면적(평)":"20평",
            "법정동주소":"경상남도 창원시 성산구 신월동 93",
            "도로명주소":"경상남도 창원시 성산구 원이대로 663",
            "세대수":100,
            "입주년차":"--",
            "용적률점수":100,
            "건폐율점수":80,
            "세대당주차수":"--",
            "난방방식":"--",
            "공급면적":50,
            "전용률":80,
            "욕실수":"--",
            "현관타입":"--",
            "주거총점":92.5,
            "지역구공급총점":100.0,
            "역세권":"NA",
            "30분내 이동가능 거점":"NA",
            "1시간내 이동가능 거점":"NA",
            "교통총점":"NA",
            "백화점":100,
            "아울렛몰":0,
            "대형마트":100,
            "은행":70,
            "병원":100,
            "종합병원":100,
            "공원":0,
            "혐오시설":0,
            "인프라총점":82.0,
            "초등학군":90.01,
            "중학군":47.92,
            "학군총점":56.338,
            "인구수":29.3,
            "인구증감":79.91,
            "인구총점":44.483,
            "일자리":14.8,
            "소득수준":82.32,
            "일자리총점":35.056,
            "가치 총점":79.2595,
            "매매실거래년":20201026.0,
            "매매실거래가":90000.0,
            "전세실거래년":null,
            "전세실거래가":null,
            "전세가율":null,
            "장기전세가율평균":68.76,
            "전세가율거품지수":null,
            "검색코드":7847,
            "세대수":1550.0,
            "준공년월":"1988-07-21",
            "준공년차":35.0,
            "가까운역이름":"NA",
            "가까운역거리":"NA",
            "역세권여부":"NA",
            "30분이내주요거점역":"NA",
            "30분거점역이름":"NA",
            "1시간이내주요거점역":"NA",
            "1시간거점역이름":"NA",
            "3km이내백화점수":1,
            "5km이내아울렛몰수":0,
            "1km이내대형먀트수":3,
            "500m이내은행수":3,
            "500m이내병원수":82,
            "5km이내대형병원수":4,
            "500m이내공원수":0,
            "3km이내혐오시설수":0,
            "초등학교학업성취도":90.01,
            "중학교학업성취도":78.4,
            "용적률":132,
            "건폐율":27,
            "Y":35.225148,
            "X":128.687286,
            "rank":1.0,
            "area_info":"20평(68.79), 21평(70.25), 25평(84.86), 27평(90.96), 29평(96.73), 29평(96.61), 38평(125.97), 45평(150.18), 57평(189.11)",
            "last_sales":"2020-10-26,90000.0,57평(189.11)",
            "rank_history":[
                [
                    "202203",
                    1
                ],
                [
                    "202202",
                    1
                ],
                [
                    "202201",
                    1
                ]
            ],
            "rank_gap":0
        },
        {
            "index":446,
            "아파트명":"용지아이파크",
            "투자타입":"일반",
            "전용면적(m2)":"85.28",
            "전용면적(평)":"25평",
            "법정동주소":"경상남도 창원시 성산구 용호동 70",
            "도로명주소":"경상남도 창원시 성산구 원이대로579번길 13",
            "세대수":90,
            "입주년차":80,
            "용적률점수":"--",
            "건폐율점수":"--",
            "세대당주차수":60,
            "난방방식":30,
            "공급면적":"--",
            "전용률":"--",
            "욕실수":100,
            "현관타입":100,
            "주거총점":79.5,
            "지역구공급총점":100.0,
            "역세권":"NA",
            "30분내 이동가능 거점":"NA",
            "1시간내 이동가능 거점":"NA",
            "교통총점":"NA",
            "백화점":100,
            "아울렛몰":0,
            "대형마트":100,
            "은행":100,
            "병원":80,
            "종합병원":100,
            "공원":100,
            "혐오시설":0,
            "인프라총점":86.0,
            "초등학군":90.01,
            "중학군":57.5,
            "학군총점":64.002,
            "인구수":29.3,
            "인구증감":79.91,
            "인구총점":44.483,
            "일자리":14.8,
            "소득수준":82.32,
            "일자리총점":35.056,
            "가치 총점":78.2255,
            "매매실거래년":20210904.0,
            "매매실거래가":155500.0,
            "전세실거래년":20210512.0,
            "전세실거래가":55000.0,
            "전세가율":81.48,
            "장기전세가율평균":68.76,
            "전세가율거품지수":-12.72,
            "검색코드":109465,
            "세대수":1036.0,
            "준공년월":"2017-06-29",
            "준공년차":6.0,
            "가까운역이름":"NA",
            "가까운역거리":"NA",
            "역세권여부":"NA",
            "30분이내주요거점역":"NA",
            "30분거점역이름":"NA",
            "1시간이내주요거점역":"NA",
            "1시간거점역이름":"NA",
            "3km이내백화점수":1,
            "5km이내아울렛몰수":0,
            "1km이내대형먀트수":3,
            "500m이내은행수":5,
            "500m이내병원수":45,
            "5km이내대형병원수":4,
            "500m이내공원수":3,
            "3km이내혐오시설수":0,
            "초등학교학업성취도":90.01,
            "중학교학업성취도":86.5,
            "용적률":209,
            "건폐율":12,
            "Y":35.230528,
            "X":128.678886,
            "rank":2.0,
            "area_info":"25평(85.28), 34평(113.9), 34평(113.61), 39평(130.04), 43평(144.67), 47평(157.94)",
            "last_sales":"2021-09-04,155500.0,43평(144.67)",
            "rank_history":[
                [
                    "202203",
                    2
                ],
                [
                    "202202",
                    2
                ],
                [
                    "202201",
                    2
                ]
            ],
            "rank_gap":0
        },
        {
            "index":268,
            "아파트명":"동양무궁화",
            "투자타입":"재건축",
            "전용면적(m2)":"61.05",
            "전용면적(평)":"18평",
            "법정동주소":"경상남도 창원시 성산구 사파동 148",
            "도로명주소":"경상남도 창원시 성산구 동산로 148",
            "세대수":80,
            "입주년차":"--",
            "용적률점수":100,
            "건폐율점수":80,
            "세대당주차수":"--",
            "난방방식":"--",
            "공급면적":50,
            "전용률":80,
            "욕실수":"--",
            "현관타입":"--",
            "주거총점":86.5,
            "지역구공급총점":100.0,
            "역세권":"NA",
            "30분내 이동가능 거점":"NA",
            "1시간내 이동가능 거점":"NA",
            "교통총점":"NA",
            "백화점":100,
            "아울렛몰":0,
            "대형마트":80,
            "은행":70,
            "병원":80,
            "종합병원":100,
            "공원":80,
            "혐오시설":0,
            "인프라총점":79.4,
            "초등학군":90.01,
            "중학군":47.92,
            "학군총점":56.338,
            "인구수":29.3,
            "인구증감":79.91,
            "인구총점":44.483,
            "일자리":14.8,
            "소득수준":82.32,
            "일자리총점":35.056,
            "가치 총점":76.1195,
            "매매실거래년":20211115.0,
            "매매실거래가":43000.0,
            "전세실거래년":20220211.0,
            "전세실거래가":10500.0,
            "전세가율":30.88,
            "장기전세가율평균":68.76,
            "전세가율거품지수":37.88,
            "검색코드":7781,
            "세대수":770.0,
            "준공년월":"1988-02-05",
            "준공년차":35.0,
            "가까운역이름":"NA",
            "가까운역거리":"NA",
            "역세권여부":"NA",
            "30분이내주요거점역":"NA",
            "30분거점역이름":"NA",
            "1시간이내주요거점역":"NA",
            "1시간거점역이름":"NA",
            "3km이내백화점수":1,
            "5km이내아울렛몰수":0,
            "1km이내대형먀트수":1,
            "500m이내은행수":3,
            "500m이내병원수":42,
            "5km이내대형병원수":4,
            "500m이내공원수":1,
            "3km이내혐오시설수":0,
            "초등학교학업성취도":90.01,
            "중학교학업성취도":78.4,
            "용적률":142,
            "건폐율":28,
            "Y":35.220553,
            "X":128.693179,
            "rank":3.0,
            "area_info":"18평(61.05), 20평(68.38), 21평(70.75)",
            "last_sales":"2021-11-15,43000.0,21평(70.75)",
            "rank_history":[
                [
                    "202203",
                    3
                ],
                [
                    "202202",
                    3
                ],
                [
                    "202201",
                    7
                ]
            ],
            "rank_gap":0
        },
        {
            "index":293,
            "아파트명":"대우",
            "투자타입":"재건축",
            "전용면적(m2)":"44.35",
            "전용면적(평)":"13평",
            "법정동주소":"경상남도 창원시 성산구 상남동 63",
            "도로명주소":"경상남도 창원시 성산구 상남로 48",
            "세대수":50,
            "입주년차":"--",
            "용적률점수":100,
            "건폐율점수":80,
            "세대당주차수":"--",
            "난방방식":"--",
            "공급면적":50,
            "전용률":80,
            "욕실수":"--",
            "현관타입":"--",
            "주거총점":77.5,
            "지역구공급총점":100.0,
            "역세권":"NA",
            "30분내 이동가능 거점":"NA",
            "1시간내 이동가능 거점":"NA",
            "교통총점":"NA",
            "백화점":100,
            "아울렛몰":0,
            "대형마트":100,
            "은행":100,
            "병원":80,
            "종합병원":100,
            "공원":80,
            "혐오시설":0,
            "인프라총점":85.4,
            "초등학군":89.99,
            "중학군":48.06,
            "학군총점":56.446,
            "인구수":29.3,
            "인구증감":79.91,
            "인구총점":44.483,
            "일자리":14.8,
            "소득수준":82.32,
            "일자리총점":35.056,
            "가치 총점":75.3965,
            "매매실거래년":20220122.0,
            "매매실거래가":33400.0,
            "전세실거래년":20220210.0,
            "전세실거래가":5000.0,
            "전세가율":14.97,
            "장기전세가율평균":68.76,
            "전세가율거품지수":53.79,
            "검색코드":7789,
            "세대수":680.0,
            "준공년월":"1985-12-26",
            "준공년차":38.0,
            "가까운역이름":"NA",
            "가까운역거리":"NA",
            "역세권여부":"NA",
            "30분이내주요거점역":"NA",
            "30분거점역이름":"NA",
            "1시간이내주요거점역":"NA",
            "1시간거점역이름":"NA",
            "3km이내백화점수":1,
            "5km이내아울렛몰수":0,
            "1km이내대형먀트수":3,
            "500m이내은행수":10,
            "500m이내병원수":33,
            "5km이내대형병원수":4,
            "500m이내공원수":1,
            "3km이내혐오시설수":0,
            "초등학교학업성취도":89.99,
            "중학교학업성취도":80.1,
            "용적률":133,
            "건폐율":27,
            "Y":35.217924,
            "X":128.679877,
            "rank":4.0,
            "area_info":"13평(44.35), 15평(51.53), 17평(56.8), 17평(59.03), 20평(66.74), 24평(82.61), 39평(130.0)",
            "last_sales":"2022-01-22,33400.0,13평(44.35)",
            "rank_history":[
                [
                    "202203",
                    4
                ],
                [
                    "202202",
                    4
                ],
                [
                    "202201",
                    4
                ]
            ],
            "rank_gap":0
        },
        {
            "index":443,
            "아파트명":"용지무학",
            "투자타입":"재건축",
            "전용면적(m2)":"60.44",
            "전용면적(평)":"18평",
            "법정동주소":"경상남도 창원시 성산구 용호동 67-2",
            "도로명주소":"경상남도 창원시 성산구 외동반림로 200",
            "세대수":90,
            "입주년차":"--",
            "용적률점수":100,
            "건폐율점수":80,
            "세대당주차수":"--",
            "난방방식":"--",
            "공급면적":50,
            "전용률":80,
            "욕실수":"--",
            "현관타입":"--",
            "주거총점":89.5,
            "지역구공급총점":100.0,
            "역세권":"NA",
            "30분내 이동가능 거점":"NA",
            "1시간내 이동가능 거점":"NA",
            "교통총점":"NA",
            "백화점":100,
            "아울렛몰":0,
            "대형마트":100,
            "은행":0,
            "병원":10,
            "종합병원":100,
            "공원":80,
            "혐오시설":0,
            "인프라총점":68.4,
            "초등학군":90.01,
            "중학군":57.5,
            "학군총점":64.002,
            "인구수":29.3,
            "인구증감":79.91,
            "인구총점":44.483,
            "일자리":14.8,
            "소득수준":82.32,
            "일자리총점":35.056,
            "가치 총점":74.6855,
            "매매실거래년":20211109.0,
            "매매실거래가":47000.0,
            "전세실거래년":20220216.0,
            "전세실거래가":12500.0,
            "전세가율":37.88,
            "장기전세가율평균":68.76,
            "전세가율거품지수":30.88,
            "검색코드":16836,
            "세대수":1040.0,
            "준공년월":"1987-10-31",
            "준공년차":36.0,
            "가까운역이름":"NA",
            "가까운역거리":"NA",
            "역세권여부":"NA",
            "30분이내주요거점역":"NA",
            "30분거점역이름":"NA",
            "1시간이내주요거점역":"NA",
            "1시간거점역이름":"NA",
            "3km이내백화점수":1,
            "5km이내아울렛몰수":0,
            "1km이내대형먀트수":2,
            "500m이내은행수":1,
            "500m이내병원수":2,
            "5km이내대형병원수":4,
            "500m이내공원수":1,
            "3km이내혐오시설수":0,
            "초등학교학업성취도":90.01,
            "중학교학업성취도":86.5,
            "용적률":132,
            "건폐율":26,
            "Y":35.235,
            "X":128.677777,
            "rank":5.0,
            "area_info":"18평(60.44), 18평(60.29), 20평(66.86)",
            "last_sales":"2021-11-09,47000.0,20평(66.86)",
            "rank_history":[
                [
                    "202203",
                    5
                ],
                [
                    "202202",
                    5
                ],
                [
                    "202201",
                    3
                ]
            ],
            "rank_gap":0
        },
        {
            "index":243,
            "아파트명":"현대2차",
            "투자타입":"재건축",
            "전용면적(m2)":"57.38",
            "전용면적(평)":"17평",
            "법정동주소":"경상남도 창원시 성산구 반림동 4-1",
            "도로명주소":"경상남도 창원시 성산구 반송로 177",
            "세대수":90,
            "입주년차":"--",
            "용적률점수":60,
            "건폐율점수":100,
            "세대당주차수":"--",
            "난방방식":"--",
            "공급면적":50,
            "전용률":60,
            "욕실수":"--",
            "현관타입":"--",
            "주거총점":76.5,
            "지역구공급총점":100.0,
            "역세권":"NA",
            "30분내 이동가능 거점":"NA",
            "1시간내 이동가능 거점":"NA",
            "교통총점":"NA",
            "백화점":100,
            "아울렛몰":0,
            "대형마트":100,
            "은행":20,
            "병원":60,
            "종합병원":100,
            "공원":80,
            "혐오시설":0,
            "인프라총점":75.4,
            "초등학군":90.01,
            "중학군":56.4,
            "학군총점":63.122,
            "인구수":29.3,
            "인구증감":79.91,
            "인구총점":44.483,
            "일자리":14.8,
            "소득수준":82.32,
            "일자리총점":35.056,
            "가치 총점":72.7155,
            "매매실거래년":20220127.0,
            "매매실거래가":39900.0,
            "전세실거래년":20220214.0,
            "전세실거래가":14000.0,
            "전세가율":61.4,
            "장기전세가율평균":68.76,
            "전세가율거품지수":7.36,
            "검색코드":100902,
            "세대수":1395.0,
            "준공년월":"1989-10-17",
            "준공년차":34.0,
            "가까운역이름":"NA",
            "가까운역거리":"NA",
            "역세권여부":"NA",
            "30분이내주요거점역":"NA",
            "30분거점역이름":"NA",
            "1시간이내주요거점역":"NA",
            "1시간거점역이름":"NA",
            "3km이내백화점수":1,
            "5km이내아울렛몰수":0,
            "1km이내대형먀트수":2,
            "500m이내은행수":2,
            "500m이내병원수":18,
            "5km이내대형병원수":3,
            "500m이내공원수":1,
            "3km이내혐오시설수":0,
            "초등학교학업성취도":90.01,
            "중학교학업성취도":91.2,
            "용적률":199,
            "건폐율":14,
            "Y":35.237196,
            "X":128.675093,
            "rank":6.0,
            "area_info":"17평(57.38), 26평(86.04), 30평(101.92), 46평(153.24)",
            "last_sales":"2022-01-27,39900.0,26평(86.04)",
            "rank_history":[
                [
                    "202203",
                    6
                ],
                [
                    "202202",
                    6
                ],
                [
                    "202201",
                    6
                ]
            ],
            "rank_gap":0
        },
        {
            "index":104,
            "아파트명":"우성",
            "투자타입":"재건축",
            "전용면적(m2)":"83.38",
            "전용면적(평)":"25평",
            "법정동주소":"경상남도 창원시 성산구 남양동 17",
            "도로명주소":"경상남도 창원시 성산구 대암로 22",
            "세대수":80,
            "입주년차":"--",
            "용적률점수":80,
            "건폐율점수":100,
            "세대당주차수":"--",
            "난방방식":"--",
            "공급면적":70,
            "전용률":80,
            "욕실수":"--",
            "현관타입":"--",
            "주거총점":83.5,
            "지역구공급총점":100.0,
            "역세권":"NA",
            "30분내 이동가능 거점":"NA",
            "1시간내 이동가능 거점":"NA",
            "교통총점":"NA",
            "백화점":100,
            "아울렛몰":0,
            "대형마트":80,
            "은행":0,
            "병원":60,
            "종합병원":100,
            "공원":100,
            "혐오시설":0,
            "인프라총점":71.0,
            "초등학군":89.99,
            "중학군":45.56,
            "학군총점":54.446,
            "인구수":29.3,
            "인구증감":79.91,
            "인구총점":44.483,
            "일자리":14.8,
            "소득수준":82.32,
            "일자리총점":35.056,
            "가치 총점":71.2365,
            "매매실거래년":20211209.0,
            "매매실거래가":39900.0,
            "전세실거래년":20220214.0,
            "전세실거래가":25000.0,
            "전세가율":102.88,
            "장기전세가율평균":68.76,
            "전세가율거품지수":-34.12,
            "검색코드":7646,
            "세대수":750.0,
            "준공년월":"1989-12-22",
            "준공년차":34.0,
            "가까운역이름":"NA",
            "가까운역거리":"NA",
            "역세권여부":"NA",
            "30분이내주요거점역":"NA",
            "30분거점역이름":"NA",
            "1시간이내주요거점역":"NA",
            "1시간거점역이름":"NA",
            "3km이내백화점수":1,
            "5km이내아울렛몰수":0,
            "1km이내대형먀트수":1,
            "500m이내은행수":1,
            "500m이내병원수":19,
            "5km이내대형병원수":3,
            "500m이내공원수":3,
            "3km이내혐오시설수":0,
            "초등학교학업성취도":89.99,
            "중학교학업성취도":75.2,
            "용적률":179,
            "건폐율":14,
            "Y":35.213208,
            "X":128.699135,
            "rank":7.0,
            "area_info":"25평(83.38), 26평(88.98), 30평(99.77)",
            "last_sales":"2021-12-09,39900.0,30평(99.77)",
            "rank_history":[
                [
                    "202203",
                    7
                ],
                [
                    "202202",
                    7
                ],
                [
                    "202201",
                    5
                ]
            ],
            "rank_gap":0
        },
        {
            "index":438,
            "아파트명":"용지더샵레이크파크",
            "투자타입":"일반",
            "전용면적(m2)":"85.88",
            "전용면적(평)":"25평",
            "법정동주소":"경상남도 창원시 성산구 용호동 69",
            "도로명주소":"경상남도 창원시 성산구 외동반림로 156",
            "세대수":80,
            "입주년차":80,
            "용적률점수":"--",
            "건폐율점수":"--",
            "세대당주차수":60,
            "난방방식":30,
            "공급면적":"--",
            "전용률":"--",
            "욕실수":100,
            "현관타입":100,
            "주거총점":76.0,
            "지역구공급총점":100.0,
            "역세권":"NA",
            "30분내 이동가능 거점":"NA",
            "1시간내 이동가능 거점":"NA",
            "교통총점":"NA",
            "백화점":100,
            "아울렛몰":0,
            "대형마트":100,
            "은행":0,
            "병원":30,
            "종합병원":100,
            "공원":100,
            "혐오시설":0,
            "인프라총점":71.0,
            "초등학군":90.01,
            "중학군":57.5,
            "학군총점":64.002,
            "인구수":29.3,
            "인구증감":79.91,
            "인구총점":44.483,
            "일자리":14.8,
            "소득수준":82.32,
            "일자리총점":35.056,
            "가치 총점":71.0005,
            "매매실거래년":20211227.0,
            "매매실거래가":142500.0,
            "전세실거래년":20220219.0,
            "전세실거래가":31500.0,
            "전세가율":39.38,
            "장기전세가율평균":68.76,
            "전세가율거품지수":29.38,
            "검색코드":112307,
            "세대수":883.0,
            "준공년월":"2017-11-17",
            "준공년차":6.0,
            "가까운역이름":"NA",
            "가까운역거리":"NA",
            "역세권여부":"NA",
            "30분이내주요거점역":"NA",
            "30분거점역이름":"NA",
            "1시간이내주요거점역":"NA",
            "1시간거점역이름":"NA",
            "3km이내백화점수":1,
            "5km이내아울렛몰수":0,
            "1km이내대형먀트수":3,
            "500m이내은행수":1,
            "500m이내병원수":8,
            "5km이내대형병원수":4,
            "500m이내공원수":2,
            "3km이내혐오시설수":0,
            "초등학교학업성취도":90.01,
            "중학교학업성취도":86.5,
            "용적률":210,
            "건폐율":13,
            "Y":35.23205,
            "X":128.675036,
            "rank":8.0,
            "area_info":"25평(85.88), 34평(112.74), 34평(113.71), 39평(130.18), 44평(147.36)",
            "last_sales":"2021-12-27,142500.0,39평(130.18)",
            "rank_history":[
                [
                    "202203",
                    8
                ],
                [
                    "202202",
                    10
                ],
                [
                    "202201",
                    8
                ]
            ],
            "rank_gap":2
        },
        {
            "index":223,
            "아파트명":"트리비앙",
            "투자타입":"일반",
            "전용면적(m2)":"85.11",
            "전용면적(평)":"25평",
            "법정동주소":"경상남도 창원시 성산구 반림동 18",
            "도로명주소":"경상남도 창원시 성산구 원이대로 495",
            "세대수":100,
            "입주년차":40,
            "용적률점수":"--",
            "건폐율점수":"--",
            "세대당주차수":30,
            "난방방식":30,
            "공급면적":"--",
            "전용률":"--",
            "욕실수":100,
            "현관타입":100,
            "주거총점":70.5,
            "지역구공급총점":100.0,
            "역세권":"NA",
            "30분내 이동가능 거점":"NA",
            "1시간내 이동가능 거점":"NA",
            "교통총점":"NA",
            "백화점":100,
            "아울렛몰":0,
            "대형마트":100,
            "은행":20,
            "병원":60,
            "종합병원":100,
            "공원":80,
            "혐오시설":0,
            "인프라총점":75.4,
            "초등학군":90.01,
            "중학군":56.4,
            "학군총점":63.122,
            "인구수":29.3,
            "인구증감":79.91,
            "인구총점":44.483,
            "일자리":14.8,
            "소득수준":82.32,
            "일자리총점":35.056,
            "가치 총점":70.6155,
            "매매실거래년":20220207.0,
            "매매실거래가":62000.0,
            "전세실거래년":20220204.0,
            "전세실거래가":40000.0,
            "전세가율":71.81,
            "장기전세가율평균":68.76,
            "전세가율거품지수":-3.05,
            "검색코드":19740,
            "세대수":2610.0,
            "준공년월":"2006-10-20",
            "준공년차":17.0,
            "가까운역이름":"NA",
            "가까운역거리":"NA",
            "역세권여부":"NA",
            "30분이내주요거점역":"NA",
            "30분거점역이름":"NA",
            "1시간이내주요거점역":"NA",
            "1시간거점역이름":"NA",
            "3km이내백화점수":1,
            "5km이내아울렛몰수":0,
            "1km이내대형먀트수":2,
            "500m이내은행수":2,
            "500m이내병원수":23,
            "5km이내대형병원수":3,
            "500m이내공원수":1,
            "3km이내혐오시설수":0,
            "초등학교학업성취도":90.01,
            "중학교학업성취도":91.2,
            "용적률":254,
            "건폐율":17,
            "Y":35.234602,
            "X":128.672309,
            "rank":9.0,
            "area_info":"25평(85.11), 27평(89.29), 29평(98.92), 31평(102.98), 30평(102.2), 30평(102.45), 34평(113.84), 34평(113.93), 34평(113.74), 39평(131.7), 49평(164.16), 49평(164.1), 56평(188.01)",
            "last_sales":"2022-02-07,62000.0,34평(113.84)",
            "rank_history":[
                [
                    "202203",
                    9
                ],
                [
                    "202202",
                    9
                ],
                [
                    "202201",
                    10
                ]
            ],
            "rank_gap":0
        },
        {
            "index":236,
            "아파트명":"현대",
            "투자타입":"재건축",
            "전용면적(m2)":"84.32",
            "전용면적(평)":"25평",
            "법정동주소":"경상남도 창원시 성산구 반림동 3-1",
            "도로명주소":"경상남도 창원시 성산구 외동반림로 219",
            "세대수":90,
            "입주년차":"--",
            "용적률점수":60,
            "건폐율점수":100,
            "세대당주차수":"--",
            "난방방식":"--",
            "공급면적":70,
            "전용률":80,
            "욕실수":"--",
            "현관타입":"--",
            "주거총점":78.5,
            "지역구공급총점":100.0,
            "역세권":"NA",
            "30분내 이동가능 거점":"NA",
            "1시간내 이동가능 거점":"NA",
            "교통총점":"NA",
            "백화점":100,
            "아울렛몰":0,
            "대형마트":100,
            "은행":0,
            "병원":30,
            "종합병원":100,
            "공원":80,
            "혐오시설":0,
            "인프라총점":70.4,
            "초등학군":90.01,
            "중학군":52.14,
            "학군총점":59.714,
            "인구수":29.3,
            "인구증감":79.91,
            "인구총점":44.483,
            "일자리":14.8,
            "소득수준":82.32,
            "일자리총점":35.056,
            "가치 총점":70.5635,
            "매매실거래년":20220211.0,
            "매매실거래가":58000.0,
            "전세실거래년":20220212.0,
            "전세실거래가":16800.0,
            "전세가율":50.6,
            "장기전세가율평균":68.76,
            "전세가율거품지수":18.16,
            "검색코드":7743,
            "세대수":1200.0,
            "준공년월":"1989-04-28",
            "준공년차":34.0,
            "가까운역이름":"NA",
            "가까운역거리":"NA",
            "역세권여부":"NA",
            "30분이내주요거점역":"NA",
            "30분거점역이름":"NA",
            "1시간이내주요거점역":"NA",
            "1시간거점역이름":"NA",
            "3km이내백화점수":1,
            "5km이내아울렛몰수":0,
            "1km이내대형먀트수":2,
            "500m이내은행수":1,
            "500m이내병원수":7,
            "5km이내대형병원수":3,
            "500m이내공원수":1,
            "3km이내혐오시설수":0,
            "초등학교학업성취도":90.01,
            "중학교학업성취도":84.5,
            "용적률":182,
            "건폐율":13,
            "Y":35.238135,
            "X":128.676518,
            "rank":10.0,
            "area_info":"25평(84.32), 25평(85.77), 31평(102.79), 30평(102.4), 37평(124.39), 44평(145.46), 44평(147.69)",
            "last_sales":"2022-02-11,58000.0,44평(145.46)",
            "rank_history":[
                [
                    "202203",
                    10
                ],
                [
                    "202202",
                    8
                ],
                [
                    "202201",
                    11
                ]
            ],
            "rank_gap":-2
        },
        {
            "index":279,
            "아파트명":"삼익2차",
            "투자타입":"재건축",
            "전용면적(m2)":"50.85",
            "전용면적(평)":"15평",
            "법정동주소":"경상남도 창원시 성산구 사파동 147",
            "도로명주소":"경상남도 창원시 성산구 원이대로773번길 13",
            "세대수":50,
            "입주년차":"--",
            "용적률점수":100,
            "건폐율점수":40,
            "세대당주차수":"--",
            "난방방식":"--",
            "공급면적":50,
            "전용률":80,
            "욕실수":"--",
            "현관타입":"--",
            "주거총점":69.5,
            "지역구공급총점":100.0,
            "역세권":"NA",
            "30분내 이동가능 거점":"NA",
            "1시간내 이동가능 거점":"NA",
            "교통총점":"NA",
            "백화점":100,
            "아울렛몰":0,
            "대형마트":80,
            "은행":70,
            "병원":80,
            "종합병원":100,
            "공원":100,
            "혐오시설":0,
            "인프라총점":80.0,
            "초등학군":90.02,
            "중학군":45.56,
            "학군총점":54.452,
            "인구수":29.3,
            "인구증감":79.91,
            "인구총점":44.483,
            "일자리":14.8,
            "소득수준":82.32,
            "일자리총점":35.056,
            "가치 총점":69.938,
            "매매실거래년":20061023.0,
            "매매실거래가":36000.0,
            "전세실거래년":null,
            "전세실거래가":null,
            "전세가율":null,
            "장기전세가율평균":68.76,
            "전세가율거품지수":null,
            "검색코드":7786,
            "세대수":400.0,
            "준공년월":"1989-01-26",
            "준공년차":34.0,
            "가까운역이름":"NA",
            "가까운역거리":"NA",
            "역세권여부":"NA",
            "30분이내주요거점역":"NA",
            "30분거점역이름":"NA",
            "1시간이내주요거점역":"NA",
            "1시간거점역이름":"NA",
            "3km이내백화점수":1,
            "5km이내아울렛몰수":0,
            "1km이내대형먀트수":1,
            "500m이내은행수":3,
            "500m이내병원수":37,
            "5km이내대형병원수":4,
            "500m이내공원수":2,
            "3km이내혐오시설수":0,
            "초등학교학업성취도":90.02,
            "중학교학업성취도":75.2,
            "용적률":123,
            "건폐율":36,
            "Y":35.218371,
            "X":128.694918,
            "rank":11.0,
            "area_info":"15평(50.85), 24평(79.45), 27평(91.32), 39평(129.48)",
            "last_sales":"2006-10-23,36000.0,39평(129.48)",
            "rank_history":[
                [
                    "202203",
                    11
                ],
                [
                    "202202",
                    12
                ],
                [
                    "202201",
                    16
                ]
            ],
            "rank_gap":1
        },
        {
            "index":146,
            "아파트명":"대방개나리1차",
            "투자타입":"재건축",
            "전용면적(m2)":"57.05",
            "전용면적(평)":"17평",
            "법정동주소":"경상남도 창원시 성산구 대방동 357",
            "도로명주소":"경상남도 창원시 성산구 대정로 145",
            "세대수":90,
            "입주년차":"--",
            "용적률점수":60,
            "건폐율점수":100,
            "세대당주차수":"--",
            "난방방식":"--",
            "공급면적":50,
            "전용률":60,
            "욕실수":"--",
            "현관타입":"--",
            "주거총점":76.5,
            "지역구공급총점":100.0,
            "역세권":"NA",
            "30분내 이동가능 거점":"NA",
            "1시간내 이동가능 거점":"NA",
            "교통총점":"NA",
            "백화점":100,
            "아울렛몰":0,
            "대형마트":80,
            "은행":0,
            "병원":60,
            "종합병원":100,
            "공원":100,
            "혐오시설":0,
            "인프라총점":71.0,
            "초등학군":89.97,
            "중학군":51.24,
            "학군총점":58.986,
            "인구수":29.3,
            "인구증감":79.91,
            "인구총점":44.483,
            "일자리":14.8,
            "소득수준":82.32,
            "일자리총점":35.056,
            "가치 총점":69.9215,
            "매매실거래년":20220221.0,
            "매매실거래가":15300.0,
            "전세실거래년":20220225.0,
            "전세실거래가":13000.0,
            "전세가율":84.97,
            "장기전세가율평균":68.76,
            "전세가율거품지수":-16.21,
            "검색코드":7692,
            "세대수":1005.0,
            "준공년월":"1992-09-17",
            "준공년차":31.0,
            "가까운역이름":"NA",
            "가까운역거리":"NA",
            "역세권여부":"NA",
            "30분이내주요거점역":"NA",
            "30분거점역이름":"NA",
            "1시간이내주요거점역":"NA",
            "1시간거점역이름":"NA",
            "3km이내백화점수":1,
            "5km이내아울렛몰수":0,
            "1km이내대형먀트수":1,
            "500m이내은행수":1,
            "500m이내병원수":14,
            "5km이내대형병원수":3,
            "500m이내공원수":2,
            "3km이내혐오시설수":0,
            "초등학교학업성취도":89.97,
            "중학교학업성취도":84.6,
            "용적률":187,
            "건폐율":15,
            "Y":35.213388,
            "X":128.708594,
            "rank":12.0,
            "area_info":"17평(57.05), 20평(68.19)",
            "last_sales":"2022-02-21,15300.0,17평(57.05)",
            "rank_history":[
                [
                    "202203",
                    12
                ],
                [
                    "202202",
                    11
                ],
                [
                    "202201",
                    9
                ]
            ],
            "rank_gap":-1
        },
        {
            "index":300,
            "아파트명":"상남꿈에그린",
            "투자타입":"일반",
            "전용면적(m2)":"100.46",
            "전용면적(평)":"30평",
            "법정동주소":"경상남도 창원시 성산구 상남동 65-1",
            "도로명주소":"경상남도 창원시 성산구 토월로27번길 18",
            "세대수":80,
            "입주년차":80,
            "용적률점수":"--",
            "건폐율점수":"--",
            "세대당주차수":60,
            "난방방식":30,
            "공급면적":"--",
            "전용률":"--",
            "욕실수":100,
            "현관타입":50,
            "주거총점":71.0,
            "지역구공급총점":100.0,
            "역세권":"NA",
            "30분내 이동가능 거점":"NA",
            "1시간내 이동가능 거점":"NA",
            "교통총점":"NA",
            "백화점":100,
            "아울렛몰":0,
            "대형마트":80,
            "은행":70,
            "병원":30,
            "종합병원":100,
            "공원":80,
            "혐오시설":0,
            "인프라총점":74.4,
            "초등학군":89.99,
            "중학군":48.06,
            "학군총점":56.446,
            "인구수":29.3,
            "인구증감":79.91,
            "인구총점":44.483,
            "일자리":14.8,
            "소득수준":82.32,
            "일자리총점":35.056,
            "가치 총점":68.7215,
            "매매실거래년":20211129.0,
            "매매실거래가":93300.0,
            "전세실거래년":20211026.0,
            "전세실거래가":39000.0,
            "전세가율":62.9,
            "장기전세가율평균":68.76,
            "전세가율거품지수":5.86,
            "검색코드":105570,
            "세대수":812.0,
            "준공년월":"2014-09-15",
            "준공년차":9.0,
            "가까운역이름":"NA",
            "가까운역거리":"NA",
            "역세권여부":"NA",
            "30분이내주요거점역":"NA",
            "30분거점역이름":"NA",
            "1시간이내주요거점역":"NA",
            "1시간거점역이름":"NA",
            "3km이내백화점수":1,
            "5km이내아울렛몰수":0,
            "1km이내대형먀트수":1,
            "500m이내은행수":3,
            "500m이내병원수":5,
            "5km이내대형병원수":4,
            "500m이내공원수":1,
            "3km이내혐오시설수":0,
            "초등학교학업성취도":89.99,
            "중학교학업성취도":80.1,
            "용적률":205,
            "건폐율":16,
            "Y":35.21556,
            "X":128.680351,
            "rank":13.0,
            "area_info":"30평(100.46), 34평(113.32), 34평(114.0), 39평(129.0), 47평(156.92)",
            "last_sales":"2021-11-29,93300.0,47평(156.92)",
            "rank_history":[
                [
                    "202203",
                    13
                ],
                [
                    "202202",
                    13
                ],
                [
                    "202201",
                    25
                ]
            ],
            "rank_gap":0
        },
        {
            "index":431,
            "아파트명":"롯데맨션2단지",
            "투자타입":"재건축",
            "전용면적(m2)":"60.62",
            "전용면적(평)":"18평",
            "법정동주소":"경상남도 창원시 성산구 용호동 62",
            "도로명주소":"경상남도 창원시 성산구 용지로239번길 19-30",
            "세대수":30,
            "입주년차":"--",
            "용적률점수":100,
            "건폐율점수":80,
            "세대당주차수":"--",
            "난방방식":"--",
            "공급면적":50,
            "전용률":100,
            "욕실수":"--",
            "현관타입":"--",
            "주거총점":72.5,
            "지역구공급총점":100.0,
            "역세권":"NA",
            "30분내 이동가능 거점":"NA",
            "1시간내 이동가능 거점":"NA",
            "교통총점":"NA",
            "백화점":100,
            "아울렛몰":0,
            "대형마트":100,
            "은행":20,
            "병원":10,
            "종합병원":100,
            "공원":100,
            "혐오시설":0,
            "인프라총점":71.0,
            "초등학군":90.01,
            "중학군":52.14,
            "학군총점":59.714,
            "인구수":29.3,
            "인구증감":79.91,
            "인구총점":44.483,
            "일자리":14.8,
            "소득수준":82.32,
            "일자리총점":35.056,
            "가치 총점":68.7035,
            "매매실거래년":20210902.0,
            "매매실거래가":128000.0,
            "전세실거래년":20220124.0,
            "전세실거래가":18000.0,
            "전세가율":35.64,
            "장기전세가율평균":68.76,
            "전세가율거품지수":33.12,
            "검색코드":141629,
            "세대수":320.0,
            "준공년월":"1988-09-02",
            "준공년차":35.0,
            "가까운역이름":"NA",
            "가까운역거리":"NA",
            "역세권여부":"NA",
            "30분이내주요거점역":"NA",
            "30분거점역이름":"NA",
            "1시간이내주요거점역":"NA",
            "1시간거점역이름":"NA",
            "3km이내백화점수":1,
            "5km이내아울렛몰수":0,
            "1km이내대형먀트수":2,
            "500m이내은행수":2,
            "500m이내병원수":3,
            "5km이내대형병원수":4,
            "500m이내공원수":2,
            "3km이내혐오시설수":0,
            "초등학교학업성취도":90.01,
            "중학교학업성취도":84.5,
            "용적률":115,
            "건폐율":23,
            "Y":35.235164,
            "X":128.682431,
            "rank":14.0,
            "area_info":"18평(60.62), 22평(75.22), 26평(86.42), 34평(113.82), 36평(120.12), 45평(148.86), 58평(194.01)",
            "last_sales":"2021-09-02,128000.0,45평(148.86)",
            "rank_history":[
                [
                    "202203",
                    14
                ],
                [
                    "202202",
                    14
                ],
                [
                    "202201",
                    12
                ]
            ],
            "rank_gap":0
        },
        {
            "index":195,
            "아파트명":"노블파크",
            "투자타입":"일반",
            "전용면적(m2)":"69.82",
            "전용면적(평)":"21평",
            "법정동주소":"경상남도 창원시 성산구 반림동 10",
            "도로명주소":"경상남도 창원시 성산구 원이대로 449",
            "세대수":100,
            "입주년차":40,
            "용적률점수":"--",
            "건폐율점수":"--",
            "세대당주차수":30,
            "난방방식":30,
            "공급면적":"--",
            "전용률":"--",
            "욕실수":50,
            "현관타입":100,
            "주거총점":65.5,
            "지역구공급총점":100.0,
            "역세권":"NA",
            "30분내 이동가능 거점":"NA",
            "1시간내 이동가능 거점":"NA",
            "교통총점":"NA",
            "백화점":100,
            "아울렛몰":0,
            "대형마트":100,
            "은행":0,
            "병원":60,
            "종합병원":100,
            "공원":80,
            "혐오시설":0,
            "인프라총점":73.4,
            "초등학군":90.01,
            "중학군":56.4,
            "학군총점":63.122,
            "인구수":29.3,
            "인구증감":79.91,
            "인구총점":44.483,
            "일자리":14.8,
            "소득수준":82.32,
            "일자리총점":35.056,
            "가치 총점":68.0655,
            "매매실거래년":20211023.0,
            "매매실거래가":85000.0,
            "전세실거래년":20211123.0,
            "전세실거래가":21000.0,
            "전세가율":63.64,
            "장기전세가율평균":68.76,
            "전세가율거품지수":5.12,
            "검색코드":25168,
            "세대수":2699.0,
            "준공년월":"2007-12-27",
            "준공년차":16.0,
            "가까운역이름":"NA",
            "가까운역거리":"NA",
            "역세권여부":"NA",
            "30분이내주요거점역":"NA",
            "30분거점역이름":"NA",
            "1시간이내주요거점역":"NA",
            "1시간거점역이름":"NA",
            "3km이내백화점수":1,
            "5km이내아울렛몰수":0,
            "1km이내대형먀트수":2,
            "500m이내은행수":1,
            "500m이내병원수":22,
            "5km이내대형병원수":3,
            "500m이내공원수":1,
            "3km이내혐오시설수":0,
            "초등학교학업성취도":90.01,
            "중학교학업성취도":91.2,
            "용적률":254,
            "건폐율":18,
            "Y":35.236662,
            "X":128.667299,
            "rank":15.0,
            "area_info":"21평(69.82), 25평(84.01), 27평(90.28), 31평(102.73), 31평(102.92), 31평(103.03), 34평(113.67), 34평(113.71), 34평(113.67), 34평(113.71), 34평(113.71), 34평(113.72), 34평(113.72), 34평(113.69), 34평(113.69), 39평(131.07), 39평(131.07), 49평(163.73), 49평(163.57), 57평(191.17)",
            "last_sales":"2021-10-23,85000.0,57평(191.17)",
            "rank_history":[
                [
                    "202203",
                    15
                ],
                [
                    "202202",
                    15
                ],
                [
                    "202201",
                    13
                ]
            ],
            "rank_gap":0
        },
        {
            "index":215,
            "아파트명":"반림럭키",
            "투자타입":"재건축",
            "전용면적(m2)":"66.47",
            "전용면적(평)":"20평",
            "법정동주소":"경상남도 창원시 성산구 반림동 8",
            "도로명주소":"경상남도 창원시 성산구 반송로 105",
            "세대수":100,
            "입주년차":"--",
            "용적률점수":20,
            "건폐율점수":100,
            "세대당주차수":"--",
            "난방방식":"--",
            "공급면적":50,
            "전용률":60,
            "욕실수":"--",
            "현관타입":"--",
            "주거총점":63.5,
            "지역구공급총점":100.0,
            "역세권":"NA",
            "30분내 이동가능 거점":"NA",
            "1시간내 이동가능 거점":"NA",
            "교통총점":"NA",
            "백화점":100,
            "아울렛몰":0,
            "대형마트":100,
            "은행":0,
            "병원":60,
            "종합병원":100,
            "공원":100,
            "혐오시설":0,
            "인프라총점":74.0,
            "초등학군":90.01,
            "중학군":56.4,
            "학군총점":63.122,
            "인구수":29.3,
            "인구증감":79.91,
            "인구총점":44.483,
            "일자리":14.8,
            "소득수준":82.32,
            "일자리총점":35.056,
            "가치 총점":67.6055,
            "매매실거래년":20220221.0,
            "매매실거래가":43900.0,
            "전세실거래년":20220221.0,
            "전세실거래가":9450.0,
            "전세가율":41.63,
            "장기전세가율평균":68.76,
            "전세가율거품지수":27.13,
            "검색코드":15778,
            "세대수":1620.0,
            "준공년월":"1989-01-26",
            "준공년차":34.0,
            "가까운역이름":"NA",
            "가까운역거리":"NA",
            "역세권여부":"NA",
            "30분이내주요거점역":"NA",
            "30분거점역이름":"NA",
            "1시간이내주요거점역":"NA",
            "1시간거점역이름":"NA",
            "3km이내백화점수":1,
            "5km이내아울렛몰수":0,
            "1km이내대형먀트수":2,
            "500m이내은행수":1,
            "500m이내병원수":21,
            "5km이내대형병원수":3,
            "500m이내공원수":3,
            "3km이내혐오시설수":0,
            "초등학교학업성취도":90.01,
            "중학교학업성취도":91.2,
            "용적률":207,
            "건폐율":15,
            "Y":35.238983,
            "X":128.668252,
            "rank":16.0,
            "area_info":"20평(66.47), 24평(79.39), 28평(93.13), 28평(93.7), 28평(93.34), 31평(102.93), 31평(103.28), 31평(103.23)",
            "last_sales":"2022-02-21,43900.0,31평(103.28)",
            "rank_history":[
                [
                    "202203",
                    16
                ],
                [
                    "202202",
                    16
                ],
                [
                    "202201",
                    14
                ]
            ],
            "rank_gap":0
        },
        {
            "index":258,
            "아파트명":"대동2차",
            "투자타입":"재건축",
            "전용면적(m2)":"54.67",
            "전용면적(평)":"16평",
            "법정동주소":"경상남도 창원시 성산구 사파동 142",
            "도로명주소":"경상남도 창원시 성산구 신사로 106",
            "세대수":50,
            "입주년차":"--",
            "용적률점수":100,
            "건폐율점수":0,
            "세대당주차수":"--",
            "난방방식":"--",
            "공급면적":50,
            "전용률":80,
            "욕실수":"--",
            "현관타입":"--",
            "주거총점":61.5,
            "지역구공급총점":100.0,
            "역세권":"NA",
            "30분내 이동가능 거점":"NA",
            "1시간내 이동가능 거점":"NA",
            "교통총점":"NA",
            "백화점":100,
            "아울렛몰":0,
            "대형마트":80,
            "은행":70,
            "병원":80,
            "종합병원":100,
            "공원":100,
            "혐오시설":0,
            "인프라총점":80.0,
            "초등학군":90.02,
            "중학군":45.56,
            "학군총점":54.452,
            "인구수":29.3,
            "인구증감":79.91,
            "인구총점":44.483,
            "일자리":14.8,
            "소득수준":82.32,
            "일자리총점":35.056,
            "가치 총점":67.138,
            "매매실거래년":20071113.0,
            "매매실거래가":21460.0,
            "전세실거래년":null,
            "전세실거래가":null,
            "전세가율":null,
            "장기전세가율평균":68.76,
            "전세가율거품지수":null,
            "검색코드":7771,
            "세대수":470.0,
            "준공년월":"1989-09-26",
            "준공년차":34.0,
            "가까운역이름":"NA",
            "가까운역거리":"NA",
            "역세권여부":"NA",
            "30분이내주요거점역":"NA",
            "30분거점역이름":"NA",
            "1시간이내주요거점역":"NA",
            "1시간거점역이름":"NA",
            "3km이내백화점수":1,
            "5km이내아울렛몰수":0,
            "1km이내대형먀트수":1,
            "500m이내은행수":3,
            "500m이내병원수":40,
            "5km이내대형병원수":4,
            "500m이내공원수":2,
            "3km이내혐오시설수":0,
            "초등학교학업성취도":90.02,
            "중학교학업성취도":75.2,
            "용적률":140,
            "건폐율":0,
            "Y":35.220549,
            "X":128.695519,
            "rank":17.0,
            "area_info":"16평(54.67), 18평(61.49), 24평(82.43), 25평(85.21), 27평(91.12), 29평(96.75)",
            "last_sales":"2007-11-13,21460.0,29평(96.75)",
            "rank_history":[
                [
                    "202203",
                    17
                ],
                [
                    "202202",
                    17
                ],
                [
                    "202201",
                    28
                ]
            ],
            "rank_gap":0
        },
        {
            "index":247,
            "아파트명":"까치1차",
            "투자타입":"재건축",
            "전용면적(m2)":"38.19",
            "전용면적(평)":"11평",
            "법정동주소":"경상남도 창원시 성산구 반지동 27",
            "도로명주소":"경상남도 창원시 성산구 창원천로 254",
            "세대수":50,
            "입주년차":"--",
            "용적률점수":100,
            "건폐율점수":80,
            "세대당주차수":"--",
            "난방방식":"--",
            "공급면적":50,
            "전용률":60,
            "욕실수":"--",
            "현관타입":"--",
            "주거총점":76.5,
            "지역구공급총점":100.0,
            "역세권":"NA",
            "30분내 이동가능 거점":"NA",
            "1시간내 이동가능 거점":"NA",
            "교통총점":"NA",
            "백화점":100,
            "아울렛몰":0,
            "대형마트":80,
            "은행":0,
            "병원":60,
            "종합병원":100,
            "공원":100,
            "혐오시설":0,
            "인프라총점":71.0,
            "초등학군":89.99,
            "중학군":37.08,
            "학군총점":47.662,
            "인구수":29.3,
            "인구증감":79.91,
            "인구총점":44.483,
            "일자리":14.8,
            "소득수준":82.32,
            "일자리총점":35.056,
            "가치 총점":67.0905,
            "매매실거래년":20220218.0,
            "매매실거래가":20400.0,
            "전세실거래년":20220124.0,
            "전세실거래가":5000.0,
            "전세가율":25.0,
            "장기전세가율평균":68.76,
            "전세가율거품지수":43.76,
            "검색코드":7751,
            "세대수":500.0,
            "준공년월":"1990-09-13",
            "준공년차":33.0,
            "가까운역이름":"NA",
            "가까운역거리":"NA",
            "역세권여부":"NA",
            "30분이내주요거점역":"NA",
            "30분거점역이름":"NA",
            "1시간이내주요거점역":"NA",
            "1시간거점역이름":"NA",
            "3km이내백화점수":1,
            "5km이내아울렛몰수":0,
            "1km이내대형먀트수":1,
            "500m이내은행수":1,
            "500m이내병원수":11,
            "5km이내대형병원수":3,
            "500m이내공원수":5,
            "3km이내혐오시설수":0,
            "초등학교학업성취도":89.99,
            "중학교학업성취도":61.2,
            "용적률":103,
            "건폐율":21,
            "Y":35.244724,
            "X":128.666684,
            "rank":18.0,
            "area_info":"11평(38.19), 12평(39.71)",
            "last_sales":"2022-02-18,20400.0,12평(39.71)",
            "rank_history":[
                [
                    "202203",
                    18
                ],
                [
                    "202202",
                    18
                ],
                [
                    "202201",
                    30
                ]
            ],
            "rank_gap":0
        },
        {
            "index":283,
            "아파트명":"대동",
            "투자타입":"일반",
            "전용면적(m2)":"67.12",
            "전용면적(평)":"20평",
            "법정동주소":"경상남도 창원시 성산구 상남동 44-1",
            "도로명주소":"경상남도 창원시 성산구 동산로 115",
            "세대수":100,
            "입주년차":0,
            "용적률점수":"--",
            "건폐율점수":"--",
            "세대당주차수":0,
            "난방방식":30,
            "공급면적":"--",
            "전용률":"--",
            "욕실수":50,
            "현관타입":10,
            "주거총점":44.0,
            "지역구공급총점":100.0,
            "역세권":"NA",
            "30분내 이동가능 거점":"NA",
            "1시간내 이동가능 거점":"NA",
            "교통총점":"NA",
            "백화점":100,
            "아울렛몰":0,
            "대형마트":100,
            "은행":100,
            "병원":100,
            "종합병원":100,
            "공원":100,
            "혐오시설":0,
            "인프라총점":88.0,
            "초등학군":89.99,
            "중학군":55.38,
            "학군총점":62.302,
            "인구수":29.3,
            "인구증감":79.91,
            "인구총점":44.483,
            "일자리":14.8,
            "소득수준":82.32,
            "일자리총점":35.056,
            "가치 총점":66.1755,
            "매매실거래년":20220216.0,
            "매매실거래가":41700.0,
            "전세실거래년":20220221.0,
            "전세실거래가":13860.0,
            "전세가율":56.57,
            "장기전세가율평균":68.76,
            "전세가율거품지수":12.19,
            "검색코드":7799,
            "세대수":2810.0,
            "준공년월":"1994-12-24",
            "준공년차":29.0,
            "가까운역이름":"NA",
            "가까운역거리":"NA",
            "역세권여부":"NA",
            "30분이내주요거점역":"NA",
            "30분거점역이름":"NA",
            "1시간이내주요거점역":"NA",
            "1시간거점역이름":"NA",
            "3km이내백화점수":1,
            "5km이내아울렛몰수":0,
            "1km이내대형먀트수":2,
            "500m이내은행수":5,
            "500m이내병원수":70,
            "5km이내대형병원수":4,
            "500m이내공원수":3,
            "3km이내혐오시설수":0,
            "초등학교학업성취도":89.99,
            "중학교학업성취도":88.7,
            "용적률":268,
            "건폐율":22,
            "Y":35.219714,
            "X":128.688657,
            "rank":19.0,
            "area_info":"20평(67.12), 23평(77.43), 24평(80.4), 31평(105.42), 42평(138.93), 42평(139.51), 42평(140.78), 47평(157.8), 47평(157.79), 58평(192.98)",
            "last_sales":"2022-02-16,41700.0,31평(105.42)",
            "rank_history":[
                [
                    "202203",
                    19
                ],
                [
                    "202202",
                    19
                ],
                [
                    "202201",
                    20
                ]
            ],
            "rank_gap":0
        },
        {
            "index":36,
            "아파트명":"창원더샵센트럴파크2단지",
            "투자타입":"일반",
            "전용면적(m2)":"78.98",
            "전용면적(평)":"23평",
            "법정동주소":"경상남도 창원시 성산구 가음동 16",
            "도로명주소":"경상남도 창원시 성산구 원이대로863번길 19",
            "세대수":50,
            "입주년차":80,
            "용적률점수":"--",
            "건폐율점수":"--",
            "세대당주차수":60,
            "난방방식":30,
            "공급면적":"--",
            "전용률":"--",
            "욕실수":100,
            "현관타입":100,
            "주거총점":65.5,
            "지역구공급총점":100.0,
            "역세권":"NA",
            "30분내 이동가능 거점":"NA",
            "1시간내 이동가능 거점":"NA",
            "교통총점":"NA",
            "백화점":100,
            "아울렛몰":0,
            "대형마트":80,
            "은행":0,
            "병원":60,
            "종합병원":100,
            "공원":100,
            "혐오시설":0,
            "인프라총점":71.0,
            "초등학군":89.99,
            "중학군":47.44,
            "학군총점":55.95,
            "인구수":29.3,
            "인구증감":79.91,
            "인구총점":44.483,
            "일자리":14.8,
            "소득수준":82.32,
            "일자리총점":35.056,
            "가치 총점":65.3125,
            "매매실거래년":20211002.0,
            "매매실거래가":82000.0,
            "전세실거래년":20211009.0,
            "전세실거래가":45000.0,
            "전세가율":78.53,
            "장기전세가율평균":68.76,
            "전세가율거품지수":-9.77,
            "검색코드":109272,
            "세대수":624.0,
            "준공년월":"2017-04-26",
            "준공년차":6.0,
            "가까운역이름":"NA",
            "가까운역거리":"NA",
            "역세권여부":"NA",
            "30분이내주요거점역":"NA",
            "30분거점역이름":"NA",
            "1시간이내주요거점역":"NA",
            "1시간거점역이름":"NA",
            "3km이내백화점수":1,
            "5km이내아울렛몰수":0,
            "1km이내대형먀트수":1,
            "500m이내은행수":1,
            "500m이내병원수":28,
            "5km이내대형병원수":3,
            "500m이내공원수":4,
            "3km이내혐오시설수":0,
            "초등학교학업성취도":89.99,
            "중학교학업성취도":78.0,
            "용적률":215,
            "건폐율":14,
            "Y":35.209074,
            "X":128.698756,
            "rank":20.0,
            "area_info":"23평(78.98), 24평(80.63), 33평(110.87), 33평(110.68), 33평(110.96), 39평(129.56)",
            "last_sales":"2021-10-02,82000.0,39평(129.56)",
            "rank_history":[
                [
                    "202203",
                    20
                ],
                [
                    "202202",
                    20
                ],
                [
                    "202201",
                    15
                ]
            ],
            "rank_gap":0
        },
        {
            "index":47,
            "아파트명":"창원센텀푸르지오",
            "투자타입":"일반",
            "전용면적(m2)":"84.39",
            "전용면적(평)":"25평",
            "법정동주소":"경상남도 창원시 성산구 가음동 12",
            "도로명주소":"경상남도 창원시 성산구 가음정로 59",
            "세대수":90,
            "입주년차":80,
            "용적률점수":"--",
            "건폐율점수":"--",
            "세대당주차수":60,
            "난방방식":30,
            "공급면적":"--",
            "전용률":"--",
            "욕실수":100,
            "현관타입":100,
            "주거총점":79.5,
            "지역구공급총점":100.0,
            "역세권":"NA",
            "30분내 이동가능 거점":"NA",
            "1시간내 이동가능 거점":"NA",
            "교통총점":"NA",
            "백화점":100,
            "아울렛몰":0,
            "대형마트":0,
            "은행":0,
            "병원":10,
            "종합병원":100,
            "공원":100,
            "혐오시설":0,
            "인프라총점":54.0,
            "초등학군":89.99,
            "중학군":55.38,
            "학군총점":62.302,
            "인구수":29.3,
            "인구증감":79.91,
            "인구총점":44.483,
            "일자리":14.8,
            "소득수준":82.32,
            "일자리총점":35.056,
            "가치 총점":65.0005,
            "매매실거래년":20220122.0,
            "매매실거래가":67000.0,
            "전세실거래년":20220218.0,
            "전세실거래가":28300.0,
            "전세가율":46.02,
            "장기전세가율평균":68.76,
            "전세가율거품지수":22.74,
            "검색코드":118728,
            "세대수":975.0,
            "준공년월":"2018-01-11",
            "준공년차":5.0,
            "가까운역이름":"NA",
            "가까운역거리":"NA",
            "역세권여부":"NA",
            "30분이내주요거점역":"NA",
            "30분거점역이름":"NA",
            "1시간이내주요거점역":"NA",
            "1시간거점역이름":"NA",
            "3km이내백화점수":1,
            "5km이내아울렛몰수":0,
            "1km이내대형먀트수":0,
            "500m이내은행수":0,
            "500m이내병원수":2,
            "5km이내대형병원수":3,
            "500m이내공원수":6,
            "3km이내혐오시설수":0,
            "초등학교학업성취도":89.99,
            "중학교학업성취도":88.7,
            "용적률":215,
            "건폐율":16,
            "Y":35.209084,
            "X":128.691054,
            "rank":21.0,
            "area_info":"25평(84.39), 29평(98.96), 33평(111.72), 33평(111.24), 33평(111.42), 39평(131.46)",
            "last_sales":"2022-01-22,67000.0,29평(98.96)",
            "rank_history":[
                [
                    "202203",
                    21
                ],
                [
                    "202202",
                    21
                ],
                [
                    "202201",
                    18
                ]
            ],
            "rank_gap":0
        },
        {
            "index":18,
            "아파트명":"은아",
            "투자타입":"재건축",
            "전용면적(m2)":"59.38",
            "전용면적(평)":"17평",
            "법정동주소":"경상남도 창원시 성산구 가음동 23-3",
            "도로명주소":"경상남도 창원시 성산구 원이대로883번길 6",
            "세대수":50,
            "입주년차":"--",
            "용적률점수":100,
            "건폐율점수":80,
            "세대당주차수":"--",
            "난방방식":"--",
            "공급면적":50,
            "전용률":80,
            "욕실수":"--",
            "현관타입":"--",
            "주거총점":77.5,
            "지역구공급총점":100.0,
            "역세권":"NA",
            "30분내 이동가능 거점":"NA",
            "1시간내 이동가능 거점":"NA",
            "교통총점":"NA",
            "백화점":100,
            "아울렛몰":0,
            "대형마트":0,
            "은행":0,
            "병원":60,
            "종합병원":100,
            "공원":100,
            "혐오시설":0,
            "인프라총점":59.0,
            "초등학군":90.0,
            "중학군":47.44,
            "학군총점":55.952,
            "인구수":29.3,
            "인구증감":79.91,
            "인구총점":44.483,
            "일자리":14.8,
            "소득수준":82.32,
            "일자리총점":35.056,
            "가치 총점":64.713,
            "매매실거래년":20211206.0,
            "매매실거래가":29000.0,
            "전세실거래년":20220210.0,
            "전세실거래가":13500.0,
            "전세가율":46.55,
            "장기전세가율평균":68.76,
            "전세가율거품지수":22.21,
            "검색코드":16761,
            "세대수":500.0,
            "준공년월":"1987-12-14",
            "준공년차":36.0,
            "가까운역이름":"NA",
            "가까운역거리":"NA",
            "역세권여부":"NA",
            "30분이내주요거점역":"NA",
            "30분거점역이름":"NA",
            "1시간이내주요거점역":"NA",
            "1시간거점역이름":"NA",
            "3km이내백화점수":1,
            "5km이내아울렛몰수":0,
            "1km이내대형먀트수":0,
            "500m이내은행수":1,
            "500m이내병원수":14,
            "5km이내대형병원수":3,
            "500m이내공원수":4,
            "3km이내혐오시설수":0,
            "초등학교학업성취도":90.0,
            "중학교학업성취도":78.0,
            "용적률":148,
            "건폐율":29,
            "Y":35.206979,
            "X":128.694513,
            "rank":22.0,
            "area_info":"17평(59.38), 17평(59.42)",
            "last_sales":"2021-12-06,29000.0,17평(59.38)",
            "rank_history":[
                [
                    "202203",
                    22
                ],
                [
                    "202202",
                    22
                ],
                [
                    "202201",
                    17
                ]
            ],
            "rank_gap":0
        },
        {
            "index":264,
            "아파트명":"동서",
            "투자타입":"재건축",
            "전용면적(m2)":"51.51",
            "전용면적(평)":"15평",
            "법정동주소":"경상남도 창원시 성산구 사파동 143",
            "도로명주소":"경상남도 창원시 성산구 신사로 116",
            "세대수":0,
            "입주년차":"--",
            "용적률점수":100,
            "건폐율점수":80,
            "세대당주차수":"--",
            "난방방식":"--",
            "공급면적":50,
            "전용률":80,
            "욕실수":"--",
            "현관타입":"--",
            "주거총점":62.5,
            "지역구공급총점":100.0,
            "역세권":"NA",
            "30분내 이동가능 거점":"NA",
            "1시간내 이동가능 거점":"NA",
            "교통총점":"NA",
            "백화점":100,
            "아울렛몰":0,
            "대형마트":80,
            "은행":0,
            "병원":80,
            "종합병원":100,
            "공원":100,
            "혐오시설":0,
            "인프라총점":73.0,
            "초등학군":90.02,
            "중학군":45.56,
            "학군총점":54.452,
            "인구수":29.3,
            "인구증감":79.91,
            "인구총점":44.483,
            "일자리":14.8,
            "소득수준":82.32,
            "일자리총점":35.056,
            "가치 총점":64.688,
            "매매실거래년":20220110.0,
            "매매실거래가":29800.0,
            "전세실거래년":20220204.0,
            "전세실거래가":11000.0,
            "전세가율":36.91,
            "장기전세가율평균":68.76,
            "전세가율거품지수":31.85,
            "검색코드":7777,
            "세대수":190.0,
            "준공년월":"1989-12-23",
            "준공년차":34.0,
            "가까운역이름":"NA",
            "가까운역거리":"NA",
            "역세권여부":"NA",
            "30분이내주요거점역":"NA",
            "30분거점역이름":"NA",
            "1시간이내주요거점역":"NA",
            "1시간거점역이름":"NA",
            "3km이내백화점수":1,
            "5km이내아울렛몰수":0,
            "1km이내대형먀트수":1,
            "500m이내은행수":1,
            "500m이내병원수":36,
            "5km이내대형병원수":4,
            "500m이내공원수":2,
            "3km이내혐오시설수":0,
            "초등학교학업성취도":90.02,
            "중학교학업성취도":75.2,
            "용적률":128,
            "건폐율":27,
            "Y":35.221548,
            "X":128.695802,
            "rank":23.0,
            "area_info":"15평(51.51), 17평(58.67), 18평(60.2), 19평(64.27)",
            "last_sales":"2022-01-10,29800.0,15평(51.51)",
            "rank_history":[
                [
                    "202203",
                    23
                ],
                [
                    "202202",
                    23
                ],
                [
                    "202201",
                    35
                ]
            ],
            "rank_gap":0
        },
        {
            "index":24,
            "아파트명":"창원가음한화꿈에그린",
            "투자타입":"일반",
            "전용면적(m2)":"79.87",
            "전용면적(평)":"24평",
            "법정동주소":"경상남도 창원시 성산구 가음동 13",
            "도로명주소":"경상남도 창원시 성산구 원이대로878번길 9",
            "세대수":80,
            "입주년차":80,
            "용적률점수":"--",
            "건폐율점수":"--",
            "세대당주차수":60,
            "난방방식":30,
            "공급면적":"--",
            "전용률":"--",
            "욕실수":100,
            "현관타입":100,
            "주거총점":76.0,
            "지역구공급총점":100.0,
            "역세권":"NA",
            "30분내 이동가능 거점":"NA",
            "1시간내 이동가능 거점":"NA",
            "교통총점":"NA",
            "백화점":100,
            "아울렛몰":0,
            "대형마트":0,
            "은행":0,
            "병원":60,
            "종합병원":100,
            "공원":100,
            "혐오시설":0,
            "인프라총점":59.0,
            "초등학군":89.99,
            "중학군":47.44,
            "학군총점":55.95,
            "인구수":29.3,
            "인구증감":79.91,
            "인구총점":44.483,
            "일자리":14.8,
            "소득수준":82.32,
            "일자리총점":35.056,
            "가치 총점":64.1875,
            "매매실거래년":20211124.0,
            "매매실거래가":86000.0,
            "전세실거래년":20220210.0,
            "전세실거래가":33000.0,
            "전세가율":57.39,
            "장기전세가율평균":68.76,
            "전세가율거품지수":11.37,
            "검색코드":109672,
            "세대수":749.0,
            "준공년월":"2017-08-01",
            "준공년차":6.0,
            "가까운역이름":"NA",
            "가까운역거리":"NA",
            "역세권여부":"NA",
            "30분이내주요거점역":"NA",
            "30분거점역이름":"NA",
            "1시간이내주요거점역":"NA",
            "1시간거점역이름":"NA",
            "3km이내백화점수":1,
            "5km이내아울렛몰수":0,
            "1km이내대형먀트수":0,
            "500m이내은행수":0,
            "500m이내병원수":10,
            "5km이내대형병원수":3,
            "500m이내공원수":5,
            "3km이내혐오시설수":0,
            "초등학교학업성취도":89.99,
            "중학교학업성취도":78.0,
            "용적률":214,
            "건폐율":13,
            "Y":35.208004,
            "X":128.692636,
            "rank":24.0,
            "area_info":"24평(79.87), 28평(94.8), 33평(112.38), 33평(112.02), 33평(112.38), 39평(131.93), 43평(144.79)",
            "last_sales":"2021-11-24,86000.0,39평(131.93)",
            "rank_history":[
                [
                    "202203",
                    24
                ],
                [
                    "202202",
                    24
                ],
                [
                    "202201",
                    24
                ]
            ],
            "rank_gap":0
        },
        {
            "index":90,
            "아파트명":"성원1차(그랜드타운남산)",
            "투자타입":"재건축",
            "전용면적(m2)":"95.67",
            "전용면적(평)":"28평",
            "법정동주소":"경상남도 창원시 성산구 남양동 20",
            "도로명주소":"경상남도 창원시 성산구 대정로 73",
            "세대수":90,
            "입주년차":"--",
            "용적률점수":0,
            "건폐율점수":100,
            "세대당주차수":"--",
            "난방방식":"--",
            "공급면적":70,
            "전용률":80,
            "욕실수":"--",
            "현관타입":"--",
            "주거총점":54.5,
            "지역구공급총점":100.0,
            "역세권":"NA",
            "30분내 이동가능 거점":"NA",
            "1시간내 이동가능 거점":"NA",
            "교통총점":"NA",
            "백화점":100,
            "아울렛몰":0,
            "대형마트":80,
            "은행":20,
            "병원":80,
            "종합병원":100,
            "공원":100,
            "혐오시설":0,
            "인프라총점":75.0,
            "초등학군":89.99,
            "중학군":51.24,
            "학군총점":58.99,
            "인구수":29.3,
            "인구증감":79.91,
            "인구총점":44.483,
            "일자리":14.8,
            "소득수준":82.32,
            "일자리총점":35.056,
            "가치 총점":63.8225,
            "매매실거래년":20220216.0,
            "매매실거래가":29500.0,
            "전세실거래년":20220105.0,
            "전세실거래가":25700.0,
            "전세가율":85.81,
            "장기전세가율평균":68.76,
            "전세가율거품지수":-17.05,
            "검색코드":7631,
            "세대수":1350.0,
            "준공년월":"1991-01-28",
            "준공년차":32.0,
            "가까운역이름":"NA",
            "가까운역거리":"NA",
            "역세권여부":"NA",
            "30분이내주요거점역":"NA",
            "30분거점역이름":"NA",
            "1시간이내주요거점역":"NA",
            "1시간거점역이름":"NA",
            "3km이내백화점수":1,
            "5km이내아울렛몰수":0,
            "1km이내대형먀트수":1,
            "500m이내은행수":2,
            "500m이내병원수":33,
            "5km이내대형병원수":3,
            "500m이내공원수":3,
            "3km이내혐오시설수":0,
            "초등학교학업성취도":89.99,
            "중학교학업성취도":84.6,
            "용적률":256,
            "건폐율":18,
            "Y":35.211436,
            "X":128.700131,
            "rank":25.0,
            "area_info":"28평(95.67), 28평(95.71), 31평(102.87), 31평(102.93), 35평(116.45), 42평(139.24), 49평(163.02)",
            "last_sales":"2022-02-16,29500.0,31평(102.87)",
            "rank_history":[
                [
                    "202203",
                    25
                ],
                [
                    "202202",
                    25
                ],
                [
                    "202201",
                    19
                ]
            ],
            "rank_gap":0
        },
        {
            "index":7,
            "아파트명":"럭키",
            "투자타입":"재건축",
            "전용면적(m2)":"56.23",
            "전용면적(평)":"17평",
            "법정동주소":"경상남도 창원시 성산구 가음동 14-5",
            "도로명주소":"경상남도 창원시 성산구 원이대로878번길 16",
            "세대수":30,
            "입주년차":"--",
            "용적률점수":100,
            "건폐율점수":100,
            "세대당주차수":"--",
            "난방방식":"--",
            "공급면적":50,
            "전용률":60,
            "욕실수":"--",
            "현관타입":"--",
            "주거총점":74.5,
            "지역구공급총점":100.0,
            "역세권":"NA",
            "30분내 이동가능 거점":"NA",
            "1시간내 이동가능 거점":"NA",
            "교통총점":"NA",
            "백화점":100,
            "아울렛몰":0,
            "대형마트":0,
            "은행":0,
            "병원":60,
            "종합병원":100,
            "공원":100,
            "혐오시설":0,
            "인프라총점":59.0,
            "초등학군":89.99,
            "중학군":47.44,
            "학군총점":55.95,
            "인구수":29.3,
            "인구증감":79.91,
            "인구총점":44.483,
            "일자리":14.8,
            "소득수준":82.32,
            "일자리총점":35.056,
            "가치 총점":63.6625,
            "매매실거래년":20210918.0,
            "매매실거래가":50200.0,
            "전세실거래년":null,
            "전세실거래가":null,
            "전세가율":null,
            "장기전세가율평균":68.76,
            "전세가율거품지수":null,
            "검색코드":7595,
            "세대수":330.0,
            "준공년월":"1980-02-29",
            "준공년차":43.0,
            "가까운역이름":"NA",
            "가까운역거리":"NA",
            "역세권여부":"NA",
            "30분이내주요거점역":"NA",
            "30분거점역이름":"NA",
            "1시간이내주요거점역":"NA",
            "1시간거점역이름":"NA",
            "3km이내백화점수":1,
            "5km이내아울렛몰수":0,
            "1km이내대형먀트수":0,
            "500m이내은행수":0,
            "500m이내병원수":16,
            "5km이내대형병원수":3,
            "500m이내공원수":6,
            "3km이내혐오시설수":0,
            "초등학교학업성취도":89.99,
            "중학교학업성취도":78.0,
            "용적률":55,
            "건폐율":10,
            "Y":35.210155,
            "X":128.693947,
            "rank":26.0,
            "area_info":"17평(56.23), 18평(61.36), 19평(64.82)",
            "last_sales":"2021-09-18,50200.0,19평(64.82)",
            "rank_history":[
                [
                    "202203",
                    26
                ],
                [
                    "202202",
                    26
                ],
                [
                    "202201",
                    22
                ]
            ],
            "rank_gap":0
        },
        {
            "index":31,
            "아파트명":"창원더샵센트럴파크1단지",
            "투자타입":"일반",
            "전용면적(m2)":"107.53",
            "전용면적(평)":"32평",
            "법정동주소":"경상남도 창원시 성산구 가음동 17",
            "도로명주소":"경상남도 창원시 성산구 대정로40번길 7",
            "세대수":30,
            "입주년차":80,
            "용적률점수":"--",
            "건폐율점수":"--",
            "세대당주차수":60,
            "난방방식":30,
            "공급면적":"--",
            "전용률":"--",
            "욕실수":100,
            "현관타입":100,
            "주거총점":58.5,
            "지역구공급총점":100.0,
            "역세권":"NA",
            "30분내 이동가능 거점":"NA",
            "1시간내 이동가능 거점":"NA",
            "교통총점":"NA",
            "백화점":100,
            "아울렛몰":0,
            "대형마트":80,
            "은행":0,
            "병원":60,
            "종합병원":100,
            "공원":100,
            "혐오시설":0,
            "인프라총점":71.0,
            "초등학군":90.0,
            "중학군":47.44,
            "학군총점":55.952,
            "인구수":29.3,
            "인구증감":79.91,
            "인구총점":44.483,
            "일자리":14.8,
            "소득수준":82.32,
            "일자리총점":35.056,
            "가치 총점":62.863,
            "매매실거래년":20211001.0,
            "매매실거래가":74000.0,
            "전세실거래년":20211011.0,
            "전세실거래가":48000.0,
            "전세가율":64.86,
            "장기전세가율평균":68.76,
            "전세가율거품지수":3.9,
            "검색코드":109271,
            "세대수":386.0,
            "준공년월":"2017-04-26",
            "준공년차":6.0,
            "가까운역이름":"NA",
            "가까운역거리":"NA",
            "역세권여부":"NA",
            "30분이내주요거점역":"NA",
            "30분거점역이름":"NA",
            "1시간이내주요거점역":"NA",
            "1시간거점역이름":"NA",
            "3km이내백화점수":1,
            "5km이내아울렛몰수":0,
            "1km이내대형먀트수":1,
            "500m이내은행수":1,
            "500m이내병원수":23,
            "5km이내대형병원수":3,
            "500m이내공원수":4,
            "3km이내혐오시설수":0,
            "초등학교학업성취도":90.0,
            "중학교학업성취도":78.0,
            "용적률":215,
            "건폐율":15,
            "Y":35.208033,
            "X":128.700175,
            "rank":27.0,
            "area_info":"32평(107.53), 32평(107.81), 38평(125.9), 44평(147.87), 45평(149.22)",
            "last_sales":"2021-10-01,74000.0,32평(107.53)",
            "rank_history":[
                [
                    "202203",
                    27
                ],
                [
                    "202202",
                    27
                ],
                [
                    "202201",
                    21
                ]
            ],
            "rank_gap":0
        },
        {
            "index":112,
            "아파트명":"피오르빌",
            "투자타입":"일반",
            "전용면적(m2)":"52.93",
            "전용면적(평)":"16평",
            "법정동주소":"경상남도 창원시 성산구 남양동 24",
            "도로명주소":"경상남도 창원시 성산구 대정로 84",
            "세대수":100,
            "입주년차":0,
            "용적률점수":"--",
            "건폐율점수":"--",
            "세대당주차수":0,
            "난방방식":30,
            "공급면적":"--",
            "전용률":"--",
            "욕실수":50,
            "현관타입":10,
            "주거총점":44.0,
            "지역구공급총점":100.0,
            "역세권":"NA",
            "30분내 이동가능 거점":"NA",
            "1시간내 이동가능 거점":"NA",
            "교통총점":"NA",
            "백화점":100,
            "아울렛몰":0,
            "대형마트":80,
            "은행":70,
            "병원":80,
            "종합병원":100,
            "공원":100,
            "혐오시설":0,
            "인프라총점":80.0,
            "초등학군":90.0,
            "중학군":51.24,
            "학군총점":58.992,
            "인구수":29.3,
            "인구증감":79.91,
            "인구총점":44.483,
            "일자리":14.8,
            "소득수준":82.32,
            "일자리총점":35.056,
            "가치 총점":62.148,
            "매매실거래년":20220212.0,
            "매매실거래가":15000.0,
            "전세실거래년":20220219.0,
            "전세실거래가":8400.0,
            "전세가율":56.0,
            "장기전세가율평균":68.76,
            "전세가율거품지수":12.76,
            "검색코드":15724,
            "세대수":1560.0,
            "준공년월":"1995-07-27",
            "준공년차":28.0,
            "가까운역이름":"NA",
            "가까운역거리":"NA",
            "역세권여부":"NA",
            "30분이내주요거점역":"NA",
            "30분거점역이름":"NA",
            "1시간이내주요거점역":"NA",
            "1시간거점역이름":"NA",
            "3km이내백화점수":1,
            "5km이내아울렛몰수":0,
            "1km이내대형먀트수":1,
            "500m이내은행수":3,
            "500m이내병원수":40,
            "5km이내대형병원수":3,
            "500m이내공원수":3,
            "3km이내혐오시설수":0,
            "초등학교학업성취도":90.0,
            "중학교학업성취도":84.6,
            "용적률":236,
            "건폐율":18,
            "Y":35.209695,
            "X":128.701928,
            "rank":28.0,
            "area_info":"16평(52.93), 19평(66.01)",
            "last_sales":"2022-02-12,15000.0,16평(52.93)",
            "rank_history":[
                [
                    "202203",
                    28
                ],
                [
                    "202202",
                    28
                ],
                [
                    "202201",
                    27
                ]
            ],
            "rank_gap":0
        },
        {
            "index":158,
            "아파트명":"대방덕산타운",
            "투자타입":"재건축",
            "전용면적(m2)":"69.46",
            "전용면적(평)":"21평",
            "법정동주소":"경상남도 창원시 성산구 대방동 356",
            "도로명주소":"경상남도 창원시 성산구 대정로 131",
            "세대수":90,
            "입주년차":"--",
            "용적률점수":0,
            "건폐율점수":100,
            "세대당주차수":"--",
            "난방방식":"--",
            "공급면적":50,
            "전용률":60,
            "욕실수":"--",
            "현관타입":"--",
            "주거총점":52.5,
            "지역구공급총점":100.0,
            "역세권":"NA",
            "30분내 이동가능 거점":"NA",
            "1시간내 이동가능 거점":"NA",
            "교통총점":"NA",
            "백화점":100,
            "아울렛몰":0,
            "대형마트":80,
            "은행":20,
            "병원":60,
            "종합병원":100,
            "공원":80,
            "혐오시설":0,
            "인프라총점":72.4,
            "초등학군":89.97,
            "중학군":51.24,
            "학군총점":58.986,
            "인구수":29.3,
            "인구증감":79.91,
            "인구총점":44.483,
            "일자리":14.8,
            "소득수준":82.32,
            "일자리총점":35.056,
            "가치 총점":62.0815,
            "매매실거래년":20220219.0,
            "매매실거래가":18500.0,
            "전세실거래년":20220225.0,
            "전세실거래가":15500.0,
            "전세가율":96.88,
            "장기전세가율평균":68.76,
            "전세가율거품지수":-28.12,
            "검색코드":7695,
            "세대수":920.0,
            "준공년월":"1992-07-20",
            "준공년차":31.0,
            "가까운역이름":"NA",
            "가까운역거리":"NA",
            "역세권여부":"NA",
            "30분이내주요거점역":"NA",
            "30분거점역이름":"NA",
            "1시간이내주요거점역":"NA",
            "1시간거점역이름":"NA",
            "3km이내백화점수":1,
            "5km이내아울렛몰수":0,
            "1km이내대형먀트수":1,
            "500m이내은행수":2,
            "500m이내병원수":19,
            "5km이내대형병원수":3,
            "500m이내공원수":1,
            "3km이내혐오시설수":0,
            "초등학교학업성취도":89.97,
            "중학교학업성취도":84.6,
            "용적률":239,
            "건폐율":18,
            "Y":35.212732,
            "X":128.706743,
            "rank":29.0,
            "area_info":"21평(69.46), 22평(74.52), 22평(75.36), 30평(101.9), 46평(153.62)",
            "last_sales":"2022-02-19,18500.0,22평(75.36)",
            "rank_history":[
                [
                    "202203",
                    29
                ],
                [
                    "202202",
                    29
                ],
                [
                    "202201",
                    23
                ]
            ],
            "rank_gap":0
        },
        {
            "index":97,
            "아파트명":"성원2차",
            "투자타입":"재건축",
            "전용면적(m2)":"96.48",
            "전용면적(평)":"29평",
            "법정동주소":"경상남도 창원시 성산구 남양동 22",
            "도로명주소":"경상남도 창원시 성산구 대정로 99",
            "세대수":90,
            "입주년차":"--",
            "용적률점수":0,
            "건폐율점수":80,
            "세대당주차수":"--",
            "난방방식":"--",
            "공급면적":70,
            "전용률":80,
            "욕실수":"--",
            "현관타입":"--",
            "주거총점":50.5,
            "지역구공급총점":100.0,
            "역세권":"NA",
            "30분내 이동가능 거점":"NA",
            "1시간내 이동가능 거점":"NA",
            "교통총점":"NA",
            "백화점":100,
            "아울렛몰":0,
            "대형마트":80,
            "은행":20,
            "병원":60,
            "종합병원":100,
            "공원":100,
            "혐오시설":0,
            "인프라총점":73.0,
            "초등학군":89.97,
            "중학군":51.24,
            "학군총점":58.986,
            "인구수":29.3,
            "인구증감":79.91,
            "인구총점":44.483,
            "일자리":14.8,
            "소득수준":82.32,
            "일자리총점":35.056,
            "가치 총점":61.6215,
            "매매실거래년":20220212.0,
            "매매실거래가":32400.0,
            "전세실거래년":20211129.0,
            "전세실거래가":26000.0,
            "전세가율":89.66,
            "장기전세가율평균":68.76,
            "전세가율거품지수":-20.9,
            "검색코드":7637,
            "세대수":1404.0,
            "준공년월":"1992-02-01",
            "준공년차":31.0,
            "가까운역이름":"NA",
            "가까운역거리":"NA",
            "역세권여부":"NA",
            "30분이내주요거점역":"NA",
            "30분거점역이름":"NA",
            "1시간이내주요거점역":"NA",
            "1시간거점역이름":"NA",
            "3km이내백화점수":1,
            "5km이내아울렛몰수":0,
            "1km이내대형먀트수":1,
            "500m이내은행수":2,
            "500m이내병원수":29,
            "5km이내대형병원수":3,
            "500m이내공원수":3,
            "3km이내혐오시설수":0,
            "초등학교학업성취도":89.97,
            "중학교학업성취도":84.6,
            "용적률":309,
            "건폐율":23,
            "Y":35.2124,
            "X":128.703291,
            "rank":30.0,
            "area_info":"29평(96.48), 30평(102.05), 34평(115.51), 39평(131.56), 41평(136.58), 53평(175.32), 65평(218.05)",
            "last_sales":"2022-02-12,32400.0,30평(102.05)",
            "rank_history":[
                [
                    "202203",
                    30
                ],
                [
                    "202202",
                    30
                ],
                [
                    "202201",
                    26
                ]
            ],
            "rank_gap":0
        },
        {
            "index":42,
            "아파트명":"창원더샵센트럴파크3단지",
            "투자타입":"일반",
            "전용면적(m2)":"93.94",
            "전용면적(평)":"28평",
            "법정동주소":"경상남도 창원시 성산구 가음동 15",
            "도로명주소":"경상남도 창원시 성산구 원이대로863번길 7",
            "세대수":50,
            "입주년차":80,
            "용적률점수":"--",
            "건폐율점수":"--",
            "세대당주차수":60,
            "난방방식":30,
            "공급면적":"--",
            "전용률":"--",
            "욕실수":100,
            "현관타입":100,
            "주거총점":65.5,
            "지역구공급총점":100.0,
            "역세권":"NA",
            "30분내 이동가능 거점":"NA",
            "1시간내 이동가능 거점":"NA",
            "교통총점":"NA",
            "백화점":100,
            "아울렛몰":0,
            "대형마트":0,
            "은행":20,
            "병원":60,
            "종합병원":100,
            "공원":100,
            "혐오시설":0,
            "인프라총점":61.0,
            "초등학군":89.99,
            "중학군":47.44,
            "학군총점":55.95,
            "인구수":29.3,
            "인구증감":79.91,
            "인구총점":44.483,
            "일자리":14.8,
            "소득수준":82.32,
            "일자리총점":35.056,
            "가치 총점":61.3125,
            "매매실거래년":20211214.0,
            "매매실거래가":82000.0,
            "전세실거래년":20211224.0,
            "전세실거래가":46000.0,
            "전세가율":75.41,
            "장기전세가율평균":68.76,
            "전세가율거품지수":-6.65,
            "검색코드":109273,
            "세대수":448.0,
            "준공년월":"2017-04-26",
            "준공년차":6.0,
            "가까운역이름":"NA",
            "가까운역거리":"NA",
            "역세권여부":"NA",
            "30분이내주요거점역":"NA",
            "30분거점역이름":"NA",
            "1시간이내주요거점역":"NA",
            "1시간거점역이름":"NA",
            "3km이내백화점수":1,
            "5km이내아울렛몰수":0,
            "1km이내대형먀트수":0,
            "500m이내은행수":2,
            "500m이내병원수":29,
            "5km이내대형병원수":3,
            "500m이내공원수":6,
            "3km이내혐오시설수":0,
            "초등학교학업성취도":89.99,
            "중학교학업성취도":78.0,
            "용적률":215,
            "건폐율":16,
            "Y":35.210581,
            "X":128.697006,
            "rank":31.0,
            "area_info":"28평(93.94), 33평(110.32), 33평(110.51), 33평(110.6), 39평(129.14)",
            "last_sales":"2021-12-14,82000.0,39평(129.14)",
            "rank_history":[
                [
                    "202203",
                    31
                ],
                [
                    "202202",
                    31
                ],
                [
                    "202201",
                    29
                ]
            ],
            "rank_gap":0
        },
        {
            "index":310,
            "아파트명":"성원(토월그랜드타운)",
            "투자타입":"일반",
            "전용면적(m2)":"71.98",
            "전용면적(평)":"21평",
            "법정동주소":"경상남도 창원시 성산구 상남동 45-1",
            "도로명주소":"경상남도 창원시 성산구 원이대로 774",
            "세대수":100,
            "입주년차":0,
            "용적률점수":"--",
            "건폐율점수":"--",
            "세대당주차수":0,
            "난방방식":30,
            "공급면적":"--",
            "전용률":"--",
            "욕실수":50,
            "현관타입":10,
            "주거총점":44.0,
            "지역구공급총점":100.0,
            "역세권":"NA",
            "30분내 이동가능 거점":"NA",
            "1시간내 이동가능 거점":"NA",
            "교통총점":"NA",
            "백화점":100,
            "아울렛몰":0,
            "대형마트":80,
            "은행":20,
            "병원":80,
            "종합병원":100,
            "공원":100,
            "혐오시설":0,
            "인프라총점":75.0,
            "초등학군":90.0,
            "중학군":55.38,
            "학군총점":62.304,
            "인구수":29.3,
            "인구증감":79.91,
            "인구총점":44.483,
            "일자리":14.8,
            "소득수준":82.32,
            "일자리총점":35.056,
            "가치 총점":60.976,
            "매매실거래년":20220222.0,
            "매매실거래가":52500.0,
            "전세실거래년":20220221.0,
            "전세실거래가":14000.0,
            "전세가율":65.12,
            "장기전세가율평균":68.76,
            "전세가율거품지수":3.64,
            "검색코드":7810,
            "세대수":6252.0,
            "준공년월":"1994-06-03",
            "준공년차":29.0,
            "가까운역이름":"NA",
            "가까운역거리":"NA",
            "역세권여부":"NA",
            "30분이내주요거점역":"NA",
            "30분거점역이름":"NA",
            "1시간이내주요거점역":"NA",
            "1시간거점역이름":"NA",
            "3km이내백화점수":1,
            "5km이내아울렛몰수":0,
            "1km이내대형먀트수":1,
            "500m이내은행수":2,
            "500m이내병원수":34,
            "5km이내대형병원수":4,
            "500m이내공원수":3,
            "3km이내혐오시설수":0,
            "초등학교학업성취도":90.0,
            "중학교학업성취도":88.7,
            "용적률":364,
            "건폐율":21,
            "Y":35.21696,
            "X":128.692489,
            "rank":32.0,
            "area_info":"21평(71.98), 26평(86.39), 32평(107.16), 32평(107.17), 40평(132.76), 49평(164.9), 59평(198.22)",
            "last_sales":"2022-02-22,52500.0,40평(132.76)",
            "rank_history":[
                [
                    "202203",
                    32
                ],
                [
                    "202202",
                    33
                ],
                [
                    "202201",
                    43
                ]
            ],
            "rank_gap":1
        },
        {
            "index":417,
            "아파트명":"월드메르디앙이스턴애비뉴",
            "투자타입":"일반",
            "전용면적(m2)":"77.55",
            "전용면적(평)":"23평",
            "법정동주소":"경상남도 창원시 성산구 외동 853-16",
            "도로명주소":"경상남도 창원시 성산구 창원대로780번길 34",
            "세대수":50,
            "입주년차":60,
            "용적률점수":"--",
            "건폐율점수":"--",
            "세대당주차수":30,
            "난방방식":30,
            "공급면적":"--",
            "전용률":"--",
            "욕실수":100,
            "현관타입":100,
            "주거총점":57.0,
            "지역구공급총점":100.0,
            "역세권":"NA",
            "30분내 이동가능 거점":"NA",
            "1시간내 이동가능 거점":"NA",
            "교통총점":"NA",
            "백화점":100,
            "아울렛몰":0,
            "대형마트":80,
            "은행":20,
            "병원":0,
            "종합병원":100,
            "공원":80,
            "혐오시설":0,
            "인프라총점":66.4,
            "초등학군":89.99,
            "중학군":48.06,
            "학군총점":56.446,
            "인구수":29.3,
            "인구증감":79.91,
            "인구총점":44.483,
            "일자리":14.8,
            "소득수준":82.32,
            "일자리총점":35.056,
            "가치 총점":60.6215,
            "매매실거래년":20211229.0,
            "매매실거래가":29500.0,
            "전세실거래년":20211218.0,
            "전세실거래가":15750.0,
            "전세가율":73.6,
            "장기전세가율평균":68.76,
            "전세가율거품지수":-4.84,
            "검색코드":101485,
            "세대수":439.0,
            "준공년월":"2009-01-16",
            "준공년차":14.0,
            "가까운역이름":"NA",
            "가까운역거리":"NA",
            "역세권여부":"NA",
            "30분이내주요거점역":"NA",
            "30분거점역이름":"NA",
            "1시간이내주요거점역":"NA",
            "1시간거점역이름":"NA",
            "3km이내백화점수":1,
            "5km이내아울렛몰수":0,
            "1km이내대형먀트수":1,
            "500m이내은행수":2,
            "500m이내병원수":0,
            "5km이내대형병원수":4,
            "500m이내공원수":1,
            "3km이내혐오시설수":0,
            "초등학교학업성취도":89.99,
            "중학교학업성취도":80.1,
            "용적률":242,
            "건폐율":21,
            "Y":35.212813,
            "X":128.676748,
            "rank":33.0,
            "area_info":"23평(77.55), 32평(107.65), 32평(108.74), 43평(143.84)",
            "last_sales":"2021-12-29,29500.0,32평(107.65)",
            "rank_history":[
                [
                    "202203",
                    33
                ],
                [
                    "202202",
                    32
                ],
                [
                    "202201",
                    41
                ]
            ],
            "rank_gap":-1
        },
        {
            "index":107,
            "아파트명":"위드파크",
            "투자타입":"일반",
            "전용면적(m2)":"69.92",
            "전용면적(평)":"21평",
            "법정동주소":"경상남도 창원시 성산구 남양동 23",
            "도로명주소":"경상남도 창원시 성산구 가양로 97",
            "세대수":90,
            "입주년차":0,
            "용적률점수":"--",
            "건폐율점수":"--",
            "세대당주차수":30,
            "난방방식":30,
            "공급면적":"--",
            "전용률":"--",
            "욕실수":50,
            "현관타입":10,
            "주거총점":45.0,
            "지역구공급총점":100.0,
            "역세권":"NA",
            "30분내 이동가능 거점":"NA",
            "1시간내 이동가능 거점":"NA",
            "교통총점":"NA",
            "백화점":100,
            "아울렛몰":0,
            "대형마트":80,
            "은행":20,
            "병원":80,
            "종합병원":100,
            "공원":100,
            "혐오시설":0,
            "인프라총점":75.0,
            "초등학군":89.97,
            "중학군":51.24,
            "학군총점":58.986,
            "인구수":29.3,
            "인구증감":79.91,
            "인구총점":44.483,
            "일자리":14.8,
            "소득수준":82.32,
            "일자리총점":35.056,
            "가치 총점":60.4965,
            "매매실거래년":20220217.0,
            "매매실거래가":22000.0,
            "전세실거래년":20220108.0,
            "전세실거래가":14000.0,
            "전세가율":70.0,
            "장기전세가율평균":68.76,
            "전세가율거품지수":-1.24,
            "검색코드":22621,
            "세대수":960.0,
            "준공년월":"1998-05-26",
            "준공년차":25.0,
            "가까운역이름":"NA",
            "가까운역거리":"NA",
            "역세권여부":"NA",
            "30분이내주요거점역":"NA",
            "30분거점역이름":"NA",
            "1시간이내주요거점역":"NA",
            "1시간거점역이름":"NA",
            "3km이내백화점수":1,
            "5km이내아울렛몰수":0,
            "1km이내대형먀트수":1,
            "500m이내은행수":2,
            "500m이내병원수":39,
            "5km이내대형병원수":3,
            "500m이내공원수":3,
            "3km이내혐오시설수":0,
            "초등학교학업성취도":89.97,
            "중학교학업성취도":84.6,
            "용적률":189,
            "건폐율":17,
            "Y":35.209741,
            "X":128.704894,
            "rank":34.0,
            "area_info":"21평(69.92), 21평(70.48), 23평(76.5), 23평(78.07), 23평(78.15)",
            "last_sales":"2022-02-17,22000.0,23평(76.5)",
            "rank_history":[
                [
                    "202203",
                    34
                ],
                [
                    "202202",
                    34
                ],
                [
                    "202201",
                    31
                ]
            ],
            "rank_gap":0
        },
        {
            "index":0,
            "아파트명":"가음비앤지스틸(주)사원",
            "투자타입":"재건축",
            "전용면적(m2)":"61.78",
            "전용면적(평)":"18평",
            "법정동주소":"경상남도 창원시 성산구 가음동 24-10",
            "도로명주소":"경상남도 창원시 성산구 가음정로 121",
            "세대수":0,
            "입주년차":"--",
            "용적률점수":100,
            "건폐율점수":80,
            "세대당주차수":"--",
            "난방방식":"--",
            "공급면적":50,
            "전용률":60,
            "욕실수":"--",
            "현관타입":"--",
            "주거총점":61.5,
            "지역구공급총점":100.0,
            "역세권":"NA",
            "30분내 이동가능 거점":"NA",
            "1시간내 이동가능 거점":"NA",
            "교통총점":"NA",
            "백화점":100,
            "아울렛몰":0,
            "대형마트":0,
            "은행":20,
            "병원":60,
            "종합병원":100,
            "공원":100,
            "혐오시설":0,
            "인프라총점":61.0,
            "초등학군":90.0,
            "중학군":47.44,
            "학군총점":55.952,
            "인구수":29.3,
            "인구증감":79.91,
            "인구총점":44.483,
            "일자리":14.8,
            "소득수준":82.32,
            "일자리총점":35.056,
            "가치 총점":59.913,
            "매매실거래년":20210625.0,
            "매매실거래가":44000.0,
            "전세실거래년":null,
            "전세실거래가":null,
            "전세가율":null,
            "장기전세가율평균":68.76,
            "전세가율거품지수":null,
            "검색코드":108265,
            "세대수":90.0,
            "준공년월":"1989-06-26",
            "준공년차":34.0,
            "가까운역이름":"NA",
            "가까운역거리":"NA",
            "역세권여부":"NA",
            "30분이내주요거점역":"NA",
            "30분거점역이름":"NA",
            "1시간이내주요거점역":"NA",
            "1시간거점역이름":"NA",
            "3km이내백화점수":1,
            "5km이내아울렛몰수":0,
            "1km이내대형먀트수":0,
            "500m이내은행수":2,
            "500m이내병원수":14,
            "5km이내대형병원수":3,
            "500m이내공원수":2,
            "3km이내혐오시설수":0,
            "초등학교학업성취도":90.0,
            "중학교학업성취도":78.0,
            "용적률":130,
            "건폐율":26,
            "Y":35.205901,
            "X":128.695781,
            "rank":35.0,
            "area_info":"18평(61.78), 20평(66.17), 25평(85.41)",
            "last_sales":"2021-06-25,44000.0,20평(66.17)",
            "rank_history":[
                [
                    "202203",
                    35
                ],
                [
                    "202202",
                    9999
                ]
            ],
            "rank_gap":9999
        },
        {
            "index":271,
            "아파트명":"사파동성",
            "투자타입":"재건축",
            "전용면적(m2)":"71.54",
            "전용면적(평)":"21평",
            "법정동주소":"경상남도 창원시 성산구 사파동 93",
            "도로명주소":"경상남도 창원시 성산구 창이대로 737",
            "세대수":100,
            "입주년차":"--",
            "용적률점수":0,
            "건폐율점수":100,
            "세대당주차수":"--",
            "난방방식":"--",
            "공급면적":50,
            "전용률":40,
            "욕실수":"--",
            "현관타입":"--",
            "주거총점":54.5,
            "지역구공급총점":100.0,
            "역세권":"NA",
            "30분내 이동가능 거점":"NA",
            "1시간내 이동가능 거점":"NA",
            "교통총점":"NA",
            "백화점":100,
            "아울렛몰":0,
            "대형마트":80,
            "은행":0,
            "병원":30,
            "종합병원":100,
            "공원":100,
            "혐오시설":0,
            "인프라총점":68.0,
            "초등학군":90.02,
            "중학군":45.56,
            "학군총점":54.452,
            "인구수":29.3,
            "인구증감":79.91,
            "인구총점":44.483,
            "일자리":14.8,
            "소득수준":82.32,
            "일자리총점":35.056,
            "가치 총점":59.888,
            "매매실거래년":20220216.0,
            "매매실거래가":39500.0,
            "전세실거래년":20220221.0,
            "전세실거래가":17000.0,
            "전세가율":75.56,
            "장기전세가율평균":68.76,
            "전세가율거품지수":-6.8,
            "검색코드":7779,
            "세대수":1986.0,
            "준공년월":"1992-11-25",
            "준공년차":31.0,
            "가까운역이름":"NA",
            "가까운역거리":"NA",
            "역세권여부":"NA",
            "30분이내주요거점역":"NA",
            "30분거점역이름":"NA",
            "1시간이내주요거점역":"NA",
            "1시간거점역이름":"NA",
            "3km이내백화점수":1,
            "5km이내아울렛몰수":0,
            "1km이내대형먀트수":1,
            "500m이내은행수":0,
            "500m이내병원수":5,
            "5km이내대형병원수":3,
            "500m이내공원수":3,
            "3km이내혐오시설수":0,
            "초등학교학업성취도":90.02,
            "중학교학업성취도":75.2,
            "용적률":289,
            "건폐율":17,
            "Y":35.219491,
            "X":128.703924,
            "rank":36.0,
            "area_info":"21평(71.54), 22평(75.61), 31평(102.98), 46평(154.76)",
            "last_sales":"2022-02-16,39500.0,46평(154.76)",
            "rank_history":[
                [
                    "202203",
                    36
                ],
                [
                    "202202",
                    35
                ],
                [
                    "202201",
                    32
                ]
            ],
            "rank_gap":-1
        },
        {
            "index":62,
            "아파트명":"한국센트랄",
            "투자타입":"재건축",
            "전용면적(m2)":"48.93",
            "전용면적(평)":"14평",
            "법정동주소":"경상남도 창원시 성산구 가음동 22-4",
            "도로명주소":"경상남도 창원시 성산구 원이대로883번길 11-21",
            "세대수":0,
            "입주년차":"--",
            "용적률점수":100,
            "건폐율점수":80,
            "세대당주차수":"--",
            "난방방식":"--",
            "공급면적":50,
            "전용률":80,
            "욕실수":"--",
            "현관타입":"--",
            "주거총점":62.5,
            "지역구공급총점":100.0,
            "역세권":"NA",
            "30분내 이동가능 거점":"NA",
            "1시간내 이동가능 거점":"NA",
            "교통총점":"NA",
            "백화점":100,
            "아울렛몰":0,
            "대형마트":0,
            "은행":0,
            "병원":60,
            "종합병원":100,
            "공원":100,
            "혐오시설":0,
            "인프라총점":59.0,
            "초등학군":90.0,
            "중학군":47.44,
            "학군총점":55.952,
            "인구수":29.3,
            "인구증감":79.91,
            "인구총점":44.483,
            "일자리":14.8,
            "소득수준":82.32,
            "일자리총점":35.056,
            "가치 총점":59.463,
            "매매실거래년":20211203.0,
            "매매실거래가":25700.0,
            "전세실거래년":20220225.0,
            "전세실거래가":9000.0,
            "전세가율":35.02,
            "장기전세가율평균":68.76,
            "전세가율거품지수":33.74,
            "검색코드":16765,
            "세대수":130.0,
            "준공년월":"1987-12-01",
            "준공년차":36.0,
            "가까운역이름":"NA",
            "가까운역거리":"NA",
            "역세권여부":"NA",
            "30분이내주요거점역":"NA",
            "30분거점역이름":"NA",
            "1시간이내주요거점역":"NA",
            "1시간거점역이름":"NA",
            "3km이내백화점수":1,
            "5km이내아울렛몰수":0,
            "1km이내대형먀트수":0,
            "500m이내은행수":1,
            "500m이내병원수":15,
            "5km이내대형병원수":3,
            "500m이내공원수":4,
            "3km이내혐오시설수":0,
            "초등학교학업성취도":90.0,
            "중학교학업성취도":78.0,
            "용적률":141,
            "건폐율":29,
            "Y":35.208613,
            "X":128.695735,
            "rank":37.0,
            "area_info":"14평(48.93), 14평(48.93)",
            "last_sales":"2021-12-03,25700.0,14평(48.93)",
            "rank_history":[
                [
                    "202203",
                    37
                ],
                [
                    "202202",
                    36
                ],
                [
                    "202201",
                    34
                ]
            ],
            "rank_gap":-1
        },
        {
            "index":64,
            "아파트명":"형진,한아름",
            "투자타입":"재건축",
            "전용면적(m2)":"50.41",
            "전용면적(평)":"15평",
            "법정동주소":"경상남도 창원시 성산구 가음동 22-1",
            "도로명주소":"경상남도 창원시 성산구 원이대로883번길 3-15",
            "세대수":0,
            "입주년차":"--",
            "용적률점수":100,
            "건폐율점수":80,
            "세대당주차수":"--",
            "난방방식":"--",
            "공급면적":50,
            "전용률":80,
            "욕실수":"--",
            "현관타입":"--",
            "주거총점":62.5,
            "지역구공급총점":100.0,
            "역세권":"NA",
            "30분내 이동가능 거점":"NA",
            "1시간내 이동가능 거점":"NA",
            "교통총점":"NA",
            "백화점":100,
            "아울렛몰":0,
            "대형마트":0,
            "은행":0,
            "병원":60,
            "종합병원":100,
            "공원":100,
            "혐오시설":0,
            "인프라총점":59.0,
            "초등학군":89.99,
            "중학군":47.44,
            "학군총점":55.95,
            "인구수":29.3,
            "인구증감":79.91,
            "인구총점":44.483,
            "일자리":14.8,
            "소득수준":82.32,
            "일자리총점":35.056,
            "가치 총점":59.4625,
            "매매실거래년":20210531.0,
            "매매실거래가":20000.0,
            "전세실거래년":20220104.0,
            "전세실거래가":8000.0,
            "전세가율":35.09,
            "장기전세가율평균":68.76,
            "전세가율거품지수":33.67,
            "검색코드":16766,
            "세대수":160.0,
            "준공년월":"1985-04-10",
            "준공년차":38.0,
            "가까운역이름":"NA",
            "가까운역거리":"NA",
            "역세권여부":"NA",
            "30분이내주요거점역":"NA",
            "30분거점역이름":"NA",
            "1시간이내주요거점역":"NA",
            "1시간거점역이름":"NA",
            "3km이내백화점수":1,
            "5km이내아울렛몰수":0,
            "1km이내대형먀트수":0,
            "500m이내은행수":1,
            "500m이내병원수":14,
            "5km이내대형병원수":3,
            "500m이내공원수":4,
            "3km이내혐오시설수":0,
            "초등학교학업성취도":89.99,
            "중학교학업성취도":78.0,
            "용적률":143,
            "건폐율":28,
            "Y":35.208661,
            "X":128.695154,
            "rank":38.0,
            "area_info":"15평(50.41), 15평(52.45), 17평(57.15)",
            "last_sales":"2021-05-31,20000.0,15평(52.45)",
            "rank_history":[
                [
                    "202203",
                    38
                ],
                [
                    "202202",
                    37
                ],
                [
                    "202201",
                    33
                ]
            ],
            "rank_gap":-1
        },
        {
            "index":84,
            "아파트명":"롯데",
            "투자타입":"재건축",
            "전용면적(m2)":"87.31",
            "전용면적(평)":"26평",
            "법정동주소":"경상남도 창원시 성산구 남양동 4",
            "도로명주소":"경상남도 창원시 성산구 대암로 56",
            "세대수":50,
            "입주년차":"--",
            "용적률점수":0,
            "건폐율점수":100,
            "세대당주차수":"--",
            "난방방식":"--",
            "공급면적":70,
            "전용률":80,
            "욕실수":"--",
            "현관타입":"--",
            "주거총점":42.5,
            "지역구공급총점":100.0,
            "역세권":"NA",
            "30분내 이동가능 거점":"NA",
            "1시간내 이동가능 거점":"NA",
            "교통총점":"NA",
            "백화점":100,
            "아울렛몰":0,
            "대형마트":80,
            "은행":20,
            "병원":60,
            "종합병원":100,
            "공원":100,
            "혐오시설":0,
            "인프라총점":73.0,
            "초등학군":89.99,
            "중학군":51.24,
            "학군총점":58.99,
            "인구수":29.3,
            "인구증감":79.91,
            "인구총점":44.483,
            "일자리":14.8,
            "소득수준":82.32,
            "일자리총점":35.056,
            "가치 총점":58.8225,
            "매매실거래년":20220212.0,
            "매매실거래가":29600.0,
            "전세실거래년":20211103.0,
            "전세실거래가":20000.0,
            "전세가율":75.47,
            "장기전세가율평균":68.76,
            "전세가율거품지수":-6.71,
            "검색코드":7626,
            "세대수":450.0,
            "준공년월":"1990-09-27",
            "준공년차":33.0,
            "가까운역이름":"NA",
            "가까운역거리":"NA",
            "역세권여부":"NA",
            "30분이내주요거점역":"NA",
            "30분거점역이름":"NA",
            "1시간이내주요거점역":"NA",
            "1시간거점역이름":"NA",
            "3km이내백화점수":1,
            "5km이내아울렛몰수":0,
            "1km이내대형먀트수":1,
            "500m이내은행수":2,
            "500m이내병원수":21,
            "5km이내대형병원수":3,
            "500m이내공원수":2,
            "3km이내혐오시설수":0,
            "초등학교학업성취도":89.99,
            "중학교학업성취도":84.6,
            "용적률":247,
            "건폐율":18,
            "Y":35.213732,
            "X":128.702084,
            "rank":39.0,
            "area_info":"26평(87.31), 30평(102.17), 45평(149.42)",
            "last_sales":"2022-02-12,29600.0,30평(102.17)",
            "rank_history":[
                [
                    "202203",
                    39
                ],
                [
                    "202202",
                    38
                ],
                [
                    "202201",
                    36
                ]
            ],
            "rank_gap":-1
        },
        {
            "index":87,
            "아파트명":"상남동성(남양동성)",
            "투자타입":"재건축",
            "전용면적(m2)":"93.7",
            "전용면적(평)":"28평",
            "법정동주소":"경상남도 창원시 성산구 남양동 1",
            "도로명주소":"경상남도 창원시 성산구 대암로 64",
            "세대수":50,
            "입주년차":"--",
            "용적률점수":0,
            "건폐율점수":100,
            "세대당주차수":"--",
            "난방방식":"--",
            "공급면적":70,
            "전용률":80,
            "욕실수":"--",
            "현관타입":"--",
            "주거총점":42.5,
            "지역구공급총점":100.0,
            "역세권":"NA",
            "30분내 이동가능 거점":"NA",
            "1시간내 이동가능 거점":"NA",
            "교통총점":"NA",
            "백화점":100,
            "아울렛몰":0,
            "대형마트":80,
            "은행":20,
            "병원":60,
            "종합병원":100,
            "공원":100,
            "혐오시설":0,
            "인프라총점":73.0,
            "초등학군":89.97,
            "중학군":51.24,
            "학군총점":58.986,
            "인구수":29.3,
            "인구증감":79.91,
            "인구총점":44.483,
            "일자리":14.8,
            "소득수준":82.32,
            "일자리총점":35.056,
            "가치 총점":58.8215,
            "매매실거래년":20220218.0,
            "매매실거래가":25050.0,
            "전세실거래년":20220224.0,
            "전세실거래가":16800.0,
            "전세가율":67.07,
            "장기전세가율평균":68.76,
            "전세가율거품지수":1.69,
            "검색코드":7624,
            "세대수":540.0,
            "준공년월":"1990-09-20",
            "준공년차":33.0,
            "가까운역이름":"NA",
            "가까운역거리":"NA",
            "역세권여부":"NA",
            "30분이내주요거점역":"NA",
            "30분거점역이름":"NA",
            "1시간이내주요거점역":"NA",
            "1시간거점역이름":"NA",
            "3km이내백화점수":1,
            "5km이내아울렛몰수":0,
            "1km이내대형먀트수":1,
            "500m이내은행수":2,
            "500m이내병원수":29,
            "5km이내대형병원수":3,
            "500m이내공원수":2,
            "3km이내혐오시설수":0,
            "초등학교학업성취도":89.97,
            "중학교학업성취도":84.6,
            "용적률":248,
            "건폐율":18,
            "Y":35.214111,
            "X":128.70369,
            "rank":40.0,
            "area_info":"28평(93.7), 30평(101.62), 46평(155.27)",
            "last_sales":"2022-02-18,25050.0,28평(93.7)",
            "rank_history":[
                [
                    "202203",
                    40
                ],
                [
                    "202202",
                    39
                ],
                [
                    "202201",
                    37
                ]
            ],
            "rank_gap":-1
        },
        {
            "index":255,
            "아파트명":"대동1차",
            "투자타입":"재건축",
            "전용면적(m2)":"55.31",
            "전용면적(평)":"16평",
            "법정동주소":"경상남도 창원시 성산구 사파동 142",
            "도로명주소":"경상남도 창원시 성산구 신사로 106",
            "세대수":50,
            "입주년차":"--",
            "용적률점수":0,
            "건폐율점수":80,
            "세대당주차수":"--",
            "난방방식":"--",
            "공급면적":50,
            "전용률":80,
            "욕실수":"--",
            "현관타입":"--",
            "주거총점":37.5,
            "지역구공급총점":100.0,
            "역세권":"NA",
            "30분내 이동가능 거점":"NA",
            "1시간내 이동가능 거점":"NA",
            "교통총점":"NA",
            "백화점":100,
            "아울렛몰":0,
            "대형마트":80,
            "은행":70,
            "병원":80,
            "종합병원":100,
            "공원":100,
            "혐오시설":0,
            "인프라총점":80.0,
            "초등학군":90.02,
            "중학군":45.56,
            "학군총점":54.452,
            "인구수":29.3,
            "인구증감":79.91,
            "인구총점":44.483,
            "일자리":14.8,
            "소득수준":82.32,
            "일자리총점":35.056,
            "가치 총점":58.738,
            "매매실거래년":20220123.0,
            "매매실거래가":31000.0,
            "전세실거래년":20220116.0,
            "전세실거래가":9000.0,
            "전세가율":29.03,
            "장기전세가율평균":68.76,
            "전세가율거품지수":39.73,
            "검색코드":7768,
            "세대수":400.0,
            "준공년월":"1988-06-30",
            "준공년차":35.0,
            "가까운역이름":"NA",
            "가까운역거리":"NA",
            "역세권여부":"NA",
            "30분이내주요거점역":"NA",
            "30분거점역이름":"NA",
            "1시간이내주요거점역":"NA",
            "1시간거점역이름":"NA",
            "3km이내백화점수":1,
            "5km이내아울렛몰수":0,
            "1km이내대형먀트수":1,
            "500m이내은행수":3,
            "500m이내병원수":40,
            "5km이내대형병원수":4,
            "500m이내공원수":2,
            "3km이내혐오시설수":0,
            "초등학교학업성취도":90.02,
            "중학교학업성취도":75.2,
            "용적률":0,
            "건폐율":29,
            "Y":35.220567,
            "X":128.69553,
            "rank":41.0,
            "area_info":"16평(55.31), 18평(60.7), 19평(63.43)",
            "last_sales":"2022-01-23,31000.0,16평(55.31)",
            "rank_history":[
                [
                    "202203",
                    41
                ],
                [
                    "202202",
                    40
                ],
                [
                    "202201",
                    47
                ]
            ],
            "rank_gap":-1
        },
        {
            "index":142,
            "아파트명":"한화",
            "투자타입":"재건축",
            "전용면적(m2)":"71.02",
            "전용면적(평)":"21평",
            "법정동주소":"경상남도 창원시 성산구 내동 452-2",
            "도로명주소":"경상남도 창원시 성산구 삼동로128번길 13",
            "세대수":0,
            "입주년차":"--",
            "용적률점수":100,
            "건폐율점수":100,
            "세대당주차수":"--",
            "난방방식":"--",
            "공급면적":50,
            "전용률":80,
            "욕실수":"--",
            "현관타입":"--",
            "주거총점":66.5,
            "지역구공급총점":100.0,
            "역세권":"NA",
            "30분내 이동가능 거점":"NA",
            "1시간내 이동가능 거점":"NA",
            "교통총점":"NA",
            "백화점":100,
            "아울렛몰":0,
            "대형마트":0,
            "은행":0,
            "병원":0,
            "종합병원":100,
            "공원":80,
            "혐오시설":0,
            "인프라총점":52.4,
            "초등학군":90.0,
            "중학군":49.44,
            "학군총점":57.552,
            "인구수":29.3,
            "인구증감":79.91,
            "인구총점":44.483,
            "일자리":14.8,
            "소득수준":82.32,
            "일자리총점":35.056,
            "가치 총점":58.623,
            "매매실거래년":20201214.0,
            "매매실거래가":5500.0,
            "전세실거래년":20211104.0,
            "전세실거래가":7000.0,
            "전세가율":127.27,
            "장기전세가율평균":68.76,
            "전세가율거품지수":-58.51,
            "검색코드":101100,
            "세대수":71.0,
            "준공년월":"1991-04-17",
            "준공년차":32.0,
            "가까운역이름":"NA",
            "가까운역거리":"NA",
            "역세권여부":"NA",
            "30분이내주요거점역":"NA",
            "30분거점역이름":"NA",
            "1시간이내주요거점역":"NA",
            "1시간거점역이름":"NA",
            "3km이내백화점수":1,
            "5km이내아울렛몰수":0,
            "1km이내대형먀트수":0,
            "500m이내은행수":0,
            "500m이내병원수":0,
            "5km이내대형병원수":3,
            "500m이내공원수":1,
            "3km이내혐오시설수":0,
            "초등학교학업성취도":90.0,
            "중학교학업성취도":82.4,
            "용적률":106,
            "건폐율":17,
            "Y":35.224602,
            "X":128.657391,
            "rank":42.0,
            "area_info":"21평(71.02)",
            "last_sales":"2020-12-14,5500.0,21평(71.02)",
            "rank_history":[
                [
                    "202203",
                    42
                ],
                [
                    "202202",
                    9999
                ]
            ],
            "rank_gap":9999
        },
        {
            "index":177,
            "아파트명":"포레나대원",
            "투자타입":"일반",
            "전용면적(m2)":"82.33",
            "전용면적(평)":"24평",
            "법정동주소":"경상남도 창원시 성산구 대원동 40",
            "도로명주소":"경상남도 창원시 성산구 창원천로 34",
            "세대수":100,
            "입주년차":80,
            "용적률점수":"--",
            "건폐율점수":"--",
            "세대당주차수":60,
            "난방방식":30,
            "공급면적":"--",
            "전용률":"--",
            "욕실수":100,
            "현관타입":100,
            "주거총점":83.0,
            "지역구공급총점":100.0,
            "역세권":"NA",
            "30분내 이동가능 거점":"NA",
            "1시간내 이동가능 거점":"NA",
            "교통총점":"NA",
            "백화점":0,
            "아울렛몰":0,
            "대형마트":100,
            "은행":0,
            "병원":10,
            "종합병원":100,
            "공원":100,
            "혐오시설":0,
            "인프라총점":39.0,
            "초등학군":90.0,
            "중학군":44.96,
            "학군총점":53.968,
            "인구수":29.3,
            "인구증감":79.91,
            "인구총점":44.483,
            "일자리":14.8,
            "소득수준":82.32,
            "일자리총점":35.056,
            "가치 총점":58.142,
            "매매실거래년":20220129.0,
            "매매실거래가":57500.0,
            "전세실거래년":20220219.0,
            "전세실거래가":43000.0,
            "전세가율":70.49,
            "장기전세가율평균":68.76,
            "전세가율거품지수":-1.73,
            "검색코드":112657,
            "세대수":1530.0,
            "준공년월":"2018-12-26",
            "준공년차":5.0,
            "가까운역이름":"NA",
            "가까운역거리":"NA",
            "역세권여부":"NA",
            "30분이내주요거점역":"NA",
            "30분거점역이름":"NA",
            "1시간이내주요거점역":"NA",
            "1시간거점역이름":"NA",
            "3km이내백화점수":0,
            "5km이내아울렛몰수":0,
            "1km이내대형먀트수":2,
            "500m이내은행수":0,
            "500m이내병원수":4,
            "5km이내대형병원수":3,
            "500m이내공원수":3,
            "3km이내혐오시설수":0,
            "초등학교학업성취도":90.0,
            "중학교학업성취도":73.4,
            "용적률":215,
            "건폐율":14,
            "Y":35.234366,
            "X":128.648801,
            "rank":43.0,
            "area_info":"24평(82.33), 25평(82.77), 28평(94.91), 28평(95.22), 35평(116.61), 35평(116.54), 35평(116.75), 35평(116.73), 35평(117.44), 35평(117.18), 44평(147.06)",
            "last_sales":"2022-01-29,57500.0,25평(82.77)",
            "rank_history":[
                [
                    "202203",
                    43
                ],
                [
                    "202202",
                    41
                ],
                [
                    "202201",
                    38
                ]
            ],
            "rank_gap":-2
        },
        {
            "index":117,
            "아파트명":"대동화천",
            "투자타입":"재건축",
            "전용면적(m2)":"66.01",
            "전용면적(평)":"19평",
            "법정동주소":"경상남도 창원시 성산구 내동 452-20",
            "도로명주소":"경상남도 창원시 성산구 삼동로128번길 49",
            "세대수":0,
            "입주년차":"--",
            "용적률점수":100,
            "건폐율점수":100,
            "세대당주차수":"--",
            "난방방식":"--",
            "공급면적":50,
            "전용률":80,
            "욕실수":"--",
            "현관타입":"--",
            "주거총점":66.5,
            "지역구공급총점":100.0,
            "역세권":"NA",
            "30분내 이동가능 거점":"NA",
            "1시간내 이동가능 거점":"NA",
            "교통총점":"NA",
            "백화점":100,
            "아울렛몰":0,
            "대형마트":0,
            "은행":0,
            "병원":0,
            "종합병원":100,
            "공원":0,
            "혐오시설":0,
            "인프라총점":50.0,
            "초등학군":90.0,
            "중학군":49.44,
            "학군총점":57.552,
            "인구수":29.3,
            "인구증감":79.91,
            "인구총점":44.483,
            "일자리":14.8,
            "소득수준":82.32,
            "일자리총점":35.056,
            "가치 총점":57.663,
            "매매실거래년":20220210.0,
            "매매실거래가":10000.0,
            "전세실거래년":20210608.0,
            "전세실거래가":9000.0,
            "전세가율":90.0,
            "장기전세가율평균":68.76,
            "전세가율거품지수":-21.24,
            "검색코드":100884,
            "세대수":80.0,
            "준공년월":"1990-10-30",
            "준공년차":33.0,
            "가까운역이름":"NA",
            "가까운역거리":"NA",
            "역세권여부":"NA",
            "30분이내주요거점역":"NA",
            "30분거점역이름":"NA",
            "1시간이내주요거점역":"NA",
            "1시간거점역이름":"NA",
            "3km이내백화점수":1,
            "5km이내아울렛몰수":0,
            "1km이내대형먀트수":0,
            "500m이내은행수":0,
            "500m이내병원수":0,
            "5km이내대형병원수":3,
            "500m이내공원수":0,
            "3km이내혐오시설수":0,
            "초등학교학업성취도":90.0,
            "중학교학업성취도":82.4,
            "용적률":92,
            "건폐율":18,
            "Y":35.223011,
            "X":128.659915,
            "rank":44.0,
            "area_info":"19평(66.01)",
            "last_sales":"2022-02-10,10000.0,19평(66.01)",
            "rank_history":[
                [
                    "202203",
                    44
                ],
                [
                    "202202",
                    9999
                ]
            ],
            "rank_gap":9999
        },
        {
            "index":410,
            "아파트명":"경남",
            "투자타입":"재건축",
            "전용면적(m2)":"64.62",
            "전용면적(평)":"19평",
            "법정동주소":"경상남도 창원시 성산구 외동 853-20",
            "도로명주소":"경상남도 창원시 성산구 창원대로780번길 48",
            "세대수":0,
            "입주년차":"--",
            "용적률점수":80,
            "건폐율점수":60,
            "세대당주차수":"--",
            "난방방식":"--",
            "공급면적":50,
            "전용률":80,
            "욕실수":"--",
            "현관타입":"--",
            "주거총점":50.5,
            "지역구공급총점":100.0,
            "역세권":"NA",
            "30분내 이동가능 거점":"NA",
            "1시간내 이동가능 거점":"NA",
            "교통총점":"NA",
            "백화점":100,
            "아울렛몰":0,
            "대형마트":80,
            "은행":0,
            "병원":0,
            "종합병원":100,
            "공원":80,
            "혐오시설":0,
            "인프라총점":64.4,
            "초등학군":89.99,
            "중학군":48.06,
            "학군총점":56.446,
            "인구수":29.3,
            "인구증감":79.91,
            "인구총점":44.483,
            "일자리":14.8,
            "소득수준":82.32,
            "일자리총점":35.056,
            "가치 총점":57.5465,
            "매매실거래년":20211014.0,
            "매매실거래가":9200.0,
            "전세실거래년":20151209.0,
            "전세실거래가":7000.0,
            "전세가율":83.33,
            "장기전세가율평균":68.76,
            "전세가율거품지수":-14.57,
            "검색코드":16834,
            "세대수":110.0,
            "준공년월":"1983-11-30",
            "준공년차":40.0,
            "가까운역이름":"NA",
            "가까운역거리":"NA",
            "역세권여부":"NA",
            "30분이내주요거점역":"NA",
            "30분거점역이름":"NA",
            "1시간이내주요거점역":"NA",
            "1시간거점역이름":"NA",
            "3km이내백화점수":1,
            "5km이내아울렛몰수":0,
            "1km이내대형먀트수":1,
            "500m이내은행수":1,
            "500m이내병원수":0,
            "5km이내대형병원수":4,
            "500m이내공원수":1,
            "3km이내혐오시설수":0,
            "초등학교학업성취도":89.99,
            "중학교학업성취도":80.1,
            "용적률":161,
            "건폐율":32,
            "Y":35.211964,
            "X":128.678696,
            "rank":45.0,
            "area_info":"19평(64.62), 21평(70.5)",
            "last_sales":"2021-10-14,9200.0,21평(70.5)",
            "rank_history":[
                [
                    "202203",
                    45
                ],
                [
                    "202202",
                    42
                ],
                [
                    "202201",
                    49
                ]
            ],
            "rank_gap":-3
        },
        {
            "index":81,
            "아파트명":"한양",
            "투자타입":"재건축",
            "전용면적(m2)":"59.51",
            "전용면적(평)":"18평",
            "법정동주소":"경상남도 창원시 성산구 남산동 601-4",
            "도로명주소":"경상남도 창원시 성산구 정동로162번길 49",
            "세대수":30,
            "입주년차":"--",
            "용적률점수":80,
            "건폐율점수":100,
            "세대당주차수":"--",
            "난방방식":"--",
            "공급면적":50,
            "전용률":60,
            "욕실수":"--",
            "현관타입":"--",
            "주거총점":66.5,
            "지역구공급총점":100.0,
            "역세권":"NA",
            "30분내 이동가능 거점":"NA",
            "1시간내 이동가능 거점":"NA",
            "교통총점":"NA",
            "백화점":100,
            "아울렛몰":0,
            "대형마트":0,
            "은행":0,
            "병원":0,
            "종합병원":100,
            "공원":0,
            "혐오시설":0,
            "인프라총점":50.0,
            "초등학군":90.0,
            "중학군":47.44,
            "학군총점":55.952,
            "인구수":29.3,
            "인구증감":79.91,
            "인구총점":44.483,
            "일자리":14.8,
            "소득수준":82.32,
            "일자리총점":35.056,
            "가치 총점":57.263,
            "매매실거래년":20220124.0,
            "매매실거래가":6500.0,
            "전세실거래년":20210901.0,
            "전세실거래가":5000.0,
            "전세가율":76.92,
            "장기전세가율평균":68.76,
            "전세가율거품지수":-8.16,
            "검색코드":15723,
            "세대수":332.0,
            "준공년월":"1986-05-02",
            "준공년차":37.0,
            "가까운역이름":"NA",
            "가까운역거리":"NA",
            "역세권여부":"NA",
            "30분이내주요거점역":"NA",
            "30분거점역이름":"NA",
            "1시간이내주요거점역":"NA",
            "1시간거점역이름":"NA",
            "3km이내백화점수":1,
            "5km이내아울렛몰수":0,
            "1km이내대형먀트수":0,
            "500m이내은행수":1,
            "500m이내병원수":1,
            "5km이내대형병원수":3,
            "500m이내공원수":0,
            "3km이내혐오시설수":0,
            "초등학교학업성취도":90.0,
            "중학교학업성취도":78.0,
            "용적률":174,
            "건폐율":18,
            "Y":35.201452,
            "X":128.69786,
            "rank":46.0,
            "area_info":"18평(59.51), 26평(87.46), 35평(116.39)",
            "last_sales":"2022-01-24,6500.0,18평(59.51)",
            "rank_history":[
                [
                    "202203",
                    46
                ],
                [
                    "202202",
                    44
                ],
                [
                    "202201",
                    40
                ]
            ],
            "rank_gap":-2
        },
        {
            "index":150,
            "아파트명":"대방대동",
            "투자타입":"재건축",
            "전용면적(m2)":"68.71",
            "전용면적(평)":"20평",
            "법정동주소":"경상남도 창원시 성산구 대방동 358",
            "도로명주소":"경상남도 창원시 성산구 대정로 142",
            "세대수":100,
            "입주년차":"--",
            "용적률점수":0,
            "건폐율점수":0,
            "세대당주차수":"--",
            "난방방식":"--",
            "공급면적":50,
            "전용률":60,
            "욕실수":"--",
            "현관타입":"--",
            "주거총점":35.5,
            "지역구공급총점":100.0,
            "역세권":"NA",
            "30분내 이동가능 거점":"NA",
            "1시간내 이동가능 거점":"NA",
            "교통총점":"NA",
            "백화점":100,
            "아울렛몰":0,
            "대형마트":80,
            "은행":20,
            "병원":80,
            "종합병원":100,
            "공원":80,
            "혐오시설":0,
            "인프라총점":74.4,
            "초등학군":90.0,
            "중학군":51.24,
            "학군총점":58.992,
            "인구수":29.3,
            "인구증감":79.91,
            "인구총점":44.483,
            "일자리":14.8,
            "소득수준":82.32,
            "일자리총점":35.056,
            "가치 총점":56.933,
            "매매실거래년":20220222.0,
            "매매실거래가":21500.0,
            "전세실거래년":20220225.0,
            "전세실거래가":17000.0,
            "전세가율":85.43,
            "장기전세가율평균":68.76,
            "전세가율거품지수":-16.67,
            "검색코드":7677,
            "세대수":1835.0,
            "준공년월":"1992-09-28",
            "준공년차":31.0,
            "가까운역이름":"NA",
            "가까운역거리":"NA",
            "역세권여부":"NA",
            "30분이내주요거점역":"NA",
            "30분거점역이름":"NA",
            "1시간이내주요거점역":"NA",
            "1시간거점역이름":"NA",
            "3km이내백화점수":1,
            "5km이내아울렛몰수":0,
            "1km이내대형먀트수":1,
            "500m이내은행수":2,
            "500m이내병원수":32,
            "5km이내대형병원수":3,
            "500m이내공원수":1,
            "3km이내혐오시설수":0,
            "초등학교학업성취도":90.0,
            "중학교학업성취도":84.6,
            "용적률":252,
            "건폐율":0,
            "Y":35.211032,
            "X":128.709199,
            "rank":47.0,
            "area_info":"20평(68.71), 23평(76.7), 30평(100.9), 30평(100.88), 44평(146.43)",
            "last_sales":"2022-02-22,21500.0,23평(76.7)",
            "rank_history":[
                [
                    "202203",
                    47
                ],
                [
                    "202202",
                    43
                ],
                [
                    "202201",
                    39
                ]
            ],
            "rank_gap":-4
        },
        {
            "index":127,
            "아파트명":"삼성올림픽맨션",
            "투자타입":"재건축",
            "전용면적(m2)":"85.55",
            "전용면적(평)":"25평",
            "법정동주소":"경상남도 창원시 성산구 내동 452-15",
            "도로명주소":"경상남도 창원시 성산구 삼동로128번길 29",
            "세대수":0,
            "입주년차":"--",
            "용적률점수":100,
            "건폐율점수":80,
            "세대당주차수":"--",
            "난방방식":"--",
            "공급면적":70,
            "전용률":80,
            "욕실수":"--",
            "현관타입":"--",
            "주거총점":63.5,
            "지역구공급총점":100.0,
            "역세권":"NA",
            "30분내 이동가능 거점":"NA",
            "1시간내 이동가능 거점":"NA",
            "교통총점":"NA",
            "백화점":100,
            "아울렛몰":0,
            "대형마트":0,
            "은행":0,
            "병원":0,
            "종합병원":100,
            "공원":0,
            "혐오시설":0,
            "인프라총점":50.0,
            "초등학군":90.0,
            "중학군":49.44,
            "학군총점":57.552,
            "인구수":29.3,
            "인구증감":79.91,
            "인구총점":44.483,
            "일자리":14.8,
            "소득수준":82.32,
            "일자리총점":35.056,
            "가치 총점":56.613,
            "매매실거래년":20211129.0,
            "매매실거래가":12700.0,
            "전세실거래년":20200706.0,
            "전세실거래가":10000.0,
            "전세가율":78.74,
            "장기전세가율평균":68.76,
            "전세가율거품지수":-9.98,
            "검색코드":101099,
            "세대수":70.0,
            "준공년월":"1990-06-29",
            "준공년차":33.0,
            "가까운역이름":"NA",
            "가까운역거리":"NA",
            "역세권여부":"NA",
            "30분이내주요거점역":"NA",
            "30분거점역이름":"NA",
            "1시간이내주요거점역":"NA",
            "1시간거점역이름":"NA",
            "3km이내백화점수":1,
            "5km이내아울렛몰수":0,
            "1km이내대형먀트수":0,
            "500m이내은행수":0,
            "500m이내병원수":0,
            "5km이내대형병원수":3,
            "500m이내공원수":0,
            "3km이내혐오시설수":0,
            "초등학교학업성취도":90.0,
            "중학교학업성취도":82.4,
            "용적률":103,
            "건폐율":20,
            "Y":35.223738,
            "X":128.658834,
            "rank":48.0,
            "area_info":"25평(85.55)",
            "last_sales":"2021-11-29,12700.0,25평(85.55)",
            "rank_history":[
                [
                    "202203",
                    48
                ],
                [
                    "202202",
                    9999
                ]
            ],
            "rank_gap":9999
        },
        {
            "index":172,
            "아파트명":"성원남산3차(309~311동)",
            "투자타입":"재건축",
            "전용면적(m2)":"60.33",
            "전용면적(평)":"18평",
            "법정동주소":"경상남도 창원시 성산구 대방동 355",
            "도로명주소":"경상남도 창원시 성산구 대암로 126",
            "세대수":90,
            "입주년차":"--",
            "용적률점수":0,
            "건폐율점수":0,
            "세대당주차수":"--",
            "난방방식":"--",
            "공급면적":50,
            "전용률":80,
            "욕실수":"--",
            "현관타입":"--",
            "주거총점":33.5,
            "지역구공급총점":100.0,
            "역세권":"NA",
            "30분내 이동가능 거점":"NA",
            "1시간내 이동가능 거점":"NA",
            "교통총점":"NA",
            "백화점":100,
            "아울렛몰":0,
            "대형마트":80,
            "은행":0,
            "병원":60,
            "종합병원":100,
            "공원":100,
            "혐오시설":0,
            "인프라총점":71.0,
            "초등학군":89.97,
            "중학군":51.24,
            "학군총점":58.986,
            "인구수":29.3,
            "인구증감":79.91,
            "인구총점":44.483,
            "일자리":14.8,
            "소득수준":82.32,
            "일자리총점":35.056,
            "가치 총점":54.8715,
            "매매실거래년":20220223.0,
            "매매실거래가":11300.0,
            "전세실거래년":20220220.0,
            "전세실거래가":6000.0,
            "전세가율":53.1,
            "장기전세가율평균":68.76,
            "전세가율거품지수":15.66,
            "검색코드":7688,
            "세대수":1017.0,
            "준공년월":"1992-11-30",
            "준공년차":31.0,
            "가까운역이름":"NA",
            "가까운역거리":"NA",
            "역세권여부":"NA",
            "30분이내주요거점역":"NA",
            "30분거점역이름":"NA",
            "1시간이내주요거점역":"NA",
            "1시간거점역이름":"NA",
            "3km이내백화점수":1,
            "5km이내아울렛몰수":0,
            "1km이내대형먀트수":1,
            "500m이내은행수":1,
            "500m이내병원수":14,
            "5km이내대형병원수":3,
            "500m이내공원수":2,
            "3km이내혐오시설수":0,
            "초등학교학업성취도":89.97,
            "중학교학업성취도":84.6,
            "용적률":0,
            "건폐율":0,
            "Y":35.215214,
            "X":128.706083,
            "rank":49.0,
            "area_info":"18평(60.33)",
            "last_sales":"2022-02-23,11300.0,18평(60.33)",
            "rank_history":[
                [
                    "202203",
                    49
                ],
                [
                    "202202",
                    46
                ],
                [
                    "202201",
                    42
                ]
            ],
            "rank_gap":-3
        },
        {
            "index":169,
            "아파트명":"성원남산3차(301~308동)",
            "투자타입":"재건축",
            "전용면적(m2)":"68.81",
            "전용면적(평)":"20평",
            "법정동주소":"경상남도 창원시 성산구 대방동 355",
            "도로명주소":"경상남도 창원시 성산구 대암로 82",
            "세대수":90,
            "입주년차":"--",
            "용적률점수":0,
            "건폐율점수":0,
            "세대당주차수":"--",
            "난방방식":"--",
            "공급면적":50,
            "전용률":60,
            "욕실수":"--",
            "현관타입":"--",
            "주거총점":32.5,
            "지역구공급총점":100.0,
            "역세권":"NA",
            "30분내 이동가능 거점":"NA",
            "1시간내 이동가능 거점":"NA",
            "교통총점":"NA",
            "백화점":100,
            "아울렛몰":0,
            "대형마트":80,
            "은행":0,
            "병원":60,
            "종합병원":100,
            "공원":100,
            "혐오시설":0,
            "인프라총점":71.0,
            "초등학군":89.97,
            "중학군":51.24,
            "학군총점":58.986,
            "인구수":29.3,
            "인구증감":79.91,
            "인구총점":44.483,
            "일자리":14.8,
            "소득수준":82.32,
            "일자리총점":35.056,
            "가치 총점":54.5215,
            "매매실거래년":"18000101",
            "매매실거래가":null,
            "전세실거래년":null,
            "전세실거래가":null,
            "전세가율":null,
            "장기전세가율평균":68.76,
            "전세가율거품지수":null,
            "검색코드":106374,
            "세대수":1397.0,
            "준공년월":"1992-11-30",
            "준공년차":31.0,
            "가까운역이름":"NA",
            "가까운역거리":"NA",
            "역세권여부":"NA",
            "30분이내주요거점역":"NA",
            "30분거점역이름":"NA",
            "1시간이내주요거점역":"NA",
            "1시간거점역이름":"NA",
            "3km이내백화점수":1,
            "5km이내아울렛몰수":0,
            "1km이내대형먀트수":1,
            "500m이내은행수":1,
            "500m이내병원수":14,
            "5km이내대형병원수":3,
            "500m이내공원수":2,
            "3km이내혐오시설수":0,
            "초등학교학업성취도":89.97,
            "중학교학업성취도":84.6,
            "용적률":0,
            "건폐율":0,
            "Y":35.215205,
            "X":128.706083,
            "rank":50.0,
            "area_info":"20평(68.81), 24평(80.32), 32평(105.88)",
            "last_sales":"1800-01-01,nan,20평(68.81)",
            "rank_history":[
                [
                    "202203",
                    50
                ],
                [
                    "202202",
                    46
                ],
                [
                    "202201",
                    42
                ]
            ],
            "rank_gap":-4
        },
        {
            "index":120,
            "아파트명":"목련",
            "투자타입":"재건축",
            "전용면적(m2)":"52.89",
            "전용면적(평)":"15평",
            "법정동주소":"경상남도 창원시 성산구 내동 454-1",
            "도로명주소":"경상남도 창원시 성산구 삼동로128번길 65",
            "세대수":0,
            "입주년차":"--",
            "용적률점수":100,
            "건폐율점수":60,
            "세대당주차수":"--",
            "난방방식":"--",
            "공급면적":50,
            "전용률":60,
            "욕실수":"--",
            "현관타입":"--",
            "주거총점":57.5,
            "지역구공급총점":100.0,
            "역세권":"NA",
            "30분내 이동가능 거점":"NA",
            "1시간내 이동가능 거점":"NA",
            "교통총점":"NA",
            "백화점":100,
            "아울렛몰":0,
            "대형마트":0,
            "은행":0,
            "병원":0,
            "종합병원":100,
            "공원":0,
            "혐오시설":0,
            "인프라총점":50.0,
            "초등학군":90.0,
            "중학군":49.44,
            "학군총점":57.552,
            "인구수":29.3,
            "인구증감":79.91,
            "인구총점":44.483,
            "일자리":14.8,
            "소득수준":82.32,
            "일자리총점":35.056,
            "가치 총점":54.513,
            "매매실거래년":20220223.0,
            "매매실거래가":15000.0,
            "전세실거래년":20201201.0,
            "전세실거래가":2800.0,
            "전세가율":21.54,
            "장기전세가율평균":68.76,
            "전세가율거품지수":47.22,
            "검색코드":15727,
            "세대수":239.0,
            "준공년월":"1979-09-13",
            "준공년차":44.0,
            "가까운역이름":"NA",
            "가까운역거리":"NA",
            "역세권여부":"NA",
            "30분이내주요거점역":"NA",
            "30분거점역이름":"NA",
            "1시간이내주요거점역":"NA",
            "1시간거점역이름":"NA",
            "3km이내백화점수":1,
            "5km이내아울렛몰수":0,
            "1km이내대형먀트수":0,
            "500m이내은행수":0,
            "500m이내병원수":0,
            "5km이내대형병원수":4,
            "500m이내공원수":0,
            "3km이내혐오시설수":0,
            "초등학교학업성취도":90.0,
            "중학교학업성취도":82.4,
            "용적률":113,
            "건폐율":31,
            "Y":35.221696,
            "X":128.662849,
            "rank":51.0,
            "area_info":"15평(52.89), 22평(76.03), 25평(82.65), 31평(102.48), 32평(105.79)",
            "last_sales":"2022-02-23,15000.0,25평(82.65)",
            "rank_history":[
                [
                    "202203",
                    51
                ],
                [
                    "202202",
                    45
                ],
                [
                    "202201",
                    44
                ]
            ],
            "rank_gap":-6
        },
        {
            "index":138,
            "아파트명":"창원월드메르디앙웨스턴애비뉴",
            "투자타입":"일반",
            "전용면적(m2)":"77.55",
            "전용면적(평)":"23평",
            "법정동주소":"경상남도 창원시 성산구 내동 452-14",
            "도로명주소":"경상남도 창원시 성산구 삼동로128번길 24",
            "세대수":50,
            "입주년차":60,
            "용적률점수":"--",
            "건폐율점수":"--",
            "세대당주차수":30,
            "난방방식":30,
            "공급면적":"--",
            "전용률":"--",
            "욕실수":100,
            "현관타입":100,
            "주거총점":57.0,
            "지역구공급총점":100.0,
            "역세권":"NA",
            "30분내 이동가능 거점":"NA",
            "1시간내 이동가능 거점":"NA",
            "교통총점":"NA",
            "백화점":100,
            "아울렛몰":0,
            "대형마트":0,
            "은행":0,
            "병원":0,
            "종합병원":100,
            "공원":0,
            "혐오시설":0,
            "인프라총점":50.0,
            "초등학군":90.0,
            "중학군":49.44,
            "학군총점":57.552,
            "인구수":29.3,
            "인구증감":79.91,
            "인구총점":44.483,
            "일자리":14.8,
            "소득수준":82.32,
            "일자리총점":35.056,
            "가치 총점":54.338,
            "매매실거래년":20220209.0,
            "매매실거래가":29500.0,
            "전세실거래년":20220225.0,
            "전세실거래가":19500.0,
            "전세가율":86.28,
            "장기전세가율평균":68.76,
            "전세가율거품지수":-17.52,
            "검색코드":10888,
            "세대수":504.0,
            "준공년월":"2009-02-27",
            "준공년차":14.0,
            "가까운역이름":"NA",
            "가까운역거리":"NA",
            "역세권여부":"NA",
            "30분이내주요거점역":"NA",
            "30분거점역이름":"NA",
            "1시간이내주요거점역":"NA",
            "1시간거점역이름":"NA",
            "3km이내백화점수":1,
            "5km이내아울렛몰수":0,
            "1km이내대형먀트수":0,
            "500m이내은행수":0,
            "500m이내병원수":0,
            "5km이내대형병원수":3,
            "500m이내공원수":0,
            "3km이내혐오시설수":0,
            "초등학교학업성취도":90.0,
            "중학교학업성취도":82.4,
            "용적률":244,
            "건폐율":21,
            "Y":35.223689,
            "X":128.657845,
            "rank":52.0,
            "area_info":"23평(77.55), 32평(107.65), 32평(108.74), 43평(143.91)",
            "last_sales":"2022-02-09,29500.0,32평(107.65)",
            "rank_history":[
                [
                    "202203",
                    52
                ],
                [
                    "202202",
                    47
                ],
                [
                    "202201",
                    46
                ]
            ],
            "rank_gap":-5
        },
        {
            "index":114,
            "아파트명":"한림엘리시온",
            "투자타입":"일반",
            "전용면적(m2)":"109.1",
            "전용면적(평)":"33평",
            "법정동주소":"경상남도 창원시 성산구 남양동 16",
            "도로명주소":"경상남도 창원시 성산구 대암로 8",
            "세대수":0,
            "입주년차":20,
            "용적률점수":"--",
            "건폐율점수":"--",
            "세대당주차수":30,
            "난방방식":30,
            "공급면적":"--",
            "전용률":"--",
            "욕실수":100,
            "현관타입":100,
            "주거총점":31.5,
            "지역구공급총점":100.0,
            "역세권":"NA",
            "30분내 이동가능 거점":"NA",
            "1시간내 이동가능 거점":"NA",
            "교통총점":"NA",
            "백화점":100,
            "아울렛몰":0,
            "대형마트":100,
            "은행":0,
            "병원":60,
            "종합병원":100,
            "공원":100,
            "혐오시설":0,
            "인프라총점":74.0,
            "초등학군":89.99,
            "중학군":45.56,
            "학군총점":54.446,
            "인구수":29.3,
            "인구증감":79.91,
            "인구총점":44.483,
            "일자리":14.8,
            "소득수준":82.32,
            "일자리총점":35.056,
            "가치 총점":54.2365,
            "매매실거래년":20211220.0,
            "매매실거래가":40500.0,
            "전세실거래년":20220105.0,
            "전세실거래가":32000.0,
            "전세가율":79.01,
            "장기전세가율평균":68.76,
            "전세가율거품지수":-10.25,
            "검색코드":15726,
            "세대수":210.0,
            "준공년월":"2002-05-17",
            "준공년차":21.0,
            "가까운역이름":"NA",
            "가까운역거리":"NA",
            "역세권여부":"NA",
            "30분이내주요거점역":"NA",
            "30분거점역이름":"NA",
            "1시간이내주요거점역":"NA",
            "1시간거점역이름":"NA",
            "3km이내백화점수":1,
            "5km이내아울렛몰수":0,
            "1km이내대형먀트수":2,
            "500m이내은행수":1,
            "500m이내병원수":17,
            "5km이내대형병원수":3,
            "500m이내공원수":3,
            "3km이내혐오시설수":0,
            "초등학교학업성취도":89.99,
            "중학교학업성취도":75.2,
            "용적률":218,
            "건폐율":15,
            "Y":35.213576,
            "X":128.697864,
            "rank":53.0,
            "area_info":"33평(109.1)",
            "last_sales":"2021-12-20,40500.0,33평(109.1)",
            "rank_history":[
                [
                    "202203",
                    53
                ],
                [
                    "202202",
                    48
                ],
                [
                    "202201",
                    45
                ]
            ],
            "rank_gap":-5
        },
        {
            "index":249,
            "아파트명":"까치2차",
            "투자타입":"재건축",
            "전용면적(m2)":"59.36",
            "전용면적(평)":"17평",
            "법정동주소":"경상남도 창원시 성산구 반지동 24",
            "도로명주소":"경상남도 창원시 성산구 창원천로 256",
            "세대수":50,
            "입주년차":"--",
            "용적률점수":0,
            "건폐율점수":80,
            "세대당주차수":"--",
            "난방방식":"--",
            "공급면적":50,
            "전용률":100,
            "욕실수":"--",
            "현관타입":"--",
            "주거총점":38.5,
            "지역구공급총점":100.0,
            "역세권":"NA",
            "30분내 이동가능 거점":"NA",
            "1시간내 이동가능 거점":"NA",
            "교통총점":"NA",
            "백화점":100,
            "아울렛몰":0,
            "대형마트":80,
            "은행":0,
            "병원":60,
            "종합병원":100,
            "공원":100,
            "혐오시설":0,
            "인프라총점":71.0,
            "초등학군":89.99,
            "중학군":37.08,
            "학군총점":47.662,
            "인구수":29.3,
            "인구증감":79.91,
            "인구총점":44.483,
            "일자리":14.8,
            "소득수준":82.32,
            "일자리총점":35.056,
            "가치 총점":53.7905,
            "매매실거래년":20220121.0,
            "매매실거래가":15500.0,
            "전세실거래년":20220215.0,
            "전세실거래가":14000.0,
            "전세가율":90.32,
            "장기전세가율평균":68.76,
            "전세가율거품지수":-21.56,
            "검색코드":7752,
            "세대수":416.0,
            "준공년월":"1991-06-03",
            "준공년차":32.0,
            "가까운역이름":"NA",
            "가까운역거리":"NA",
            "역세권여부":"NA",
            "30분이내주요거점역":"NA",
            "30분거점역이름":"NA",
            "1시간이내주요거점역":"NA",
            "1시간거점역이름":"NA",
            "3km이내백화점수":1,
            "5km이내아울렛몰수":0,
            "1km이내대형먀트수":1,
            "500m이내은행수":1,
            "500m이내병원수":10,
            "5km이내대형병원수":3,
            "500m이내공원수":3,
            "3km이내혐오시설수":0,
            "초등학교학업성취도":89.99,
            "중학교학업성취도":61.2,
            "용적률":269,
            "건폐율":22,
            "Y":35.245314,
            "X":128.667568,
            "rank":54.0,
            "area_info":"17평(59.36)",
            "last_sales":"2022-01-21,15500.0,17평(59.36)",
            "rank_history":[
                [
                    "202203",
                    54
                ],
                [
                    "202202",
                    49
                ],
                [
                    "202201",
                    63
                ]
            ],
            "rank_gap":-5
        },
        {
            "index":423,
            "아파트명":"롯데맨션1단지",
            "투자타입":"재건축",
            "전용면적(m2)":"74.18",
            "전용면적(평)":"22평",
            "법정동주소":"경상남도 창원시 성산구 용호동 63",
            "도로명주소":"경상남도 창원시 성산구 용지로 229",
            "세대수":50,
            "입주년차":"--",
            "용적률점수":0,
            "건폐율점수":0,
            "세대당주차수":"--",
            "난방방식":"--",
            "공급면적":50,
            "전용률":100,
            "욕실수":"--",
            "현관타입":"--",
            "주거총점":22.5,
            "지역구공급총점":100.0,
            "역세권":"NA",
            "30분내 이동가능 거점":"NA",
            "1시간내 이동가능 거점":"NA",
            "교통총점":"NA",
            "백화점":100,
            "아울렛몰":0,
            "대형마트":100,
            "은행":70,
            "병원":10,
            "종합병원":100,
            "공원":100,
            "혐오시설":0,
            "인프라총점":76.0,
            "초등학군":90.01,
            "중학군":52.14,
            "학군총점":59.714,
            "인구수":29.3,
            "인구증감":79.91,
            "인구총점":44.483,
            "일자리":14.8,
            "소득수준":82.32,
            "일자리총점":35.056,
            "가치 총점":53.2035,
            "매매실거래년":20210903.0,
            "매매실거래가":79800.0,
            "전세실거래년":20220211.0,
            "전세실거래가":11550.0,
            "전세가율":18.36,
            "장기전세가율평균":68.76,
            "전세가율거품지수":50.4,
            "검색코드":14858,
            "세대수":600.0,
            "준공년월":"1984-11-21",
            "준공년차":39.0,
            "가까운역이름":"NA",
            "가까운역거리":"NA",
            "역세권여부":"NA",
            "30분이내주요거점역":"NA",
            "30분거점역이름":"NA",
            "1시간이내주요거점역":"NA",
            "1시간거점역이름":"NA",
            "3km이내백화점수":1,
            "5km이내아울렛몰수":0,
            "1km이내대형먀트수":2,
            "500m이내은행수":4,
            "500m이내병원수":2,
            "5km이내대형병원수":4,
            "500m이내공원수":2,
            "3km이내혐오시설수":0,
            "초등학교학업성취도":90.01,
            "중학교학업성취도":84.5,
            "용적률":0,
            "건폐율":0,
            "Y":35.234796,
            "X":128.683533,
            "rank":55.0,
            "area_info":"22평(74.18), 26평(86.67), 26평(86.42), 32평(105.99), 36평(120.1), 36평(120.12), 42평(139.43), 45평(148.86)",
            "last_sales":"2021-09-03,79800.0,26평(86.42)",
            "rank_history":[
                [
                    "202203",
                    55
                ],
                [
                    "202202",
                    50
                ],
                [
                    "202201",
                    48
                ]
            ],
            "rank_gap":-5
        },
        {
            "index":250,
            "아파트명":"반송대동",
            "투자타입":"재건축",
            "전용면적(m2)":"83.39",
            "전용면적(평)":"25평",
            "법정동주소":"경상남도 창원시 성산구 반지동 23",
            "도로명주소":"경상남도 창원시 성산구 창원천로 292",
            "세대수":90,
            "입주년차":"--",
            "용적률점수":0,
            "건폐율점수":0,
            "세대당주차수":"--",
            "난방방식":"--",
            "공급면적":70,
            "전용률":80,
            "욕실수":"--",
            "현관타입":"--",
            "주거총점":34.5,
            "지역구공급총점":100.0,
            "역세권":"NA",
            "30분내 이동가능 거점":"NA",
            "1시간내 이동가능 거점":"NA",
            "교통총점":"NA",
            "백화점":100,
            "아울렛몰":0,
            "대형마트":80,
            "은행":0,
            "병원":60,
            "종합병원":100,
            "공원":100,
            "혐오시설":0,
            "인프라총점":71.0,
            "초등학군":89.99,
            "중학군":40.94,
            "학군총점":50.75,
            "인구수":29.3,
            "인구증감":79.91,
            "인구총점":44.483,
            "일자리":14.8,
            "소득수준":82.32,
            "일자리총점":35.056,
            "가치 총점":53.1625,
            "매매실거래년":20220221.0,
            "매매실거래가":39000.0,
            "전세실거래년":20220114.0,
            "전세실거래가":23000.0,
            "전세가율":102.22,
            "장기전세가율평균":68.76,
            "전세가율거품지수":-33.46,
            "검색코드":7754,
            "세대수":1292.0,
            "준공년월":"1991-07-29",
            "준공년차":32.0,
            "가까운역이름":"NA",
            "가까운역거리":"NA",
            "역세권여부":"NA",
            "30분이내주요거점역":"NA",
            "30분거점역이름":"NA",
            "1시간이내주요거점역":"NA",
            "1시간거점역이름":"NA",
            "3km이내백화점수":1,
            "5km이내아울렛몰수":0,
            "1km이내대형먀트수":1,
            "500m이내은행수":1,
            "500m이내병원수":10,
            "5km이내대형병원수":3,
            "500m이내공원수":2,
            "3km이내혐오시설수":0,
            "초등학교학업성취도":89.99,
            "중학교학업성취도":67.5,
            "용적률":0,
            "건폐율":0,
            "Y":35.244707,
            "X":128.669837,
            "rank":56.0,
            "area_info":"25평(83.39), 30평(100.92), 30평(101.04), 43평(143.35), 44평(147.1)",
            "last_sales":"2022-02-21,39000.0,44평(147.1)",
            "rank_history":[
                [
                    "202203",
                    56
                ],
                [
                    "202202",
                    51
                ],
                [
                    "202201",
                    64
                ]
            ],
            "rank_gap":-5
        },
        {
            "index":275,
            "아파트명":"삼익1차",
            "투자타입":"재건축",
            "전용면적(m2)":"48.7",
            "전용면적(평)":"14평",
            "법정동주소":"경상남도 창원시 성산구 사파동 147",
            "도로명주소":"경상남도 창원시 성산구 원이대로773번길 13",
            "세대수":50,
            "입주년차":"--",
            "용적률점수":0,
            "건폐율점수":0,
            "세대당주차수":"--",
            "난방방식":"--",
            "공급면적":50,
            "전용률":80,
            "욕실수":"--",
            "현관타입":"--",
            "주거총점":21.5,
            "지역구공급총점":100.0,
            "역세권":"NA",
            "30분내 이동가능 거점":"NA",
            "1시간내 이동가능 거점":"NA",
            "교통총점":"NA",
            "백화점":100,
            "아울렛몰":0,
            "대형마트":80,
            "은행":70,
            "병원":80,
            "종합병원":100,
            "공원":100,
            "혐오시설":0,
            "인프라총점":80.0,
            "초등학군":90.02,
            "중학군":45.56,
            "학군총점":54.452,
            "인구수":29.3,
            "인구증감":79.91,
            "인구총점":44.483,
            "일자리":14.8,
            "소득수준":82.32,
            "일자리총점":35.056,
            "가치 총점":53.138,
            "매매실거래년":20211119.0,
            "매매실거래가":50400.0,
            "전세실거래년":20220124.0,
            "전세실거래가":7000.0,
            "전세가율":22.58,
            "장기전세가율평균":68.76,
            "전세가율거품지수":46.18,
            "검색코드":7783,
            "세대수":570.0,
            "준공년월":"1988-09-03",
            "준공년차":35.0,
            "가까운역이름":"NA",
            "가까운역거리":"NA",
            "역세권여부":"NA",
            "30분이내주요거점역":"NA",
            "30분거점역이름":"NA",
            "1시간이내주요거점역":"NA",
            "1시간거점역이름":"NA",
            "3km이내백화점수":1,
            "5km이내아울렛몰수":0,
            "1km이내대형먀트수":1,
            "500m이내은행수":3,
            "500m이내병원수":41,
            "5km이내대형병원수":4,
            "500m이내공원수":2,
            "3km이내혐오시설수":0,
            "초등학교학업성취도":90.02,
            "중학교학업성취도":75.2,
            "용적률":0,
            "건폐율":0,
            "Y":35.219166,
            "X":128.694617,
            "rank":57.0,
            "area_info":"14평(48.7), 18평(59.84), 21평(70.9), 21평(70.81)",
            "last_sales":"2021-11-19,50400.0,21평(70.9)",
            "rank_history":[
                [
                    "202203",
                    57
                ],
                [
                    "202202",
                    52
                ],
                [
                    "202201",
                    60
                ]
            ],
            "rank_gap":-5
        },
        {
            "index":53,
            "아파트명":"창원자이",
            "투자타입":"일반",
            "전용면적(m2)":"157.99",
            "전용면적(평)":"47평",
            "법정동주소":"경상남도 창원시 성산구 가음동 21-36",
            "도로명주소":"경상남도 창원시 성산구 원이대로883번길 23",
            "세대수":0,
            "입주년차":40,
            "용적률점수":"--",
            "건폐율점수":"--",
            "세대당주차수":80,
            "난방방식":30,
            "공급면적":"--",
            "전용률":"--",
            "욕실수":100,
            "현관타입":100,
            "주거총점":43.0,
            "지역구공급총점":100.0,
            "역세권":"NA",
            "30분내 이동가능 거점":"NA",
            "1시간내 이동가능 거점":"NA",
            "교통총점":"NA",
            "백화점":100,
            "아울렛몰":0,
            "대형마트":0,
            "은행":0,
            "병원":60,
            "종합병원":100,
            "공원":100,
            "혐오시설":0,
            "인프라총점":59.0,
            "초등학군":90.0,
            "중학군":47.44,
            "학군총점":55.952,
            "인구수":29.3,
            "인구증감":79.91,
            "인구총점":44.483,
            "일자리":14.8,
            "소득수준":82.32,
            "일자리총점":35.056,
            "가치 총점":52.638,
            "매매실거래년":20211118.0,
            "매매실거래가":69500.0,
            "전세실거래년":20170220.0,
            "전세실거래가":36000.0,
            "전세가율":58.06,
            "장기전세가율평균":68.76,
            "전세가율거품지수":10.7,
            "검색코드":27287,
            "세대수":136.0,
            "준공년월":"2008-10-24",
            "준공년차":15.0,
            "가까운역이름":"NA",
            "가까운역거리":"NA",
            "역세권여부":"NA",
            "30분이내주요거점역":"NA",
            "30분거점역이름":"NA",
            "1시간이내주요거점역":"NA",
            "1시간거점역이름":"NA",
            "3km이내백화점수":1,
            "5km이내아울렛몰수":0,
            "1km이내대형먀트수":0,
            "500m이내은행수":1,
            "500m이내병원수":14,
            "5km이내대형병원수":3,
            "500m이내공원수":4,
            "3km이내혐오시설수":0,
            "초등학교학업성취도":90.0,
            "중학교학업성취도":78.0,
            "용적률":177,
            "건폐율":16,
            "Y":35.207056,
            "X":128.696875,
            "rank":58.0,
            "area_info":"47평(157.99), 48평(159.47), 56평(185.65)",
            "last_sales":"2021-11-18,69500.0,56평(185.65)",
            "rank_history":[
                [
                    "202203",
                    58
                ],
                [
                    "202202",
                    53
                ],
                [
                    "202201",
                    50
                ]
            ],
            "rank_gap":-5
        },
        {
            "index":174,
            "아파트명":"대원대동황토방1차",
            "투자타입":"일반",
            "전용면적(m2)":"104.1",
            "전용면적(평)":"31평",
            "법정동주소":"경상남도 창원시 성산구 대원동 80-1",
            "도로명주소":"경상남도 창원시 성산구 창원대로 548",
            "세대수":50,
            "입주년차":20,
            "용적률점수":"--",
            "건폐율점수":"--",
            "세대당주차수":30,
            "난방방식":30,
            "공급면적":"--",
            "전용률":"--",
            "욕실수":100,
            "현관타입":100,
            "주거총점":49.0,
            "지역구공급총점":100.0,
            "역세권":"NA",
            "30분내 이동가능 거점":"NA",
            "1시간내 이동가능 거점":"NA",
            "교통총점":"NA",
            "백화점":100,
            "아울렛몰":0,
            "대형마트":0,
            "은행":0,
            "병원":0,
            "종합병원":100,
            "공원":80,
            "혐오시설":0,
            "인프라총점":52.4,
            "초등학군":90.0,
            "중학군":49.44,
            "학군총점":57.552,
            "인구수":29.3,
            "인구증감":79.91,
            "인구총점":44.483,
            "일자리":14.8,
            "소득수준":82.32,
            "일자리총점":35.056,
            "가치 총점":52.498,
            "매매실거래년":20220117.0,
            "매매실거래가":25000.0,
            "전세실거래년":20220202.0,
            "전세실거래가":13650.0,
            "전세가율":54.6,
            "장기전세가율평균":68.76,
            "전세가율거품지수":14.16,
            "검색코드":7701,
            "세대수":486.0,
            "준공년월":"1999-04-27",
            "준공년차":24.0,
            "가까운역이름":"NA",
            "가까운역거리":"NA",
            "역세권여부":"NA",
            "30분이내주요거점역":"NA",
            "30분거점역이름":"NA",
            "1시간이내주요거점역":"NA",
            "1시간거점역이름":"NA",
            "3km이내백화점수":1,
            "5km이내아울렛몰수":0,
            "1km이내대형먀트수":0,
            "500m이내은행수":0,
            "500m이내병원수":0,
            "5km이내대형병원수":3,
            "500m이내공원수":1,
            "3km이내혐오시설수":0,
            "초등학교학업성취도":90.0,
            "중학교학업성취도":82.4,
            "용적률":230,
            "건폐율":23,
            "Y":35.226017,
            "X":128.654074,
            "rank":59.0,
            "area_info":"31평(104.1), 43평(143.35)",
            "last_sales":"2022-01-17,25000.0,31평(104.1)",
            "rank_history":[
                [
                    "202203",
                    59
                ],
                [
                    "202202",
                    54
                ],
                [
                    "202201",
                    51
                ]
            ],
            "rank_gap":-5
        },
        {
            "index":20,
            "아파트명":"창원가음정한림풀에버",
            "투자타입":"일반",
            "전용면적(m2)":"90.09",
            "전용면적(평)":"27평",
            "법정동주소":"경상남도 창원시 성산구 가음동 8",
            "도로명주소":"경상남도 창원시 성산구 가음정로23번길 10-21",
            "세대수":0,
            "입주년차":80,
            "용적률점수":"--",
            "건폐율점수":"--",
            "세대당주차수":30,
            "난방방식":30,
            "공급면적":"--",
            "전용률":"--",
            "욕실수":100,
            "현관타입":100,
            "주거총점":43.5,
            "지역구공급총점":100.0,
            "역세권":"NA",
            "30분내 이동가능 거점":"NA",
            "1시간내 이동가능 거점":"NA",
            "교통총점":"NA",
            "백화점":100,
            "아울렛몰":0,
            "대형마트":0,
            "은행":0,
            "병원":10,
            "종합병원":100,
            "공원":100,
            "혐오시설":0,
            "인프라총점":54.0,
            "초등학군":89.99,
            "중학군":55.62,
            "학군총점":62.494,
            "인구수":29.3,
            "인구증감":79.91,
            "인구총점":44.483,
            "일자리":14.8,
            "소득수준":82.32,
            "일자리총점":35.056,
            "가치 총점":52.4485,
            "매매실거래년":20220114.0,
            "매매실거래가":58500.0,
            "전세실거래년":20211227.0,
            "전세실거래가":36000.0,
            "전세가율":72.73,
            "장기전세가율평균":68.76,
            "전세가율거품지수":-3.97,
            "검색코드":112175,
            "세대수":266.0,
            "준공년월":"2014-07-17",
            "준공년차":9.0,
            "가까운역이름":"NA",
            "가까운역거리":"NA",
            "역세권여부":"NA",
            "30분이내주요거점역":"NA",
            "30분거점역이름":"NA",
            "1시간이내주요거점역":"NA",
            "1시간거점역이름":"NA",
            "3km이내백화점수":1,
            "5km이내아울렛몰수":0,
            "1km이내대형먀트수":0,
            "500m이내은행수":0,
            "500m이내병원수":2,
            "5km이내대형병원수":4,
            "500m이내공원수":6,
            "3km이내혐오시설수":0,
            "초등학교학업성취도":89.99,
            "중학교학업성취도":86.5,
            "용적률":149,
            "건폐율":12,
            "Y":35.210741,
            "X":128.689317,
            "rank":60.0,
            "area_info":"27평(90.09), 27평(90.45), 34평(112.44), 34평(112.81)",
            "last_sales":"2022-01-14,58500.0,34평(112.81)",
            "rank_history":[
                [
                    "202203",
                    60
                ],
                [
                    "202202",
                    56
                ],
                [
                    "202201",
                    52
                ]
            ],
            "rank_gap":-4
        },
        {
            "index":416,
            "아파트명":"에코센트럴빌",
            "투자타입":"일반",
            "전용면적(m2)":"81.68",
            "전용면적(평)":"24평",
            "법정동주소":"경상남도 창원시 성산구 외동 853-17",
            "도로명주소":"경상남도 창원시 성산구 창원대로780번길 41",
            "세대수":0,
            "입주년차":60,
            "용적률점수":"--",
            "건폐율점수":"--",
            "세대당주차수":0,
            "난방방식":30,
            "공급면적":"--",
            "전용률":"--",
            "욕실수":100,
            "현관타입":100,
            "주거총점":35.0,
            "지역구공급총점":100.0,
            "역세권":"NA",
            "30분내 이동가능 거점":"NA",
            "1시간내 이동가능 거점":"NA",
            "교통총점":"NA",
            "백화점":100,
            "아울렛몰":0,
            "대형마트":80,
            "은행":0,
            "병원":0,
            "종합병원":100,
            "공원":80,
            "혐오시설":0,
            "인프라총점":64.4,
            "초등학군":89.99,
            "중학군":48.06,
            "학군총점":56.446,
            "인구수":29.3,
            "인구증감":79.91,
            "인구총점":44.483,
            "일자리":14.8,
            "소득수준":82.32,
            "일자리총점":35.056,
            "가치 총점":52.1215,
            "매매실거래년":20210820.0,
            "매매실거래가":17800.0,
            "전세실거래년":20211217.0,
            "전세실거래가":15750.0,
            "전세가율":88.48,
            "장기전세가율평균":68.76,
            "전세가율거품지수":-19.72,
            "검색코드":117518,
            "세대수":52.0,
            "준공년월":"2013-11-26",
            "준공년차":10.0,
            "가까운역이름":"NA",
            "가까운역거리":"NA",
            "역세권여부":"NA",
            "30분이내주요거점역":"NA",
            "30분거점역이름":"NA",
            "1시간이내주요거점역":"NA",
            "1시간거점역이름":"NA",
            "3km이내백화점수":1,
            "5km이내아울렛몰수":0,
            "1km이내대형먀트수":1,
            "500m이내은행수":1,
            "500m이내병원수":0,
            "5km이내대형병원수":4,
            "500m이내공원수":1,
            "3km이내혐오시설수":0,
            "초등학교학업성취도":89.99,
            "중학교학업성취도":80.1,
            "용적률":247,
            "건폐율":24,
            "Y":35.212617,
            "X":128.678309,
            "rank":61.0,
            "area_info":"24평(81.68)",
            "last_sales":"2021-08-20,17800.0,24평(81.68)",
            "rank_history":[
                [
                    "202203",
                    61
                ],
                [
                    "202202",
                    9999
                ]
            ],
            "rank_gap":9999
        },
        {
            "index":305,
            "아파트명":"상남대호타워",
            "투자타입":"일반",
            "전용면적(m2)":"83.06",
            "전용면적(평)":"25평",
            "법정동주소":"경상남도 창원시 성산구 상남동 64-3",
            "도로명주소":"경상남도 창원시 성산구 상남로24번길 13",
            "세대수":0,
            "입주년차":0,
            "용적률점수":"--",
            "건폐율점수":"--",
            "세대당주차수":0,
            "난방방식":30,
            "공급면적":"--",
            "전용률":"--",
            "욕실수":50,
            "현관타입":50,
            "주거총점":13.0,
            "지역구공급총점":100.0,
            "역세권":"NA",
            "30분내 이동가능 거점":"NA",
            "1시간내 이동가능 거점":"NA",
            "교통총점":"NA",
            "백화점":100,
            "아울렛몰":0,
            "대형마트":100,
            "은행":100,
            "병원":60,
            "종합병원":100,
            "공원":80,
            "혐오시설":0,
            "인프라총점":83.4,
            "초등학군":89.99,
            "중학군":48.06,
            "학군총점":56.446,
            "인구수":29.3,
            "인구증감":79.91,
            "인구총점":44.483,
            "일자리":14.8,
            "소득수준":82.32,
            "일자리총점":35.056,
            "가치 총점":52.0215,
            "매매실거래년":20220219.0,
            "매매실거래가":30300.0,
            "전세실거래년":20211115.0,
            "전세실거래가":13000.0,
            "전세가율":81.25,
            "장기전세가율평균":68.76,
            "전세가율거품지수":-12.49,
            "검색코드":7795,
            "세대수":159.0,
            "준공년월":"1993-09-03",
            "준공년차":30.0,
            "가까운역이름":"NA",
            "가까운역거리":"NA",
            "역세권여부":"NA",
            "30분이내주요거점역":"NA",
            "30분거점역이름":"NA",
            "1시간이내주요거점역":"NA",
            "1시간거점역이름":"NA",
            "3km이내백화점수":1,
            "5km이내아울렛몰수":0,
            "1km이내대형먀트수":2,
            "500m이내은행수":9,
            "500m이내병원수":11,
            "5km이내대형병원수":4,
            "500m이내공원수":1,
            "3km이내혐오시설수":0,
            "초등학교학업성취도":89.99,
            "중학교학업성취도":80.1,
            "용적률":383,
            "건폐율":29,
            "Y":35.2171,
            "X":128.67768,
            "rank":62.0,
            "area_info":"25평(83.06), 33평(110.84), 49평(164.77), 50평(166.49), 54평(180.03)",
            "last_sales":"2022-02-19,30300.0,49평(164.77)",
            "rank_history":[
                [
                    "202203",
                    62
                ],
                [
                    "202202",
                    55
                ],
                [
                    "202201",
                    54
                ]
            ],
            "rank_gap":-7
        },
        {
            "index":412,
            "아파트명":"광득미지루",
            "투자타입":"재건축",
            "전용면적(m2)":"63.39",
            "전용면적(평)":"19평",
            "법정동주소":"경상남도 창원시 성산구 외동 853-22",
            "도로명주소":"경상남도 창원시 성산구 창원대로780번길 77",
            "세대수":0,
            "입주년차":"--",
            "용적률점수":20,
            "건폐율점수":100,
            "세대당주차수":"--",
            "난방방식":"--",
            "공급면적":50,
            "전용률":60,
            "욕실수":"--",
            "현관타입":"--",
            "주거총점":33.5,
            "지역구공급총점":100.0,
            "역세권":"NA",
            "30분내 이동가능 거점":"NA",
            "1시간내 이동가능 거점":"NA",
            "교통총점":"NA",
            "백화점":100,
            "아울렛몰":0,
            "대형마트":80,
            "은행":0,
            "병원":0,
            "종합병원":100,
            "공원":80,
            "혐오시설":0,
            "인프라총점":64.4,
            "초등학군":89.99,
            "중학군":48.06,
            "학군총점":56.446,
            "인구수":29.3,
            "인구증감":79.91,
            "인구총점":44.483,
            "일자리":14.8,
            "소득수준":82.32,
            "일자리총점":35.056,
            "가치 총점":51.5965,
            "매매실거래년":20211105.0,
            "매매실거래가":8000.0,
            "전세실거래년":20220221.0,
            "전세실거래가":8000.0,
            "전세가율":100.0,
            "장기전세가율평균":68.76,
            "전세가율거품지수":-31.24,
            "검색코드":104823,
            "세대수":96.0,
            "준공년월":"1991-12-18",
            "준공년차":32.0,
            "가까운역이름":"NA",
            "가까운역거리":"NA",
            "역세권여부":"NA",
            "30분이내주요거점역":"NA",
            "30분거점역이름":"NA",
            "1시간이내주요거점역":"NA",
            "1시간거점역이름":"NA",
            "3km이내백화점수":1,
            "5km이내아울렛몰수":0,
            "1km이내대형먀트수":1,
            "500m이내은행수":0,
            "500m이내병원수":0,
            "5km이내대형병원수":4,
            "500m이내공원수":1,
            "3km이내혐오시설수":0,
            "초등학교학업성취도":89.99,
            "중학교학업성취도":80.1,
            "용적률":207,
            "건폐율":19,
            "Y":35.210648,
            "X":128.68187,
            "rank":63.0,
            "area_info":"19평(63.39)",
            "last_sales":"2021-11-05,8000.0,19평(63.39)",
            "rank_history":[
                [
                    "202203",
                    63
                ],
                [
                    "202202",
                    9999
                ]
            ],
            "rank_gap":9999
        },
        {
            "index":329,
            "아파트명":"유니온빌리지",
            "투자타입":"일반",
            "전용면적(m2)":"107.9",
            "전용면적(평)":"32평",
            "법정동주소":"경상남도 창원시 성산구 성주동 153",
            "도로명주소":"경상남도 창원시 성산구 삼정자로 79",
            "세대수":90,
            "입주년차":40,
            "용적률점수":"--",
            "건폐율점수":"--",
            "세대당주차수":60,
            "난방방식":30,
            "공급면적":"--",
            "전용률":"--",
            "욕실수":100,
            "현관타입":100,
            "주거총점":71.5,
            "지역구공급총점":100.0,
            "역세권":"NA",
            "30분내 이동가능 거점":"NA",
            "1시간내 이동가능 거점":"NA",
            "교통총점":"NA",
            "백화점":0,
            "아울렛몰":0,
            "대형마트":0,
            "은행":0,
            "병원":10,
            "종합병원":100,
            "공원":100,
            "혐오시설":0,
            "인프라총점":24.0,
            "초등학군":90.01,
            "중학군":58.72,
            "학군총점":64.978,
            "인구수":29.3,
            "인구증감":79.91,
            "인구총점":44.483,
            "일자리":14.8,
            "소득수준":82.32,
            "일자리총점":35.056,
            "가치 총점":50.8695,
            "매매실거래년":20220207.0,
            "매매실거래가":47000.0,
            "전세실거래년":20220204.0,
            "전세실거래가":24000.0,
            "전세가율":51.06,
            "장기전세가율평균":68.76,
            "전세가율거품지수":17.7,
            "검색코드":17375,
            "세대수":1360.0,
            "준공년월":"2005-10-27",
            "준공년차":18.0,
            "가까운역이름":"NA",
            "가까운역거리":"NA",
            "역세권여부":"NA",
            "30분이내주요거점역":"NA",
            "30분거점역이름":"NA",
            "1시간이내주요거점역":"NA",
            "1시간거점역이름":"NA",
            "3km이내백화점수":0,
            "5km이내아울렛몰수":0,
            "1km이내대형먀트수":0,
            "500m이내은행수":0,
            "500m이내병원수":2,
            "5km이내대형병원수":3,
            "500m이내공원수":3,
            "3km이내혐오시설수":0,
            "초등학교학업성취도":90.01,
            "중학교학업성취도":88.4,
            "용적률":217,
            "건폐율":14,
            "Y":35.199873,
            "X":128.715241,
            "rank":64.0,
            "area_info":"32평(107.9), 40평(133.43), 49평(163.72), 55평(184.4), 66평(221.13)",
            "last_sales":"2022-02-07,47000.0,32평(107.9)",
            "rank_history":[
                [
                    "202203",
                    64
                ],
                [
                    "202202",
                    60
                ],
                [
                    "202201",
                    57
                ]
            ],
            "rank_gap":-4
        },
        {
            "index":452,
            "아파트명":"일동",
            "투자타입":"재건축",
            "전용면적(m2)":"57.71",
            "전용면적(평)":"17평",
            "법정동주소":"경상남도 창원시 성산구 용호동 66",
            "도로명주소":"경상남도 창원시 성산구 외동반림로 216",
            "세대수":80,
            "입주년차":"--",
            "용적률점수":0,
            "건폐율점수":0,
            "세대당주차수":"--",
            "난방방식":"--",
            "공급면적":50,
            "전용률":80,
            "욕실수":"--",
            "현관타입":"--",
            "주거총점":30.5,
            "지역구공급총점":100.0,
            "역세권":"NA",
            "30분내 이동가능 거점":"NA",
            "1시간내 이동가능 거점":"NA",
            "교통총점":"NA",
            "백화점":100,
            "아울렛몰":0,
            "대형마트":80,
            "은행":0,
            "병원":10,
            "종합병원":100,
            "공원":0,
            "혐오시설":0,
            "인프라총점":63.0,
            "초등학군":90.01,
            "중학군":52.14,
            "학군총점":59.714,
            "인구수":29.3,
            "인구증감":79.91,
            "인구총점":44.483,
            "일자리":14.8,
            "소득수준":82.32,
            "일자리총점":35.056,
            "가치 총점":50.8035,
            "매매실거래년":20211227.0,
            "매매실거래가":39500.0,
            "전세실거래년":20220222.0,
            "전세실거래가":12000.0,
            "전세가율":30.38,
            "장기전세가율평균":68.76,
            "전세가율거품지수":38.38,
            "검색코드":11007,
            "세대수":810.0,
            "준공년월":"1986-10-17",
            "준공년차":37.0,
            "가까운역이름":"NA",
            "가까운역거리":"NA",
            "역세권여부":"NA",
            "30분이내주요거점역":"NA",
            "30분거점역이름":"NA",
            "1시간이내주요거점역":"NA",
            "1시간거점역이름":"NA",
            "3km이내백화점수":1,
            "5km이내아울렛몰수":0,
            "1km이내대형먀트수":1,
            "500m이내은행수":1,
            "500m이내병원수":2,
            "5km이내대형병원수":4,
            "500m이내공원수":0,
            "3km이내혐오시설수":0,
            "초등학교학업성취도":90.01,
            "중학교학업성취도":84.5,
            "용적률":0,
            "건폐율":0,
            "Y":35.236842,
            "X":128.678694,
            "rank":65.0,
            "area_info":"17평(57.71), 20평(66.34)",
            "last_sales":"2021-12-27,39500.0,17평(57.71)",
            "rank_history":[
                [
                    "202203",
                    65
                ],
                [
                    "202202",
                    58
                ],
                [
                    "202201",
                    55
                ]
            ],
            "rank_gap":-7
        },
        {
            "index":143,
            "아파트명":"대동디지털황토",
            "투자타입":"일반",
            "전용면적(m2)":"85.13",
            "전용면적(평)":"25평",
            "법정동주소":"경상남도 창원시 성산구 대방동 371",
            "도로명주소":"경상남도 창원시 성산구 창이대로881번길 8",
            "세대수":80,
            "입주년차":20,
            "용적률점수":"--",
            "건폐율점수":"--",
            "세대당주차수":30,
            "난방방식":30,
            "공급면적":"--",
            "전용률":"--",
            "욕실수":50,
            "현관타입":100,
            "주거총점":54.5,
            "지역구공급총점":100.0,
            "역세권":"NA",
            "30분내 이동가능 거점":"NA",
            "1시간내 이동가능 거점":"NA",
            "교통총점":"NA",
            "백화점":0,
            "아울렛몰":0,
            "대형마트":80,
            "은행":0,
            "병원":80,
            "종합병원":100,
            "공원":100,
            "혐오시설":0,
            "인프라총점":43.0,
            "초등학군":89.98,
            "중학군":50.04,
            "학군총점":58.028,
            "인구수":29.3,
            "인구증감":79.91,
            "인구총점":44.483,
            "일자리":14.8,
            "소득수준":82.32,
            "일자리총점":35.056,
            "가치 총점":50.782,
            "매매실거래년":20220212.0,
            "매매실거래가":43000.0,
            "전세실거래년":20220207.0,
            "전세실거래가":27000.0,
            "전세가율":84.91,
            "장기전세가율평균":68.76,
            "전세가율거품지수":-16.15,
            "검색코드":7674,
            "세대수":704.0,
            "준공년월":"2001-09-11",
            "준공년차":22.0,
            "가까운역이름":"NA",
            "가까운역거리":"NA",
            "역세권여부":"NA",
            "30분이내주요거점역":"NA",
            "30분거점역이름":"NA",
            "1시간이내주요거점역":"NA",
            "1시간거점역이름":"NA",
            "3km이내백화점수":0,
            "5km이내아울렛몰수":0,
            "1km이내대형먀트수":1,
            "500m이내은행수":1,
            "500m이내병원수":31,
            "5km이내대형병원수":3,
            "500m이내공원수":5,
            "3km이내혐오시설수":0,
            "초등학교학업성취도":89.98,
            "중학교학업성취도":82.8,
            "용적률":261,
            "건폐율":14,
            "Y":35.206663,
            "X":128.70859,
            "rank":66.0,
            "area_info":"25평(85.13), 34평(114.45), 44평(148.19)",
            "last_sales":"2022-02-12,43000.0,34평(114.45)",
            "rank_history":[
                [
                    "202203",
                    66
                ],
                [
                    "202202",
                    57
                ],
                [
                    "202201",
                    53
                ]
            ],
            "rank_gap":-9
        },
        {
            "index":125,
            "아파트명":"삼미종합특수강",
            "투자타입":"재건축",
            "전용면적(m2)":"69.42",
            "전용면적(평)":"20평",
            "법정동주소":"경상남도 창원시 성산구 내동 454-11",
            "도로명주소":"경상남도 창원시 성산구 연덕로 183",
            "세대수":0,
            "입주년차":"--",
            "용적률점수":100,
            "건폐율점수":0,
            "세대당주차수":"--",
            "난방방식":"--",
            "공급면적":50,
            "전용률":60,
            "욕실수":"--",
            "현관타입":"--",
            "주거총점":45.5,
            "지역구공급총점":100.0,
            "역세권":"NA",
            "30분내 이동가능 거점":"NA",
            "1시간내 이동가능 거점":"NA",
            "교통총점":"NA",
            "백화점":100,
            "아울렛몰":0,
            "대형마트":0,
            "은행":0,
            "병원":10,
            "종합병원":100,
            "공원":0,
            "혐오시설":0,
            "인프라총점":51.0,
            "초등학군":90.0,
            "중학군":49.44,
            "학군총점":57.552,
            "인구수":29.3,
            "인구증감":79.91,
            "인구총점":44.483,
            "일자리":14.8,
            "소득수준":82.32,
            "일자리총점":35.056,
            "가치 총점":50.713,
            "매매실거래년":20220129.0,
            "매매실거래가":13700.0,
            "전세실거래년":20210507.0,
            "전세실거래가":5000.0,
            "전세가율":47.62,
            "장기전세가율평균":68.76,
            "전세가율거품지수":21.14,
            "검색코드":16773,
            "세대수":100.0,
            "준공년월":"1976-12-23",
            "준공년차":47.0,
            "가까운역이름":"NA",
            "가까운역거리":"NA",
            "역세권여부":"NA",
            "30분이내주요거점역":"NA",
            "30분거점역이름":"NA",
            "1시간이내주요거점역":"NA",
            "1시간거점역이름":"NA",
            "3km이내백화점수":1,
            "5km이내아울렛몰수":0,
            "1km이내대형먀트수":0,
            "500m이내은행수":0,
            "500m이내병원수":2,
            "5km이내대형병원수":4,
            "500m이내공원수":0,
            "3km이내혐오시설수":0,
            "초등학교학업성취도":90.0,
            "중학교학업성취도":82.4,
            "용적률":138,
            "건폐율":40,
            "Y":35.219355,
            "X":128.665741,
            "rank":67.0,
            "area_info":"20평(69.42), 22평(72.73)",
            "last_sales":"2022-01-29,13700.0,22평(72.73)",
            "rank_history":[
                [
                    "202203",
                    67
                ],
                [
                    "202202",
                    59
                ],
                [
                    "202201",
                    56
                ]
            ],
            "rank_gap":-8
        },
        {
            "index":421,
            "아파트명":"한일유앤아이오르젠",
            "투자타입":"일반",
            "전용면적(m2)":"78.07",
            "전용면적(평)":"23평",
            "법정동주소":"경상남도 창원시 성산구 외동 853-36",
            "도로명주소":"경상남도 창원시 성산구 창원대로780번길 93",
            "세대수":0,
            "입주년차":20,
            "용적률점수":"--",
            "건폐율점수":"--",
            "세대당주차수":0,
            "난방방식":30,
            "공급면적":"--",
            "전용률":"--",
            "욕실수":100,
            "현관타입":100,
            "주거총점":27.0,
            "지역구공급총점":100.0,
            "역세권":"NA",
            "30분내 이동가능 거점":"NA",
            "1시간내 이동가능 거점":"NA",
            "교통총점":"NA",
            "백화점":100,
            "아울렛몰":0,
            "대형마트":80,
            "은행":0,
            "병원":0,
            "종합병원":100,
            "공원":80,
            "혐오시설":0,
            "인프라총점":64.4,
            "초등학군":89.99,
            "중학군":48.06,
            "학군총점":56.446,
            "인구수":29.3,
            "인구증감":79.91,
            "인구총점":44.483,
            "일자리":14.8,
            "소득수준":82.32,
            "일자리총점":35.056,
            "가치 총점":49.3215,
            "매매실거래년":20211225.0,
            "매매실거래가":18500.0,
            "전세실거래년":20210311.0,
            "전세실거래가":2000.0,
            "전세가율":10.81,
            "장기전세가율평균":68.76,
            "전세가율거품지수":57.95,
            "검색코드":100926,
            "세대수":120.0,
            "준공년월":"2003-11-21",
            "준공년차":20.0,
            "가까운역이름":"NA",
            "가까운역거리":"NA",
            "역세권여부":"NA",
            "30분이내주요거점역":"NA",
            "30분거점역이름":"NA",
            "1시간이내주요거점역":"NA",
            "1시간거점역이름":"NA",
            "3km이내백화점수":1,
            "5km이내아울렛몰수":0,
            "1km이내대형먀트수":1,
            "500m이내은행수":0,
            "500m이내병원수":0,
            "5km이내대형병원수":4,
            "500m이내공원수":1,
            "3km이내혐오시설수":0,
            "초등학교학업성취도":89.99,
            "중학교학업성취도":80.1,
            "용적률":299,
            "건폐율":28,
            "Y":35.210211,
            "X":128.682668,
            "rank":68.0,
            "area_info":"23평(78.07), 30평(101.0)",
            "last_sales":"2021-12-25,18500.0,23평(78.07)",
            "rank_history":[
                [
                    "202203",
                    68
                ],
                [
                    "202202",
                    61
                ],
                [
                    "202201",
                    75
                ]
            ],
            "rank_gap":-7
        },
        {
            "index":402,
            "아파트명":"안민청솔마을대동",
            "투자타입":"일반",
            "전용면적(m2)":"79.59",
            "전용면적(평)":"24평",
            "법정동주소":"경상남도 창원시 성산구 안민동 197",
            "도로명주소":"경상남도 창원시 성산구 안민로101번길 29",
            "세대수":90,
            "입주년차":20,
            "용적률점수":"--",
            "건폐율점수":"--",
            "세대당주차수":30,
            "난방방식":30,
            "공급면적":"--",
            "전용률":"--",
            "욕실수":50,
            "현관타입":100,
            "주거총점":58.0,
            "지역구공급총점":100.0,
            "역세권":"NA",
            "30분내 이동가능 거점":"NA",
            "1시간내 이동가능 거점":"NA",
            "교통총점":"NA",
            "백화점":0,
            "아울렛몰":0,
            "대형마트":80,
            "은행":0,
            "병원":30,
            "종합병원":100,
            "공원":80,
            "혐오시설":0,
            "인프라총점":37.4,
            "초등학군":89.98,
            "중학군":47.72,
            "학군총점":56.172,
            "인구수":29.3,
            "인구증감":79.91,
            "인구총점":44.483,
            "일자리":14.8,
            "소득수준":82.32,
            "일자리총점":35.056,
            "가치 총점":49.303,
            "매매실거래년":20220214.0,
            "매매실거래가":20500.0,
            "전세실거래년":20220209.0,
            "전세실거래가":12600.0,
            "전세가율":78.75,
            "장기전세가율평균":68.76,
            "전세가율거품지수":-9.99,
            "검색코드":7858,
            "세대수":920.0,
            "준공년월":"1999-06-23",
            "준공년차":24.0,
            "가까운역이름":"NA",
            "가까운역거리":"NA",
            "역세권여부":"NA",
            "30분이내주요거점역":"NA",
            "30분거점역이름":"NA",
            "1시간이내주요거점역":"NA",
            "1시간거점역이름":"NA",
            "3km이내백화점수":0,
            "5km이내아울렛몰수":0,
            "1km이내대형먀트수":1,
            "500m이내은행수":0,
            "500m이내병원수":5,
            "5km이내대형병원수":4,
            "500m이내공원수":1,
            "3km이내혐오시설수":0,
            "초등학교학업성취도":89.98,
            "중학교학업성취도":77.6,
            "용적률":263,
            "건폐율":35,
            "Y":35.188993,
            "X":128.688771,
            "rank":69.0,
            "area_info":"24평(79.59), 32평(107.38), 44평(147.85), 54평(181.05)",
            "last_sales":"2022-02-14,20500.0,32평(107.38)",
            "rank_history":[
                [
                    "202203",
                    69
                ],
                [
                    "202202",
                    63
                ],
                [
                    "202201",
                    77
                ]
            ],
            "rank_gap":-6
        },
        {
            "index":155,
            "아파트명":"대방대동황토방",
            "투자타입":"일반",
            "전용면적(m2)":"84.29",
            "전용면적(평)":"25평",
            "법정동주소":"경상남도 창원시 성산구 대방동 367",
            "도로명주소":"경상남도 창원시 성산구 창이대로881번길 19",
            "세대수":80,
            "입주년차":20,
            "용적률점수":"--",
            "건폐율점수":"--",
            "세대당주차수":0,
            "난방방식":30,
            "공급면적":"--",
            "전용률":"--",
            "욕실수":50,
            "현관타입":100,
            "주거총점":50.0,
            "지역구공급총점":100.0,
            "역세권":"NA",
            "30분내 이동가능 거점":"NA",
            "1시간내 이동가능 거점":"NA",
            "교통총점":"NA",
            "백화점":0,
            "아울렛몰":0,
            "대형마트":80,
            "은행":0,
            "병원":80,
            "종합병원":100,
            "공원":100,
            "혐오시설":0,
            "인프라총점":43.0,
            "초등학군":90.0,
            "중학군":50.04,
            "학군총점":58.032,
            "인구수":29.3,
            "인구증감":79.91,
            "인구총점":44.483,
            "일자리":14.8,
            "소득수준":82.32,
            "일자리총점":35.056,
            "가치 총점":49.208,
            "매매실거래년":20220113.0,
            "매매실거래가":40500.0,
            "전세실거래년":20220122.0,
            "전세실거래가":29500.0,
            "전세가율":98.83,
            "장기전세가율평균":68.76,
            "전세가율거품지수":-30.07,
            "검색코드":100888,
            "세대수":708.0,
            "준공년월":"2001-05-24",
            "준공년차":22.0,
            "가까운역이름":"NA",
            "가까운역거리":"NA",
            "역세권여부":"NA",
            "30분이내주요거점역":"NA",
            "30분거점역이름":"NA",
            "1시간이내주요거점역":"NA",
            "1시간거점역이름":"NA",
            "3km이내백화점수":0,
            "5km이내아울렛몰수":0,
            "1km이내대형먀트수":1,
            "500m이내은행수":1,
            "500m이내병원수":31,
            "5km이내대형병원수":3,
            "500m이내공원수":2,
            "3km이내혐오시설수":0,
            "초등학교학업성취도":90.0,
            "중학교학업성취도":82.8,
            "용적률":261,
            "건폐율":20,
            "Y":35.208219,
            "X":128.70923,
            "rank":70.0,
            "area_info":"25평(84.29), 34평(112.84), 44평(148.35)",
            "last_sales":"2022-01-13,40500.0,34평(112.84)",
            "rank_history":[
                [
                    "202203",
                    70
                ],
                [
                    "202202",
                    62
                ],
                [
                    "202201",
                    58
                ]
            ],
            "rank_gap":-8
        },
        {
            "index":173,
            "아파트명":"대원대동2차",
            "투자타입":"일반",
            "전용면적(m2)":"172.92",
            "전용면적(평)":"52평",
            "법정동주소":"경상남도 창원시 성산구 대원동 80",
            "도로명주소":"경상남도 창원시 성산구 창원대로 538",
            "세대수":0,
            "입주년차":20,
            "용적률점수":"--",
            "건폐율점수":"--",
            "세대당주차수":80,
            "난방방식":30,
            "공급면적":"--",
            "전용률":"--",
            "욕실수":100,
            "현관타입":100,
            "주거총점":39.0,
            "지역구공급총점":100.0,
            "역세권":"NA",
            "30분내 이동가능 거점":"NA",
            "1시간내 이동가능 거점":"NA",
            "교통총점":"NA",
            "백화점":100,
            "아울렛몰":0,
            "대형마트":0,
            "은행":0,
            "병원":0,
            "종합병원":100,
            "공원":80,
            "혐오시설":0,
            "인프라총점":52.4,
            "초등학군":90.0,
            "중학군":49.44,
            "학군총점":57.552,
            "인구수":29.3,
            "인구증감":79.91,
            "인구총점":44.483,
            "일자리":14.8,
            "소득수준":82.32,
            "일자리총점":35.056,
            "가치 총점":48.998,
            "매매실거래년":20211124.0,
            "매매실거래가":33300.0,
            "전세실거래년":20211124.0,
            "전세실거래가":27000.0,
            "전세가율":81.08,
            "장기전세가율평균":68.76,
            "전세가율거품지수":-12.32,
            "검색코드":15742,
            "세대수":148.0,
            "준공년월":"1999-09-15",
            "준공년차":24.0,
            "가까운역이름":"NA",
            "가까운역거리":"NA",
            "역세권여부":"NA",
            "30분이내주요거점역":"NA",
            "30분거점역이름":"NA",
            "1시간이내주요거점역":"NA",
            "1시간거점역이름":"NA",
            "3km이내백화점수":1,
            "5km이내아울렛몰수":0,
            "1km이내대형먀트수":0,
            "500m이내은행수":0,
            "500m이내병원수":0,
            "5km이내대형병원수":3,
            "500m이내공원수":1,
            "3km이내혐오시설수":0,
            "초등학교학업성취도":90.0,
            "중학교학업성취도":82.4,
            "용적률":205,
            "건폐율":22,
            "Y":35.226545,
            "X":128.653133,
            "rank":71.0,
            "area_info":"52평(172.92)",
            "last_sales":"2021-11-24,33300.0,52평(172.92)",
            "rank_history":[
                [
                    "202203",
                    71
                ],
                [
                    "202202",
                    64
                ],
                [
                    "202201",
                    59
                ]
            ],
            "rank_gap":-7
        },
        {
            "index":334,
            "아파트명":"프리빌리지",
            "투자타입":"일반",
            "전용면적(m2)":"110.15",
            "전용면적(평)":"33평",
            "법정동주소":"경상남도 창원시 성산구 성주동 101",
            "도로명주소":"경상남도 창원시 성산구 대암로 253",
            "세대수":90,
            "입주년차":20,
            "용적률점수":"--",
            "건폐율점수":"--",
            "세대당주차수":30,
            "난방방식":30,
            "공급면적":"--",
            "전용률":"--",
            "욕실수":100,
            "현관타입":100,
            "주거총점":63.0,
            "지역구공급총점":100.0,
            "역세권":"NA",
            "30분내 이동가능 거점":"NA",
            "1시간내 이동가능 거점":"NA",
            "교통총점":"NA",
            "백화점":0,
            "아울렛몰":0,
            "대형마트":0,
            "은행":0,
            "병원":30,
            "종합병원":100,
            "공원":100,
            "혐오시설":0,
            "인프라총점":26.0,
            "초등학군":89.98,
            "중학군":58.72,
            "학군총점":64.972,
            "인구수":29.3,
            "인구증감":79.91,
            "인구총점":44.483,
            "일자리":14.8,
            "소득수준":82.32,
            "일자리총점":35.056,
            "가치 총점":48.693,
            "매매실거래년":20220115.0,
            "매매실거래가":52000.0,
            "전세실거래년":20220126.0,
            "전세실거래가":26000.0,
            "전세가율":50.98,
            "장기전세가율평균":68.76,
            "전세가율거품지수":17.78,
            "검색코드":101107,
            "세대수":1062.0,
            "준공년월":"2003-10-30",
            "준공년차":20.0,
            "가까운역이름":"NA",
            "가까운역거리":"NA",
            "역세권여부":"NA",
            "30분이내주요거점역":"NA",
            "30분거점역이름":"NA",
            "1시간이내주요거점역":"NA",
            "1시간거점역이름":"NA",
            "3km이내백화점수":0,
            "5km이내아울렛몰수":0,
            "1km이내대형먀트수":0,
            "500m이내은행수":0,
            "500m이내병원수":9,
            "5km이내대형병원수":3,
            "500m이내공원수":4,
            "3km이내혐오시설수":0,
            "초등학교학업성취도":89.98,
            "중학교학업성취도":88.4,
            "용적률":210,
            "건폐율":13,
            "Y":35.20338,
            "X":128.710517,
            "rank":72.0,
            "area_info":"33평(110.15), 38평(128.75), 45평(150.53), 50평(165.8), 59평(195.31)",
            "last_sales":"2022-01-15,52000.0,38평(128.75)",
            "rank_history":[
                [
                    "202203",
                    72
                ],
                [
                    "202202",
                    65
                ],
                [
                    "202201",
                    61
                ]
            ],
            "rank_gap":-7
        },
        {
            "index":67,
            "아파트명":"소라",
            "투자타입":"재건축",
            "전용면적(m2)":"83.34",
            "전용면적(평)":"25평",
            "법정동주소":"경상남도 창원시 성산구 가음정동 391-10",
            "도로명주소":"경상남도 창원시 성산구 성산패총로178번길 51",
            "세대수":30,
            "입주년차":"--",
            "용적률점수":0,
            "건폐율점수":80,
            "세대당주차수":"--",
            "난방방식":"--",
            "공급면적":70,
            "전용률":60,
            "욕실수":"--",
            "현관타입":"--",
            "주거총점":31.5,
            "지역구공급총점":100.0,
            "역세권":"NA",
            "30분내 이동가능 거점":"NA",
            "1시간내 이동가능 거점":"NA",
            "교통총점":"NA",
            "백화점":100,
            "아울렛몰":0,
            "대형마트":0,
            "은행":0,
            "병원":10,
            "종합병원":100,
            "공원":100,
            "혐오시설":0,
            "인프라총점":54.0,
            "초등학군":89.99,
            "중학군":55.62,
            "학군총점":62.494,
            "인구수":29.3,
            "인구증감":79.91,
            "인구총점":44.483,
            "일자리":14.8,
            "소득수준":82.32,
            "일자리총점":35.056,
            "가치 총점":48.2485,
            "매매실거래년":20220103.0,
            "매매실거래가":18000.0,
            "전세실거래년":20220203.0,
            "전세실거래가":13200.0,
            "전세가율":95.65,
            "장기전세가율평균":68.76,
            "전세가율거품지수":-26.89,
            "검색코드":7600,
            "세대수":348.0,
            "준공년월":"1990-01-18",
            "준공년차":33.0,
            "가까운역이름":"NA",
            "가까운역거리":"NA",
            "역세권여부":"NA",
            "30분이내주요거점역":"NA",
            "30분거점역이름":"NA",
            "1시간이내주요거점역":"NA",
            "1시간거점역이름":"NA",
            "3km이내백화점수":1,
            "5km이내아울렛몰수":0,
            "1km이내대형먀트수":0,
            "500m이내은행수":0,
            "500m이내병원수":3,
            "5km이내대형병원수":3,
            "500m이내공원수":2,
            "3km이내혐오시설수":0,
            "초등학교학업성취도":89.99,
            "중학교학업성취도":86.5,
            "용적률":227,
            "건폐율":21,
            "Y":35.207534,
            "X":128.687357,
            "rank":73.0,
            "area_info":"25평(83.34), 30평(102.1)",
            "last_sales":"2022-01-03,18000.0,30평(102.1)",
            "rank_history":[
                [
                    "202203",
                    73
                ],
                [
                    "202202",
                    66
                ],
                [
                    "202201",
                    62
                ]
            ],
            "rank_gap":-7
        },
        {
            "index":118,
            "아파트명":"동성샛별타운",
            "투자타입":"재건축",
            "전용면적(m2)":"89.35",
            "전용면적(평)":"27평",
            "법정동주소":"경상남도 창원시 성산구 내동 456-20",
            "도로명주소":"경상남도 창원시 성산구 연덕로184번길 1",
            "세대수":0,
            "입주년차":"--",
            "용적률점수":0,
            "건폐율점수":80,
            "세대당주차수":"--",
            "난방방식":"--",
            "공급면적":70,
            "전용률":80,
            "욕실수":"--",
            "현관타입":"--",
            "주거총점":23.5,
            "지역구공급총점":100.0,
            "역세권":"NA",
            "30분내 이동가능 거점":"NA",
            "1시간내 이동가능 거점":"NA",
            "교통총점":"NA",
            "백화점":100,
            "아울렛몰":0,
            "대형마트":80,
            "은행":0,
            "병원":10,
            "종합병원":100,
            "공원":0,
            "혐오시설":0,
            "인프라총점":63.0,
            "초등학군":90.0,
            "중학군":49.44,
            "학군총점":57.552,
            "인구수":29.3,
            "인구증감":79.91,
            "인구총점":44.483,
            "일자리":14.8,
            "소득수준":82.32,
            "일자리총점":35.056,
            "가치 총점":47.813,
            "매매실거래년":20220114.0,
            "매매실거래가":18200.0,
            "전세실거래년":20110320.0,
            "전세실거래가":7500.0,
            "전세가율":49.02,
            "장기전세가율평균":68.76,
            "전세가율거품지수":19.74,
            "검색코드":7652,
            "세대수":120.0,
            "준공년월":"1991-11-29",
            "준공년차":32.0,
            "가까운역이름":"NA",
            "가까운역거리":"NA",
            "역세권여부":"NA",
            "30분이내주요거점역":"NA",
            "30분거점역이름":"NA",
            "1시간이내주요거점역":"NA",
            "1시간거점역이름":"NA",
            "3km이내백화점수":1,
            "5km이내아울렛몰수":0,
            "1km이내대형먀트수":1,
            "500m이내은행수":0,
            "500m이내병원수":3,
            "5km이내대형병원수":4,
            "500m이내공원수":0,
            "3km이내혐오시설수":0,
            "초등학교학업성취도":90.0,
            "중학교학업성취도":82.4,
            "용적률":244,
            "건폐율":28,
            "Y":35.21911,
            "X":128.66697,
            "rank":74.0,
            "area_info":"27평(89.35), 31평(102.94)",
            "last_sales":"2022-01-14,18200.0,31평(102.94)",
            "rank_history":[
                [
                    "202203",
                    74
                ],
                [
                    "202202",
                    67
                ],
                [
                    "202201",
                    79
                ]
            ],
            "rank_gap":-7
        },
        {
            "index":136,
            "아파트명":"일성그라미",
            "투자타입":"재건축",
            "전용면적(m2)":"87.51",
            "전용면적(평)":"26평",
            "법정동주소":"경상남도 창원시 성산구 내동 456-21",
            "도로명주소":"경상남도 창원시 성산구 연덕로184번길 19",
            "세대수":0,
            "입주년차":"--",
            "용적률점수":0,
            "건폐율점수":80,
            "세대당주차수":"--",
            "난방방식":"--",
            "공급면적":70,
            "전용률":80,
            "욕실수":"--",
            "현관타입":"--",
            "주거총점":23.5,
            "지역구공급총점":100.0,
            "역세권":"NA",
            "30분내 이동가능 거점":"NA",
            "1시간내 이동가능 거점":"NA",
            "교통총점":"NA",
            "백화점":100,
            "아울렛몰":0,
            "대형마트":80,
            "은행":0,
            "병원":10,
            "종합병원":100,
            "공원":0,
            "혐오시설":0,
            "인프라총점":63.0,
            "초등학군":90.0,
            "중학군":49.44,
            "학군총점":57.552,
            "인구수":29.3,
            "인구증감":79.91,
            "인구총점":44.483,
            "일자리":14.8,
            "소득수준":82.32,
            "일자리총점":35.056,
            "가치 총점":47.813,
            "매매실거래년":20220210.0,
            "매매실거래가":17200.0,
            "전세실거래년":20211213.0,
            "전세실거래가":15000.0,
            "전세가율":88.5,
            "장기전세가율평균":68.76,
            "전세가율거품지수":-19.74,
            "검색코드":15735,
            "세대수":240.0,
            "준공년월":"1990-03-16",
            "준공년차":33.0,
            "가까운역이름":"NA",
            "가까운역거리":"NA",
            "역세권여부":"NA",
            "30분이내주요거점역":"NA",
            "30분거점역이름":"NA",
            "1시간이내주요거점역":"NA",
            "1시간거점역이름":"NA",
            "3km이내백화점수":1,
            "5km이내아울렛몰수":0,
            "1km이내대형먀트수":1,
            "500m이내은행수":0,
            "500m이내병원수":3,
            "5km이내대형병원수":4,
            "500m이내공원수":0,
            "3km이내혐오시설수":0,
            "초등학교학업성취도":90.0,
            "중학교학업성취도":82.4,
            "용적률":231,
            "건폐율":24,
            "Y":35.21845,
            "X":128.668084,
            "rank":74.0,
            "area_info":"26평(87.51), 29평(96.58)",
            "last_sales":"2022-02-10,17200.0,29평(96.58)",
            "rank_history":[
                [
                    "202203",
                    74
                ],
                [
                    "202202",
                    67
                ],
                [
                    "202201",
                    79
                ]
            ],
            "rank_gap":-7
        },
        {
            "index":379,
            "아파트명":"양곡",
            "투자타입":"재건축",
            "전용면적(m2)":"100.94",
            "전용면적(평)":"30평",
            "법정동주소":"경상남도 창원시 성산구 신촌동 34-1",
            "도로명주소":"경상남도 창원시 성산구 신촌로 62",
            "세대수":0,
            "입주년차":"--",
            "용적률점수":100,
            "건폐율점수":80,
            "세대당주차수":"--",
            "난방방식":"--",
            "공급면적":90,
            "전용률":100,
            "욕실수":"--",
            "현관타입":"--",
            "주거총점":65.5,
            "지역구공급총점":100.0,
            "역세권":"NA",
            "30분내 이동가능 거점":"NA",
            "1시간내 이동가능 거점":"NA",
            "교통총점":"NA",
            "백화점":0,
            "아울렛몰":0,
            "대형마트":0,
            "은행":0,
            "병원":30,
            "종합병원":100,
            "공원":100,
            "혐오시설":0,
            "인프라총점":26.0,
            "초등학군":90.0,
            "중학군":47.14,
            "학군총점":55.712,
            "인구수":29.3,
            "인구증감":79.91,
            "인구총점":44.483,
            "일자리":14.8,
            "소득수준":82.32,
            "일자리총점":35.056,
            "가치 총점":47.253,
            "매매실거래년":20220117.0,
            "매매실거래가":23000.0,
            "전세실거래년":20191115.0,
            "전세실거래가":8000.0,
            "전세가율":45.2,
            "장기전세가율평균":68.76,
            "전세가율거품지수":23.56,
            "검색코드":15799,
            "세대수":130.0,
            "준공년월":"1978-11-11",
            "준공년차":45.0,
            "가까운역이름":"NA",
            "가까운역거리":"NA",
            "역세권여부":"NA",
            "30분이내주요거점역":"NA",
            "30분거점역이름":"NA",
            "1시간이내주요거점역":"NA",
            "1시간거점역이름":"NA",
            "3km이내백화점수":0,
            "5km이내아울렛몰수":0,
            "1km이내대형먀트수":0,
            "500m이내은행수":1,
            "500m이내병원수":5,
            "5km이내대형병원수":2,
            "500m이내공원수":4,
            "3km이내혐오시설수":0,
            "초등학교학업성취도":90.0,
            "중학교학업성취도":77.7,
            "용적률":113,
            "건폐율":24,
            "Y":35.203945,
            "X":128.627791,
            "rank":75.0,
            "area_info":"30평(100.94), 36평(121.73), 36평(121.78)",
            "last_sales":"2022-01-17,23000.0,36평(121.73)",
            "rank_history":[
                [
                    "202203",
                    75
                ],
                [
                    "202202",
                    68
                ],
                [
                    "202201",
                    66
                ]
            ],
            "rank_gap":-7
        },
        {
            "index":339,
            "아파트명":"프리빌리지2차",
            "투자타입":"일반",
            "전용면적(m2)":"111.28",
            "전용면적(평)":"33평",
            "법정동주소":"경상남도 창원시 성산구 성주동 168",
            "도로명주소":"경상남도 창원시 성산구 창원대로1209번길 22",
            "세대수":50,
            "입주년차":60,
            "용적률점수":"--",
            "건폐율점수":"--",
            "세대당주차수":60,
            "난방방식":30,
            "공급면적":"--",
            "전용률":"--",
            "욕실수":100,
            "현관타입":100,
            "주거총점":61.5,
            "지역구공급총점":100.0,
            "역세권":"NA",
            "30분내 이동가능 거점":"NA",
            "1시간내 이동가능 거점":"NA",
            "교통총점":"NA",
            "백화점":0,
            "아울렛몰":0,
            "대형마트":0,
            "은행":0,
            "병원":0,
            "종합병원":100,
            "공원":100,
            "혐오시설":0,
            "인프라총점":23.0,
            "초등학군":90.01,
            "중학군":58.72,
            "학군총점":64.978,
            "인구수":29.3,
            "인구증감":79.91,
            "인구총점":44.483,
            "일자리":14.8,
            "소득수준":82.32,
            "일자리총점":35.056,
            "가치 총점":46.9695,
            "매매실거래년":20220127.0,
            "매매실거래가":50600.0,
            "전세실거래년":20211225.0,
            "전세실거래가":28350.0,
            "전세가율":56.03,
            "장기전세가율평균":68.76,
            "전세가율거품지수":12.73,
            "검색코드":106792,
            "세대수":672.0,
            "준공년월":"2010-12-17",
            "준공년차":13.0,
            "가까운역이름":"NA",
            "가까운역거리":"NA",
            "역세권여부":"NA",
            "30분이내주요거점역":"NA",
            "30분거점역이름":"NA",
            "1시간이내주요거점역":"NA",
            "1시간거점역이름":"NA",
            "3km이내백화점수":0,
            "5km이내아울렛몰수":0,
            "1km이내대형먀트수":0,
            "500m이내은행수":0,
            "500m이내병원수":0,
            "5km이내대형병원수":4,
            "500m이내공원수":6,
            "3km이내혐오시설수":0,
            "초등학교학업성취도":90.01,
            "중학교학업성취도":88.4,
            "용적률":220,
            "건폐율":17,
            "Y":35.195218,
            "X":128.717331,
            "rank":76.0,
            "area_info":"33평(111.28), 33평(111.11), 40평(132.52), 46평(152.07), 59평(196.16)",
            "last_sales":"2022-01-27,50600.0,33평(111.28)",
            "rank_history":[
                [
                    "202203",
                    76
                ],
                [
                    "202202",
                    71
                ],
                [
                    "202201",
                    65
                ]
            ],
            "rank_gap":-5
        },
        {
            "index":369,
            "아파트명":"삼미특수강(신촌)",
            "투자타입":"재건축",
            "전용면적(m2)":"61.6",
            "전용면적(평)":"18평",
            "법정동주소":"경상남도 창원시 성산구 신촌동 21-2",
            "도로명주소":"경상남도 창원시 성산구 신촌로 51",
            "세대수":0,
            "입주년차":"--",
            "용적률점수":100,
            "건폐율점수":100,
            "세대당주차수":"--",
            "난방방식":"--",
            "공급면적":50,
            "전용률":80,
            "욕실수":"--",
            "현관타입":"--",
            "주거총점":66.5,
            "지역구공급총점":100.0,
            "역세권":"NA",
            "30분내 이동가능 거점":"NA",
            "1시간내 이동가능 거점":"NA",
            "교통총점":"NA",
            "백화점":0,
            "아울렛몰":0,
            "대형마트":0,
            "은행":0,
            "병원":10,
            "종합병원":100,
            "공원":100,
            "혐오시설":0,
            "인프라총점":24.0,
            "초등학군":90.0,
            "중학군":47.14,
            "학군총점":55.712,
            "인구수":29.3,
            "인구증감":79.91,
            "인구총점":44.483,
            "일자리":14.8,
            "소득수준":82.32,
            "일자리총점":35.056,
            "가치 총점":46.803,
            "매매실거래년":20220119.0,
            "매매실거래가":10000.0,
            "전세실거래년":20220103.0,
            "전세실거래가":6000.0,
            "전세가율":60.0,
            "장기전세가율평균":68.76,
            "전세가율거품지수":8.76,
            "검색코드":104867,
            "세대수":80.0,
            "준공년월":"1984-01-30",
            "준공년차":39.0,
            "가까운역이름":"NA",
            "가까운역거리":"NA",
            "역세권여부":"NA",
            "30분이내주요거점역":"NA",
            "30분거점역이름":"NA",
            "1시간이내주요거점역":"NA",
            "1시간거점역이름":"NA",
            "3km이내백화점수":0,
            "5km이내아울렛몰수":0,
            "1km이내대형먀트수":0,
            "500m이내은행수":0,
            "500m이내병원수":3,
            "5km이내대형병원수":2,
            "500m이내공원수":4,
            "3km이내혐오시설수":0,
            "초등학교학업성취도":90.0,
            "중학교학업성취도":77.7,
            "용적률":92,
            "건폐율":17,
            "Y":35.205114,
            "X":128.628459,
            "rank":77.0,
            "area_info":"18평(61.6)",
            "last_sales":"2022-01-19,10000.0,18평(61.6)",
            "rank_history":[
                [
                    "202203",
                    77
                ],
                [
                    "202202",
                    9999
                ]
            ],
            "rank_gap":9999
        },
        {
            "index":76,
            "아파트명":"대우2차",
            "투자타입":"재건축",
            "전용면적(m2)":"65.07",
            "전용면적(평)":"19평",
            "법정동주소":"경상남도 창원시 성산구 남산동 601-1",
            "도로명주소":"경상남도 창원시 성산구 정동로162번길 31",
            "세대수":50,
            "입주년차":"--",
            "용적률점수":0,
            "건폐율점수":80,
            "세대당주차수":"--",
            "난방방식":"--",
            "공급면적":50,
            "전용률":60,
            "욕실수":"--",
            "현관타입":"--",
            "주거총점":36.5,
            "지역구공급총점":100.0,
            "역세권":"NA",
            "30분내 이동가능 거점":"NA",
            "1시간내 이동가능 거점":"NA",
            "교통총점":"NA",
            "백화점":100,
            "아울렛몰":0,
            "대형마트":0,
            "은행":0,
            "병원":0,
            "종합병원":100,
            "공원":0,
            "혐오시설":0,
            "인프라총점":50.0,
            "초등학군":90.0,
            "중학군":47.44,
            "학군총점":55.952,
            "인구수":29.3,
            "인구증감":79.91,
            "인구총점":44.483,
            "일자리":14.8,
            "소득수준":82.32,
            "일자리총점":35.056,
            "가치 총점":46.763,
            "매매실거래년":20220210.0,
            "매매실거래가":13500.0,
            "전세실거래년":20211213.0,
            "전세실거래가":7700.0,
            "전세가율":80.21,
            "장기전세가율평균":68.76,
            "전세가율거품지수":-11.45,
            "검색코드":7610,
            "세대수":408.0,
            "준공년월":"1991-09-12",
            "준공년차":32.0,
            "가까운역이름":"NA",
            "가까운역거리":"NA",
            "역세권여부":"NA",
            "30분이내주요거점역":"NA",
            "30분거점역이름":"NA",
            "1시간이내주요거점역":"NA",
            "1시간거점역이름":"NA",
            "3km이내백화점수":1,
            "5km이내아울렛몰수":0,
            "1km이내대형먀트수":0,
            "500m이내은행수":0,
            "500m이내병원수":1,
            "5km이내대형병원수":3,
            "500m이내공원수":0,
            "3km이내혐오시설수":0,
            "초등학교학업성취도":90.0,
            "중학교학업성취도":78.0,
            "용적률":269,
            "건폐율":27,
            "Y":35.204002,
            "X":128.693434,
            "rank":78.0,
            "area_info":"19평(65.07), 25평(83.86), 25평(84.62), 29평(96.82), 29평(98.16)",
            "last_sales":"2022-02-10,13500.0,25평(84.62)",
            "rank_history":[
                [
                    "202203",
                    78
                ],
                [
                    "202202",
                    69
                ],
                [
                    "202201",
                    67
                ]
            ],
            "rank_gap":-9
        },
        {
            "index":385,
            "아파트명":"유신",
            "투자타입":"재건축",
            "전용면적(m2)":"50.79",
            "전용면적(평)":"15평",
            "법정동주소":"경상남도 창원시 성산구 신촌동 15-1",
            "도로명주소":"경상남도 창원시 성산구 신촌로 7",
            "세대수":0,
            "입주년차":"--",
            "용적률점수":100,
            "건폐율점수":100,
            "세대당주차수":"--",
            "난방방식":"--",
            "공급면적":50,
            "전용률":80,
            "욕실수":"--",
            "현관타입":"--",
            "주거총점":66.5,
            "지역구공급총점":100.0,
            "역세권":"NA",
            "30분내 이동가능 거점":"NA",
            "1시간내 이동가능 거점":"NA",
            "교통총점":"NA",
            "백화점":0,
            "아울렛몰":0,
            "대형마트":0,
            "은행":0,
            "병원":10,
            "종합병원":100,
            "공원":80,
            "혐오시설":0,
            "인프라총점":23.4,
            "초등학군":90.0,
            "중학군":47.14,
            "학군총점":55.712,
            "인구수":29.3,
            "인구증감":79.91,
            "인구총점":44.483,
            "일자리":14.8,
            "소득수준":82.32,
            "일자리총점":35.056,
            "가치 총점":46.563,
            "매매실거래년":20211020.0,
            "매매실거래가":6100.0,
            "전세실거래년":20211005.0,
            "전세실거래가":7500.0,
            "전세가율":122.95,
            "장기전세가율평균":68.76,
            "전세가율거품지수":-54.19,
            "검색코드":112005,
            "세대수":80.0,
            "준공년월":"1980-09-17",
            "준공년차":43.0,
            "가까운역이름":"NA",
            "가까운역거리":"NA",
            "역세권여부":"NA",
            "30분이내주요거점역":"NA",
            "30분거점역이름":"NA",
            "1시간이내주요거점역":"NA",
            "1시간거점역이름":"NA",
            "3km이내백화점수":0,
            "5km이내아울렛몰수":0,
            "1km이내대형먀트수":0,
            "500m이내은행수":0,
            "500m이내병원수":2,
            "5km이내대형병원수":3,
            "500m이내공원수":1,
            "3km이내혐오시설수":0,
            "초등학교학업성취도":90.0,
            "중학교학업성취도":77.7,
            "용적률":87,
            "건폐율":18,
            "Y":35.208647,
            "X":128.626663,
            "rank":79.0,
            "area_info":"15평(50.79)",
            "last_sales":"2021-10-20,6100.0,15평(50.79)",
            "rank_history":[
                [
                    "202203",
                    79
                ],
                [
                    "202202",
                    9999
                ]
            ],
            "rank_gap":9999
        },
        {
            "index":413,
            "아파트명":"대동",
            "투자타입":"일반",
            "전용면적(m2)":"76.97",
            "전용면적(평)":"23평",
            "법정동주소":"경상남도 창원시 성산구 외동 853-35",
            "도로명주소":"경상남도 창원시 성산구 창원대로780번길 47",
            "세대수":0,
            "입주년차":0,
            "용적률점수":"--",
            "건폐율점수":"--",
            "세대당주차수":0,
            "난방방식":30,
            "공급면적":"--",
            "전용률":"--",
            "욕실수":50,
            "현관타입":100,
            "주거총점":18.0,
            "지역구공급총점":100.0,
            "역세권":"NA",
            "30분내 이동가능 거점":"NA",
            "1시간내 이동가능 거점":"NA",
            "교통총점":"NA",
            "백화점":100,
            "아울렛몰":0,
            "대형마트":80,
            "은행":0,
            "병원":0,
            "종합병원":100,
            "공원":80,
            "혐오시설":0,
            "인프라총점":64.4,
            "초등학군":89.99,
            "중학군":48.06,
            "학군총점":56.446,
            "인구수":29.3,
            "인구증감":79.91,
            "인구총점":44.483,
            "일자리":14.8,
            "소득수준":82.32,
            "일자리총점":35.056,
            "가치 총점":46.1715,
            "매매실거래년":20210906.0,
            "매매실거래가":17000.0,
            "전세실거래년":20120615.0,
            "전세실거래가":10500.0,
            "전세가율":80.77,
            "장기전세가율평균":68.76,
            "전세가율거품지수":-12.01,
            "검색코드":15804,
            "세대수":120.0,
            "준공년월":"1997-11-29",
            "준공년차":26.0,
            "가까운역이름":"NA",
            "가까운역거리":"NA",
            "역세권여부":"NA",
            "30분이내주요거점역":"NA",
            "30분거점역이름":"NA",
            "1시간이내주요거점역":"NA",
            "1시간거점역이름":"NA",
            "3km이내백화점수":1,
            "5km이내아울렛몰수":0,
            "1km이내대형먀트수":1,
            "500m이내은행수":1,
            "500m이내병원수":0,
            "5km이내대형병원수":4,
            "500m이내공원수":1,
            "3km이내혐오시설수":0,
            "초등학교학업성취도":89.99,
            "중학교학업성취도":80.1,
            "용적률":313,
            "건폐율":36,
            "Y":35.21224,
            "X":128.67906,
            "rank":80.0,
            "area_info":"23평(76.97), 31평(104.14)",
            "last_sales":"2021-09-06,17000.0,31평(104.14)",
            "rank_history":[
                [
                    "202203",
                    80
                ],
                [
                    "202202",
                    70
                ],
                [
                    "202201",
                    81
                ]
            ],
            "rank_gap":-10
        },
        {
            "index":363,
            "아파트명":"동성맨션",
            "투자타입":"재건축",
            "전용면적(m2)":"82.46",
            "전용면적(평)":"24평",
            "법정동주소":"경상남도 창원시 성산구 신촌동 23-5",
            "도로명주소":"경상남도 창원시 성산구 신촌로 113",
            "세대수":0,
            "입주년차":"--",
            "용적률점수":100,
            "건폐율점수":80,
            "세대당주차수":"--",
            "난방방식":"--",
            "공급면적":70,
            "전용률":100,
            "욕실수":"--",
            "현관타입":"--",
            "주거총점":64.5,
            "지역구공급총점":100.0,
            "역세권":"NA",
            "30분내 이동가능 거점":"NA",
            "1시간내 이동가능 거점":"NA",
            "교통총점":"NA",
            "백화점":0,
            "아울렛몰":0,
            "대형마트":0,
            "은행":0,
            "병원":10,
            "종합병원":100,
            "공원":100,
            "혐오시설":0,
            "인프라총점":24.0,
            "초등학군":90.0,
            "중학군":47.14,
            "학군총점":55.712,
            "인구수":29.3,
            "인구증감":79.91,
            "인구총점":44.483,
            "일자리":14.8,
            "소득수준":82.32,
            "일자리총점":35.056,
            "가치 총점":46.103,
            "매매실거래년":20210831.0,
            "매매실거래가":12600.0,
            "전세실거래년":20210325.0,
            "전세실거래가":11550.0,
            "전세가율":91.67,
            "장기전세가율평균":68.76,
            "전세가율거품지수":-22.91,
            "검색코드":100915,
            "세대수":80.0,
            "준공년월":"1987-06-15",
            "준공년차":36.0,
            "가까운역이름":"NA",
            "가까운역거리":"NA",
            "역세권여부":"NA",
            "30분이내주요거점역":"NA",
            "30분거점역이름":"NA",
            "1시간이내주요거점역":"NA",
            "1시간거점역이름":"NA",
            "3km이내백화점수":0,
            "5km이내아울렛몰수":0,
            "1km이내대형먀트수":0,
            "500m이내은행수":1,
            "500m이내병원수":3,
            "5km이내대형병원수":2,
            "500m이내공원수":4,
            "3km이내혐오시설수":0,
            "초등학교학업성취도":90.0,
            "중학교학업성취도":77.7,
            "용적률":128,
            "건폐율":25,
            "Y":35.199529,
            "X":128.629372,
            "rank":81.0,
            "area_info":"24평(82.46)",
            "last_sales":"2021-08-31,12600.0,24평(82.46)",
            "rank_history":[
                [
                    "202203",
                    81
                ],
                [
                    "202202",
                    9999
                ]
            ],
            "rank_gap":9999
        },
        {
            "index":358,
            "아파트명":"동성2차(21-5)",
            "투자타입":"재건축",
            "전용면적(m2)":"98.45",
            "전용면적(평)":"29평",
            "법정동주소":"경상남도 창원시 성산구 신촌동 21-5",
            "도로명주소":"경상남도 창원시 성산구 신촌로 43",
            "세대수":0,
            "입주년차":"--",
            "용적률점수":100,
            "건폐율점수":80,
            "세대당주차수":"--",
            "난방방식":"--",
            "공급면적":70,
            "전용률":80,
            "욕실수":"--",
            "현관타입":"--",
            "주거총점":63.5,
            "지역구공급총점":100.0,
            "역세권":"NA",
            "30분내 이동가능 거점":"NA",
            "1시간내 이동가능 거점":"NA",
            "교통총점":"NA",
            "백화점":0,
            "아울렛몰":0,
            "대형마트":0,
            "은행":0,
            "병원":10,
            "종합병원":100,
            "공원":80,
            "혐오시설":0,
            "인프라총점":23.4,
            "초등학군":90.0,
            "중학군":47.14,
            "학군총점":55.712,
            "인구수":29.3,
            "인구증감":79.91,
            "인구총점":44.483,
            "일자리":14.8,
            "소득수준":82.32,
            "일자리총점":35.056,
            "가치 총점":45.513,
            "매매실거래년":20211103.0,
            "매매실거래가":20000.0,
            "전세실거래년":20220127.0,
            "전세실거래가":11550.0,
            "전세가율":72.64,
            "장기전세가율평균":68.76,
            "전세가율거품지수":-3.88,
            "검색코드":15796,
            "세대수":130.0,
            "준공년월":"1989-03-13",
            "준공년차":34.0,
            "가까운역이름":"NA",
            "가까운역거리":"NA",
            "역세권여부":"NA",
            "30분이내주요거점역":"NA",
            "30분거점역이름":"NA",
            "1시간이내주요거점역":"NA",
            "1시간거점역이름":"NA",
            "3km이내백화점수":0,
            "5km이내아울렛몰수":0,
            "1km이내대형먀트수":0,
            "500m이내은행수":0,
            "500m이내병원수":3,
            "5km이내대형병원수":2,
            "500m이내공원수":1,
            "3km이내혐오시설수":0,
            "초등학교학업성취도":90.0,
            "중학교학업성취도":77.7,
            "용적률":145,
            "건폐율":29,
            "Y":35.206063,
            "X":128.627984,
            "rank":82.0,
            "area_info":"29평(98.45), 43평(143.45), 54평(179.92)",
            "last_sales":"2021-11-03,20000.0,43평(143.45)",
            "rank_history":[
                [
                    "202203",
                    82
                ],
                [
                    "202202",
                    72
                ],
                [
                    "202201",
                    68
                ]
            ],
            "rank_gap":-10
        },
        {
            "index":390,
            "아파트명":"형진",
            "투자타입":"재건축",
            "전용면적(m2)":"65.76",
            "전용면적(평)":"19평",
            "법정동주소":"경상남도 창원시 성산구 신촌동 22-5",
            "도로명주소":"경상남도 창원시 성산구 신촌로 79",
            "세대수":0,
            "입주년차":"--",
            "용적률점수":100,
            "건폐율점수":80,
            "세대당주차수":"--",
            "난방방식":"--",
            "공급면적":50,
            "전용률":80,
            "욕실수":"--",
            "현관타입":"--",
            "주거총점":62.5,
            "지역구공급총점":100.0,
            "역세권":"NA",
            "30분내 이동가능 거점":"NA",
            "1시간내 이동가능 거점":"NA",
            "교통총점":"NA",
            "백화점":0,
            "아울렛몰":0,
            "대형마트":0,
            "은행":0,
            "병원":10,
            "종합병원":100,
            "공원":100,
            "혐오시설":0,
            "인프라총점":24.0,
            "초등학군":90.0,
            "중학군":47.14,
            "학군총점":55.712,
            "인구수":29.3,
            "인구증감":79.91,
            "인구총점":44.483,
            "일자리":14.8,
            "소득수준":82.32,
            "일자리총점":35.056,
            "가치 총점":45.403,
            "매매실거래년":20220212.0,
            "매매실거래가":10900.0,
            "전세실거래년":20210804.0,
            "전세실거래가":7500.0,
            "전세가율":83.33,
            "장기전세가율평균":68.76,
            "전세가율거품지수":-14.57,
            "검색코드":15801,
            "세대수":80.0,
            "준공년월":"1989-04-15",
            "준공년차":34.0,
            "가까운역이름":"NA",
            "가까운역거리":"NA",
            "역세권여부":"NA",
            "30분이내주요거점역":"NA",
            "30분거점역이름":"NA",
            "1시간이내주요거점역":"NA",
            "1시간거점역이름":"NA",
            "3km이내백화점수":0,
            "5km이내아울렛몰수":0,
            "1km이내대형먀트수":0,
            "500m이내은행수":1,
            "500m이내병원수":3,
            "5km이내대형병원수":2,
            "500m이내공원수":4,
            "3km이내혐오시설수":0,
            "초등학교학업성취도":90.0,
            "중학교학업성취도":77.7,
            "용적률":143,
            "건폐율":28,
            "Y":35.202478,
            "X":128.629065,
            "rank":83.0,
            "area_info":"19평(65.76), 20평(68.64)",
            "last_sales":"2022-02-12,10900.0,20평(68.64)",
            "rank_history":[
                [
                    "202203",
                    83
                ],
                [
                    "202202",
                    9999
                ]
            ],
            "rank_gap":9999
        },
        {
            "index":384,
            "아파트명":"영흥철강(주)사원",
            "투자타입":"재건축",
            "전용면적(m2)":"48.0",
            "전용면적(평)":"14평",
            "법정동주소":"경상남도 창원시 성산구 신촌동 23-1",
            "도로명주소":"경상남도 창원시 성산구 신촌로 107",
            "세대수":0,
            "입주년차":"--",
            "용적률점수":100,
            "건폐율점수":80,
            "세대당주차수":"--",
            "난방방식":"--",
            "공급면적":50,
            "전용률":80,
            "욕실수":"--",
            "현관타입":"--",
            "주거총점":62.5,
            "지역구공급총점":100.0,
            "역세권":"NA",
            "30분내 이동가능 거점":"NA",
            "1시간내 이동가능 거점":"NA",
            "교통총점":"NA",
            "백화점":0,
            "아울렛몰":0,
            "대형마트":0,
            "은행":0,
            "병원":10,
            "종합병원":100,
            "공원":100,
            "혐오시설":0,
            "인프라총점":24.0,
            "초등학군":90.0,
            "중학군":47.14,
            "학군총점":55.712,
            "인구수":29.3,
            "인구증감":79.91,
            "인구총점":44.483,
            "일자리":14.8,
            "소득수준":82.32,
            "일자리총점":35.056,
            "가치 총점":45.403,
            "매매실거래년":20220205.0,
            "매매실거래가":6500.0,
            "전세실거래년":20220212.0,
            "전세실거래가":6500.0,
            "전세가율":100.0,
            "장기전세가율평균":68.76,
            "전세가율거품지수":-31.24,
            "검색코드":16831,
            "세대수":100.0,
            "준공년월":"1981-07-21",
            "준공년차":42.0,
            "가까운역이름":"NA",
            "가까운역거리":"NA",
            "역세권여부":"NA",
            "30분이내주요거점역":"NA",
            "30분거점역이름":"NA",
            "1시간이내주요거점역":"NA",
            "1시간거점역이름":"NA",
            "3km이내백화점수":0,
            "5km이내아울렛몰수":0,
            "1km이내대형먀트수":0,
            "500m이내은행수":1,
            "500m이내병원수":3,
            "5km이내대형병원수":2,
            "500m이내공원수":4,
            "3km이내혐오시설수":0,
            "초등학교학업성취도":90.0,
            "중학교학업성취도":77.7,
            "용적률":101,
            "건폐율":20,
            "Y":35.200069,
            "X":128.629486,
            "rank":83.0,
            "area_info":"14평(48.0)",
            "last_sales":"2022-02-05,6500.0,14평(48.0)",
            "rank_history":[
                [
                    "202203",
                    83
                ],
                [
                    "202202",
                    73
                ],
                [
                    "202201",
                    70
                ]
            ],
            "rank_gap":-10
        },
        {
            "index":357,
            "아파트명":"동성1차",
            "투자타입":"재건축",
            "전용면적(m2)":"69.65",
            "전용면적(평)":"21평",
            "법정동주소":"경상남도 창원시 성산구 신촌동 22-4",
            "도로명주소":"경상남도 창원시 성산구 신촌로 95",
            "세대수":0,
            "입주년차":"--",
            "용적률점수":100,
            "건폐율점수":80,
            "세대당주차수":"--",
            "난방방식":"--",
            "공급면적":50,
            "전용률":80,
            "욕실수":"--",
            "현관타입":"--",
            "주거총점":62.5,
            "지역구공급총점":100.0,
            "역세권":"NA",
            "30분내 이동가능 거점":"NA",
            "1시간내 이동가능 거점":"NA",
            "교통총점":"NA",
            "백화점":0,
            "아울렛몰":0,
            "대형마트":0,
            "은행":0,
            "병원":10,
            "종합병원":100,
            "공원":100,
            "혐오시설":0,
            "인프라총점":24.0,
            "초등학군":90.0,
            "중학군":47.14,
            "학군총점":55.712,
            "인구수":29.3,
            "인구증감":79.91,
            "인구총점":44.483,
            "일자리":14.8,
            "소득수준":82.32,
            "일자리총점":35.056,
            "가치 총점":45.403,
            "매매실거래년":20220216.0,
            "매매실거래가":11900.0,
            "전세실거래년":20220212.0,
            "전세실거래가":9500.0,
            "전세가율":79.83,
            "장기전세가율평균":68.76,
            "전세가율거품지수":-11.07,
            "검색코드":7853,
            "세대수":240.0,
            "준공년월":"1986-10-20",
            "준공년차":37.0,
            "가까운역이름":"NA",
            "가까운역거리":"NA",
            "역세권여부":"NA",
            "30분이내주요거점역":"NA",
            "30분거점역이름":"NA",
            "1시간이내주요거점역":"NA",
            "1시간거점역이름":"NA",
            "3km이내백화점수":0,
            "5km이내아울렛몰수":0,
            "1km이내대형먀트수":0,
            "500m이내은행수":1,
            "500m이내병원수":3,
            "5km이내대형병원수":2,
            "500m이내공원수":4,
            "3km이내혐오시설수":0,
            "초등학교학업성취도":90.0,
            "중학교학업성취도":77.7,
            "용적률":123,
            "건폐율":24,
            "Y":35.201342,
            "X":128.629254,
            "rank":83.0,
            "area_info":"21평(69.65)",
            "last_sales":"2022-02-16,11900.0,21평(69.65)",
            "rank_history":[
                [
                    "202203",
                    83
                ],
                [
                    "202202",
                    73
                ],
                [
                    "202201",
                    70
                ]
            ],
            "rank_gap":-10
        },
        {
            "index":344,
            "아파트명":"한림푸르지오",
            "투자타입":"일반",
            "전용면적(m2)":"110.38",
            "전용면적(평)":"33평",
            "법정동주소":"경상남도 창원시 성산구 성주동 102",
            "도로명주소":"경상남도 창원시 성산구 외리로34번길 13",
            "세대수":50,
            "입주년차":20,
            "용적률점수":"--",
            "건폐율점수":"--",
            "세대당주차수":60,
            "난방방식":30,
            "공급면적":"--",
            "전용률":"--",
            "욕실수":100,
            "현관타입":100,
            "주거총점":53.5,
            "지역구공급총점":100.0,
            "역세권":"NA",
            "30분내 이동가능 거점":"NA",
            "1시간내 이동가능 거점":"NA",
            "교통총점":"NA",
            "백화점":0,
            "아울렛몰":0,
            "대형마트":0,
            "은행":0,
            "병원":30,
            "종합병원":100,
            "공원":100,
            "혐오시설":0,
            "인프라총점":26.0,
            "초등학군":90.01,
            "중학군":58.72,
            "학군총점":64.978,
            "인구수":29.3,
            "인구증감":79.91,
            "인구총점":44.483,
            "일자리":14.8,
            "소득수준":82.32,
            "일자리총점":35.056,
            "가치 총점":45.3695,
            "매매실거래년":20220129.0,
            "매매실거래가":51300.0,
            "전세실거래년":20220204.0,
            "전세실거래가":36000.0,
            "전세가율":70.18,
            "장기전세가율평균":68.76,
            "전세가율거품지수":-1.42,
            "검색코드":17376,
            "세대수":520.0,
            "준공년월":"2003-12-22",
            "준공년차":20.0,
            "가까운역이름":"NA",
            "가까운역거리":"NA",
            "역세권여부":"NA",
            "30분이내주요거점역":"NA",
            "30분거점역이름":"NA",
            "1시간이내주요거점역":"NA",
            "1시간거점역이름":"NA",
            "3km이내백화점수":0,
            "5km이내아울렛몰수":0,
            "1km이내대형먀트수":0,
            "500m이내은행수":0,
            "500m이내병원수":9,
            "5km이내대형병원수":3,
            "500m이내공원수":4,
            "3km이내혐오시설수":0,
            "초등학교학업성취도":90.01,
            "중학교학업성취도":88.4,
            "용적률":219,
            "건폐율":13,
            "Y":35.201916,
            "X":128.709559,
            "rank":84.0,
            "area_info":"33평(110.38), 38평(126.01), 51평(169.74), 65평(216.54)",
            "last_sales":"2022-01-29,51300.0,33평(110.38)",
            "rank_history":[
                [
                    "202203",
                    84
                ],
                [
                    "202202",
                    77
                ],
                [
                    "202201",
                    72
                ]
            ],
            "rank_gap":-7
        },
        {
            "index":69,
            "아파트명":"남산효성해링턴플레이스",
            "투자타입":"일반",
            "전용면적(m2)":"79.6",
            "전용면적(평)":"24평",
            "법정동주소":"경상남도 창원시 성산구 남산동 601-26",
            "도로명주소":"경상남도 창원시 성산구 정동로162번길 78",
            "세대수":50,
            "입주년차":80,
            "용적률점수":"--",
            "건폐율점수":"--",
            "세대당주차수":30,
            "난방방식":30,
            "공급면적":"--",
            "전용률":"--",
            "욕실수":100,
            "현관타입":100,
            "주거총점":61.0,
            "지역구공급총점":100.0,
            "역세권":"NA",
            "30분내 이동가능 거점":"NA",
            "1시간내 이동가능 거점":"NA",
            "교통총점":"NA",
            "백화점":0,
            "아울렛몰":0,
            "대형마트":0,
            "은행":20,
            "병원":0,
            "종합병원":100,
            "공원":80,
            "혐오시설":0,
            "인프라총점":24.4,
            "초등학군":90.0,
            "중학군":47.44,
            "학군총점":55.952,
            "인구수":29.3,
            "인구증감":79.91,
            "인구총점":44.483,
            "일자리":14.8,
            "소득수준":82.32,
            "일자리총점":35.056,
            "가치 총점":45.098,
            "매매실거래년":20220126.0,
            "매매실거래가":25000.0,
            "전세실거래년":20220126.0,
            "전세실거래가":22000.0,
            "전세가율":88.0,
            "장기전세가율평균":68.76,
            "전세가율거품지수":-19.24,
            "검색코드":115783,
            "세대수":460.0,
            "준공년월":"2018-06-28",
            "준공년차":5.0,
            "가까운역이름":"NA",
            "가까운역거리":"NA",
            "역세권여부":"NA",
            "30분이내주요거점역":"NA",
            "30분거점역이름":"NA",
            "1시간이내주요거점역":"NA",
            "1시간거점역이름":"NA",
            "3km이내백화점수":0,
            "5km이내아울렛몰수":0,
            "1km이내대형먀트수":0,
            "500m이내은행수":2,
            "500m이내병원수":1,
            "5km이내대형병원수":4,
            "500m이내공원수":1,
            "3km이내혐오시설수":0,
            "초등학교학업성취도":90.0,
            "중학교학업성취도":78.0,
            "용적률":247,
            "건폐율":28,
            "Y":35.199579,
            "X":128.699914,
            "rank":85.0,
            "area_info":"24평(79.6), 24평(81.64), 30평(101.46), 32평(108.02), 33평(110.08)",
            "last_sales":"2022-01-26,25000.0,24평(79.6)",
            "rank_history":[
                [
                    "202203",
                    85
                ],
                [
                    "202202",
                    78
                ],
                [
                    "202201",
                    74
                ]
            ],
            "rank_gap":-7
        },
        {
            "index":372,
            "아파트명":"상림",
            "투자타입":"재건축",
            "전용면적(m2)":"60.29",
            "전용면적(평)":"18평",
            "법정동주소":"경상남도 창원시 성산구 신촌동 21-3",
            "도로명주소":"경상남도 창원시 성산구 신촌로 77",
            "세대수":0,
            "입주년차":"--",
            "용적률점수":100,
            "건폐율점수":80,
            "세대당주차수":"--",
            "난방방식":"--",
            "공급면적":50,
            "전용률":60,
            "욕실수":"--",
            "현관타입":"--",
            "주거총점":61.5,
            "지역구공급총점":100.0,
            "역세권":"NA",
            "30분내 이동가능 거점":"NA",
            "1시간내 이동가능 거점":"NA",
            "교통총점":"NA",
            "백화점":0,
            "아울렛몰":0,
            "대형마트":0,
            "은행":0,
            "병원":10,
            "종합병원":100,
            "공원":100,
            "혐오시설":0,
            "인프라총점":24.0,
            "초등학군":90.0,
            "중학군":47.14,
            "학군총점":55.712,
            "인구수":29.3,
            "인구증감":79.91,
            "인구총점":44.483,
            "일자리":14.8,
            "소득수준":82.32,
            "일자리총점":35.056,
            "가치 총점":45.053,
            "매매실거래년":20220223.0,
            "매매실거래가":9000.0,
            "전세실거래년":20211005.0,
            "전세실거래가":7000.0,
            "전세가율":82.35,
            "장기전세가율평균":68.76,
            "전세가율거품지수":-13.59,
            "검색코드":15798,
            "세대수":120.0,
            "준공년월":"1984-02-14",
            "준공년차":39.0,
            "가까운역이름":"NA",
            "가까운역거리":"NA",
            "역세권여부":"NA",
            "30분이내주요거점역":"NA",
            "30분거점역이름":"NA",
            "1시간이내주요거점역":"NA",
            "1시간거점역이름":"NA",
            "3km이내백화점수":0,
            "5km이내아울렛몰수":0,
            "1km이내대형먀트수":0,
            "500m이내은행수":1,
            "500m이내병원수":3,
            "5km이내대형병원수":2,
            "500m이내공원수":4,
            "3km이내혐오시설수":0,
            "초등학교학업성취도":90.0,
            "중학교학업성취도":77.7,
            "용적률":130,
            "건폐율":26,
            "Y":35.203038,
            "X":128.628861,
            "rank":86.0,
            "area_info":"18평(60.29), 21평(70.68), 21평(72.56)",
            "last_sales":"2022-02-23,9000.0,21평(72.56)",
            "rank_history":[
                [
                    "202203",
                    86
                ],
                [
                    "202202",
                    74
                ],
                [
                    "202201",
                    71
                ]
            ],
            "rank_gap":-12
        },
        {
            "index":392,
            "아파트명":"효성가든",
            "투자타입":"재건축",
            "전용면적(m2)":"54.29",
            "전용면적(평)":"16평",
            "법정동주소":"경상남도 창원시 성산구 신촌동 26-1",
            "도로명주소":"경상남도 창원시 성산구 신촌로134번길 5",
            "세대수":0,
            "입주년차":"--",
            "용적률점수":100,
            "건폐율점수":80,
            "세대당주차수":"--",
            "난방방식":"--",
            "공급면적":50,
            "전용률":60,
            "욕실수":"--",
            "현관타입":"--",
            "주거총점":61.5,
            "지역구공급총점":100.0,
            "역세권":"NA",
            "30분내 이동가능 거점":"NA",
            "1시간내 이동가능 거점":"NA",
            "교통총점":"NA",
            "백화점":0,
            "아울렛몰":0,
            "대형마트":0,
            "은행":0,
            "병원":10,
            "종합병원":100,
            "공원":100,
            "혐오시설":0,
            "인프라총점":24.0,
            "초등학군":90.0,
            "중학군":47.14,
            "학군총점":55.712,
            "인구수":29.3,
            "인구증감":79.91,
            "인구총점":44.483,
            "일자리":14.8,
            "소득수준":82.32,
            "일자리총점":35.056,
            "가치 총점":45.053,
            "매매실거래년":20220103.0,
            "매매실거래가":8000.0,
            "전세실거래년":20210610.0,
            "전세실거래가":4500.0,
            "전세가율":75.63,
            "장기전세가율평균":68.76,
            "전세가율거품지수":-6.87,
            "검색코드":16832,
            "세대수":110.0,
            "준공년월":"1984-08-28",
            "준공년차":39.0,
            "가까운역이름":"NA",
            "가까운역거리":"NA",
            "역세권여부":"NA",
            "30분이내주요거점역":"NA",
            "30분거점역이름":"NA",
            "1시간이내주요거점역":"NA",
            "1시간거점역이름":"NA",
            "3km이내백화점수":0,
            "5km이내아울렛몰수":0,
            "1km이내대형먀트수":0,
            "500m이내은행수":1,
            "500m이내병원수":3,
            "5km이내대형병원수":2,
            "500m이내공원수":3,
            "3km이내혐오시설수":0,
            "초등학교학업성취도":90.0,
            "중학교학업성취도":77.7,
            "용적률":142,
            "건폐율":29,
            "Y":35.197198,
            "X":128.628739,
            "rank":86.0,
            "area_info":"16평(54.29), 21평(72.27), 27평(90.75)",
            "last_sales":"2022-01-03,8000.0,27평(90.75)",
            "rank_history":[
                [
                    "202203",
                    86
                ],
                [
                    "202202",
                    74
                ],
                [
                    "202201",
                    71
                ]
            ],
            "rank_gap":-12
        },
        {
            "index":401,
            "아파트명":"안민동위드필하임",
            "투자타입":"일반",
            "전용면적(m2)":"80.24",
            "전용면적(평)":"24평",
            "법정동주소":"경상남도 창원시 성산구 안민동 196",
            "도로명주소":"경상남도 창원시 성산구 안민로 49-6",
            "세대수":0,
            "입주년차":100,
            "용적률점수":"--",
            "건폐율점수":"--",
            "세대당주차수":30,
            "난방방식":30,
            "공급면적":"--",
            "전용률":"--",
            "욕실수":100,
            "현관타입":100,
            "주거총점":47.5,
            "지역구공급총점":100.0,
            "역세권":"NA",
            "30분내 이동가능 거점":"NA",
            "1시간내 이동가능 거점":"NA",
            "교통총점":"NA",
            "백화점":0,
            "아울렛몰":0,
            "대형마트":80,
            "은행":0,
            "병원":10,
            "종합병원":100,
            "공원":80,
            "혐오시설":0,
            "인프라총점":35.4,
            "초등학군":89.98,
            "중학군":47.72,
            "학군총점":56.172,
            "인구수":29.3,
            "인구증감":79.91,
            "인구총점":44.483,
            "일자리":14.8,
            "소득수준":82.32,
            "일자리총점":35.056,
            "가치 총점":44.828,
            "매매실거래년":20220126.0,
            "매매실거래가":24400.0,
            "전세실거래년":20211027.0,
            "전세실거래가":23000.0,
            "전세가율":94.26,
            "장기전세가율평균":68.76,
            "전세가율거품지수":-25.5,
            "검색코드":115826,
            "세대수":172.0,
            "준공년월":"2019-02-22",
            "준공년차":4.0,
            "가까운역이름":"NA",
            "가까운역거리":"NA",
            "역세권여부":"NA",
            "30분이내주요거점역":"NA",
            "30분거점역이름":"NA",
            "1시간이내주요거점역":"NA",
            "1시간거점역이름":"NA",
            "3km이내백화점수":0,
            "5km이내아울렛몰수":0,
            "1km이내대형먀트수":1,
            "500m이내은행수":0,
            "500m이내병원수":4,
            "5km이내대형병원수":4,
            "500m이내공원수":1,
            "3km이내혐오시설수":0,
            "초등학교학업성취도":89.98,
            "중학교학업성취도":77.6,
            "용적률":198,
            "건폐율":18,
            "Y":35.190142,
            "X":128.686626,
            "rank":87.0,
            "area_info":"24평(80.24)",
            "last_sales":"2022-01-26,24400.0,24평(80.24)",
            "rank_history":[
                [
                    "202203",
                    87
                ],
                [
                    "202202",
                    75
                ],
                [
                    "202201",
                    83
                ]
            ],
            "rank_gap":-12
        },
        {
            "index":128,
            "아파트명":"상가",
            "투자타입":"재건축",
            "전용면적(m2)":"41.32",
            "전용면적(평)":"12평",
            "법정동주소":"경상남도 창원시 성산구 내동 456-17",
            "도로명주소":"경상남도 창원시 성산구",
            "세대수":0,
            "입주년차":"--",
            "용적률점수":0,
            "건폐율점수":0,
            "세대당주차수":"--",
            "난방방식":"--",
            "공급면적":50,
            "전용률":100,
            "욕실수":"--",
            "현관타입":"--",
            "주거총점":7.5,
            "지역구공급총점":100.0,
            "역세권":"NA",
            "30분내 이동가능 거점":"NA",
            "1시간내 이동가능 거점":"NA",
            "교통총점":"NA",
            "백화점":100,
            "아울렛몰":0,
            "대형마트":80,
            "은행":70,
            "병원":10,
            "종합병원":100,
            "공원":0,
            "혐오시설":0,
            "인프라총점":70.0,
            "초등학군":89.99,
            "중학군":48.06,
            "학군총점":56.446,
            "인구수":29.3,
            "인구증감":79.91,
            "인구총점":44.483,
            "일자리":14.8,
            "소득수준":82.32,
            "일자리총점":35.056,
            "가치 총점":44.7365,
            "매매실거래년":"18000101",
            "매매실거래가":null,
            "전세실거래년":null,
            "전세실거래가":null,
            "전세가율":null,
            "장기전세가율평균":68.76,
            "전세가율거품지수":null,
            "검색코드":15729,
            "세대수":136.0,
            "준공년월":"1976-03-10",
            "준공년차":47.0,
            "가까운역이름":"NA",
            "가까운역거리":"NA",
            "역세권여부":"NA",
            "30분이내주요거점역":"NA",
            "30분거점역이름":"NA",
            "1시간이내주요거점역":"NA",
            "1시간거점역이름":"NA",
            "3km이내백화점수":1,
            "5km이내아울렛몰수":0,
            "1km이내대형먀트수":1,
            "500m이내은행수":3,
            "500m이내병원수":3,
            "5km이내대형병원수":4,
            "500m이내공원수":0,
            "3km이내혐오시설수":0,
            "초등학교학업성취도":89.99,
            "중학교학업성취도":80.1,
            "용적률":0,
            "건폐율":0,
            "Y":35.2172,
            "X":128.67026,
            "rank":88.0,
            "area_info":"12평(41.32), 12평(41.31), 12평(42.31), 12평(42.32), 14평(46.94), 14평(48.93), 14평(48.92), 18평(60.5)",
            "last_sales":"1800-01-01,nan,12평(41.32)",
            "rank_history":[
                [
                    "202203",
                    88
                ],
                [
                    "202202",
                    76
                ],
                [
                    "202201",
                    84
                ]
            ],
            "rank_gap":-12
        },
        {
            "index":176,
            "아파트명":"대원파크빌",
            "투자타입":"일반",
            "전용면적(m2)":"64.97",
            "전용면적(평)":"19평",
            "법정동주소":"경상남도 창원시 성산구 대원동 81",
            "도로명주소":"경상남도 창원시 성산구 삼동로 121",
            "세대수":50,
            "입주년차":0,
            "용적률점수":"--",
            "건폐율점수":"--",
            "세대당주차수":0,
            "난방방식":30,
            "공급면적":"--",
            "전용률":"--",
            "욕실수":50,
            "현관타입":10,
            "주거총점":26.5,
            "지역구공급총점":100.0,
            "역세권":"NA",
            "30분내 이동가능 거점":"NA",
            "1시간내 이동가능 거점":"NA",
            "교통총점":"NA",
            "백화점":100,
            "아울렛몰":0,
            "대형마트":0,
            "은행":0,
            "병원":0,
            "종합병원":100,
            "공원":80,
            "혐오시설":0,
            "인프라총점":52.4,
            "초등학군":90.0,
            "중학군":49.44,
            "학군총점":57.552,
            "인구수":29.3,
            "인구증감":79.91,
            "인구총점":44.483,
            "일자리":14.8,
            "소득수준":82.32,
            "일자리총점":35.056,
            "가치 총점":44.623,
            "매매실거래년":20220222.0,
            "매매실거래가":11550.0,
            "전세실거래년":20220225.0,
            "전세실거래가":11500.0,
            "전세가율":99.57,
            "장기전세가율평균":68.76,
            "전세가율거품지수":-30.81,
            "검색코드":15745,
            "세대수":603.0,
            "준공년월":"1997-12-27",
            "준공년차":26.0,
            "가까운역이름":"NA",
            "가까운역거리":"NA",
            "역세권여부":"NA",
            "30분이내주요거점역":"NA",
            "30분거점역이름":"NA",
            "1시간이내주요거점역":"NA",
            "1시간거점역이름":"NA",
            "3km이내백화점수":1,
            "5km이내아울렛몰수":0,
            "1km이내대형먀트수":0,
            "500m이내은행수":0,
            "500m이내병원수":0,
            "5km이내대형병원수":3,
            "500m이내공원수":1,
            "3km이내혐오시설수":0,
            "초등학교학업성취도":90.0,
            "중학교학업성취도":82.4,
            "용적률":347,
            "건폐율":25,
            "Y":35.225154,
            "X":128.655308,
            "rank":89.0,
            "area_info":"19평(64.97)",
            "last_sales":"2022-02-22,11550.0,19평(64.97)",
            "rank_history":[
                [
                    "202203",
                    89
                ],
                [
                    "202202",
                    79
                ],
                [
                    "202201",
                    76
                ]
            ],
            "rank_gap":-10
        },
        {
            "index":370,
            "아파트명":"삼성",
            "투자타입":"재건축",
            "전용면적(m2)":"82.01",
            "전용면적(평)":"24평",
            "법정동주소":"경상남도 창원시 성산구 신촌동 27-3",
            "도로명주소":"경상남도 창원시 성산구 신촌로134번길 23",
            "세대수":0,
            "입주년차":"--",
            "용적률점수":100,
            "건폐율점수":80,
            "세대당주차수":"--",
            "난방방식":"--",
            "공급면적":70,
            "전용률":80,
            "욕실수":"--",
            "현관타입":"--",
            "주거총점":63.5,
            "지역구공급총점":100.0,
            "역세권":"NA",
            "30분내 이동가능 거점":"NA",
            "1시간내 이동가능 거점":"NA",
            "교통총점":"NA",
            "백화점":0,
            "아울렛몰":0,
            "대형마트":0,
            "은행":0,
            "병원":10,
            "종합병원":100,
            "공원":0,
            "혐오시설":0,
            "인프라총점":21.0,
            "초등학군":90.0,
            "중학군":47.14,
            "학군총점":55.712,
            "인구수":29.3,
            "인구증감":79.91,
            "인구총점":44.483,
            "일자리":14.8,
            "소득수준":82.32,
            "일자리총점":35.056,
            "가치 총점":44.553,
            "매매실거래년":20211211.0,
            "매매실거래가":11800.0,
            "전세실거래년":20191203.0,
            "전세실거래가":8500.0,
            "전세가율":73.28,
            "장기전세가율평균":68.76,
            "전세가율거품지수":-4.52,
            "검색코드":100919,
            "세대수":90.0,
            "준공년월":"1990-02-13",
            "준공년차":33.0,
            "가까운역이름":"NA",
            "가까운역거리":"NA",
            "역세권여부":"NA",
            "30분이내주요거점역":"NA",
            "30분거점역이름":"NA",
            "1시간이내주요거점역":"NA",
            "1시간거점역이름":"NA",
            "3km이내백화점수":0,
            "5km이내아울렛몰수":0,
            "1km이내대형먀트수":0,
            "500m이내은행수":1,
            "500m이내병원수":3,
            "5km이내대형병원수":2,
            "500m이내공원수":0,
            "3km이내혐오시설수":0,
            "초등학교학업성취도":90.0,
            "중학교학업성취도":77.7,
            "용적률":103,
            "건폐율":20,
            "Y":35.196976,
            "X":128.626299,
            "rank":90.0,
            "area_info":"24평(82.01), 26평(87.6)",
            "last_sales":"2021-12-11,11800.0,26평(87.6)",
            "rank_history":[
                [
                    "202203",
                    90
                ],
                [
                    "202202",
                    9999
                ]
            ],
            "rank_gap":9999
        },
        {
            "index":407,
            "아파트명":"한솔마을대동",
            "투자타입":"일반",
            "전용면적(m2)":"75.28",
            "전용면적(평)":"22평",
            "법정동주소":"경상남도 창원시 성산구 안민동 108",
            "도로명주소":"경상남도 창원시 성산구 안민로 161",
            "세대수":50,
            "입주년차":20,
            "용적률점수":"--",
            "건폐율점수":"--",
            "세대당주차수":30,
            "난방방식":30,
            "공급면적":"--",
            "전용률":"--",
            "욕실수":50,
            "현관타입":100,
            "주거총점":44.0,
            "지역구공급총점":100.0,
            "역세권":"NA",
            "30분내 이동가능 거점":"NA",
            "1시간내 이동가능 거점":"NA",
            "교통총점":"NA",
            "백화점":0,
            "아울렛몰":0,
            "대형마트":80,
            "은행":0,
            "병원":30,
            "종합병원":100,
            "공원":80,
            "혐오시설":-50,
            "인프라총점":36.4,
            "초등학군":89.98,
            "중학군":47.72,
            "학군총점":56.172,
            "인구수":29.3,
            "인구증감":79.91,
            "인구총점":44.483,
            "일자리":14.8,
            "소득수준":82.32,
            "일자리총점":35.056,
            "가치 총점":44.003,
            "매매실거래년":20220207.0,
            "매매실거래가":15300.0,
            "전세실거래년":20220124.0,
            "전세실거래가":9900.0,
            "전세가율":64.71,
            "장기전세가율평균":68.76,
            "전세가율거품지수":4.05,
            "검색코드":7862,
            "세대수":640.0,
            "준공년월":"1999-05-04",
            "준공년차":24.0,
            "가까운역이름":"NA",
            "가까운역거리":"NA",
            "역세권여부":"NA",
            "30분이내주요거점역":"NA",
            "30분거점역이름":"NA",
            "1시간이내주요거점역":"NA",
            "1시간거점역이름":"NA",
            "3km이내백화점수":0,
            "5km이내아울렛몰수":0,
            "1km이내대형먀트수":1,
            "500m이내은행수":0,
            "500m이내병원수":5,
            "5km이내대형병원수":4,
            "500m이내공원수":1,
            "3km이내혐오시설수":1,
            "초등학교학업성취도":89.98,
            "중학교학업성취도":77.6,
            "용적률":208,
            "건폐율":15,
            "Y":35.185503,
            "X":128.692167,
            "rank":91.0,
            "area_info":"22평(75.28), 23평(76.3), 32평(108.12)",
            "last_sales":"2022-02-07,15300.0,22평(75.28)",
            "rank_history":[
                [
                    "202203",
                    91
                ],
                [
                    "202202",
                    80
                ],
                [
                    "202201",
                    88
                ]
            ],
            "rank_gap":-11
        },
        {
            "index":148,
            "아파트명":"대방그린빌",
            "투자타입":"일반",
            "전용면적(m2)":"54.49",
            "전용면적(평)":"16평",
            "법정동주소":"경상남도 창원시 성산구 대방동 376",
            "도로명주소":"경상남도 창원시 성산구 창이대로901번길 30",
            "세대수":80,
            "입주년차":0,
            "용적률점수":"--",
            "건폐율점수":"--",
            "세대당주차수":0,
            "난방방식":30,
            "공급면적":"--",
            "전용률":"--",
            "욕실수":50,
            "현관타입":10,
            "주거총점":37.0,
            "지역구공급총점":100.0,
            "역세권":"NA",
            "30분내 이동가능 거점":"NA",
            "1시간내 이동가능 거점":"NA",
            "교통총점":"NA",
            "백화점":0,
            "아울렛몰":0,
            "대형마트":80,
            "은행":0,
            "병원":60,
            "종합병원":100,
            "공원":100,
            "혐오시설":0,
            "인프라총점":41.0,
            "초등학군":89.98,
            "중학군":50.04,
            "학군총점":58.028,
            "인구수":29.3,
            "인구증감":79.91,
            "인구총점":44.483,
            "일자리":14.8,
            "소득수준":82.32,
            "일자리총점":35.056,
            "가치 총점":43.857,
            "매매실거래년":20220219.0,
            "매매실거래가":15500.0,
            "전세실거래년":20220225.0,
            "전세실거래가":13000.0,
            "전세가율":83.87,
            "장기전세가율평균":68.76,
            "전세가율거품지수":-15.11,
            "검색코드":7683,
            "세대수":834.0,
            "준공년월":"1996-06-08",
            "준공년차":27.0,
            "가까운역이름":"NA",
            "가까운역거리":"NA",
            "역세권여부":"NA",
            "30분이내주요거점역":"NA",
            "30분거점역이름":"NA",
            "1시간이내주요거점역":"NA",
            "1시간거점역이름":"NA",
            "3km이내백화점수":0,
            "5km이내아울렛몰수":0,
            "1km이내대형먀트수":1,
            "500m이내은행수":1,
            "500m이내병원수":26,
            "5km이내대형병원수":3,
            "500m이내공원수":4,
            "3km이내혐오시설수":0,
            "초등학교학업성취도":89.98,
            "중학교학업성취도":82.8,
            "용적률":24,
            "건폐율":20,
            "Y":35.205326,
            "X":128.710709,
            "rank":92.0,
            "area_info":"16평(54.49), 20평(68.41)",
            "last_sales":"2022-02-19,15500.0,16평(54.49)",
            "rank_history":[
                [
                    "202203",
                    92
                ],
                [
                    "202202",
                    81
                ],
                [
                    "202201",
                    69
                ]
            ],
            "rank_gap":-11
        },
        {
            "index":415,
            "아파트명":"두산",
            "투자타입":"일반",
            "전용면적(m2)":"61.97",
            "전용면적(평)":"18평",
            "법정동주소":"경상남도 창원시 성산구 외동 853-33",
            "도로명주소":"경상남도 창원시 성산구 창원대로780번길 23",
            "세대수":0,
            "입주년차":0,
            "용적률점수":"--",
            "건폐율점수":"--",
            "세대당주차수":0,
            "난방방식":30,
            "공급면적":"--",
            "전용률":"--",
            "욕실수":50,
            "현관타입":10,
            "주거총점":9.0,
            "지역구공급총점":100.0,
            "역세권":"NA",
            "30분내 이동가능 거점":"NA",
            "1시간내 이동가능 거점":"NA",
            "교통총점":"NA",
            "백화점":100,
            "아울렛몰":0,
            "대형마트":80,
            "은행":20,
            "병원":0,
            "종합병원":100,
            "공원":80,
            "혐오시설":0,
            "인프라총점":66.4,
            "초등학군":89.99,
            "중학군":48.06,
            "학군총점":56.446,
            "인구수":29.3,
            "인구증감":79.91,
            "인구총점":44.483,
            "일자리":14.8,
            "소득수준":82.32,
            "일자리총점":35.056,
            "가치 총점":43.8215,
            "매매실거래년":20211226.0,
            "매매실거래가":8000.0,
            "전세실거래년":20210626.0,
            "전세실거래가":7000.0,
            "전세가율":87.5,
            "장기전세가율평균":68.76,
            "전세가율거품지수":-18.74,
            "검색코드":106411,
            "세대수":132.0,
            "준공년월":"1993-11-03",
            "준공년차":30.0,
            "가까운역이름":"NA",
            "가까운역거리":"NA",
            "역세권여부":"NA",
            "30분이내주요거점역":"NA",
            "30분거점역이름":"NA",
            "1시간이내주요거점역":"NA",
            "1시간거점역이름":"NA",
            "3km이내백화점수":1,
            "5km이내아울렛몰수":0,
            "1km이내대형먀트수":1,
            "500m이내은행수":2,
            "500m이내병원수":0,
            "5km이내대형병원수":4,
            "500m이내공원수":1,
            "3km이내혐오시설수":0,
            "초등학교학업성취도":89.99,
            "중학교학업성취도":80.1,
            "용적률":220,
            "건폐율":20,
            "Y":35.213452,
            "X":128.676929,
            "rank":93.0,
            "area_info":"18평(61.97)",
            "last_sales":"2021-12-26,8000.0,18평(61.97)",
            "rank_history":[
                [
                    "202203",
                    93
                ],
                [
                    "202202",
                    82
                ],
                [
                    "202201",
                    87
                ]
            ],
            "rank_gap":-11
        },
        {
            "index":323,
            "아파트명":"성주효성해링턴코트",
            "투자타입":"일반",
            "전용면적(m2)":"109.14",
            "전용면적(평)":"33평",
            "법정동주소":"경상남도 창원시 성산구 성주동 157",
            "도로명주소":"경상남도 창원시 성산구 삼정자로 78",
            "세대수":30,
            "입주년차":60,
            "용적률점수":"--",
            "건폐율점수":"--",
            "세대당주차수":30,
            "난방방식":30,
            "공급면적":"--",
            "전용률":"--",
            "욕실수":100,
            "현관타입":100,
            "주거총점":50.0,
            "지역구공급총점":100.0,
            "역세권":"NA",
            "30분내 이동가능 거점":"NA",
            "1시간내 이동가능 거점":"NA",
            "교통총점":"NA",
            "백화점":0,
            "아울렛몰":0,
            "대형마트":0,
            "은행":0,
            "병원":10,
            "종합병원":100,
            "공원":100,
            "혐오시설":0,
            "인프라총점":24.0,
            "초등학군":90.01,
            "중학군":58.72,
            "학군총점":64.978,
            "인구수":29.3,
            "인구증감":79.91,
            "인구총점":44.483,
            "일자리":14.8,
            "소득수준":82.32,
            "일자리총점":35.056,
            "가치 총점":43.3445,
            "매매실거래년":"18000101",
            "매매실거래가":null,
            "전세실거래년":null,
            "전세실거래가":null,
            "전세가율":null,
            "장기전세가율평균":68.76,
            "전세가율거품지수":null,
            "검색코드":105107,
            "세대수":365.0,
            "준공년월":"2013-12-05",
            "준공년차":10.0,
            "가까운역이름":"NA",
            "가까운역거리":"NA",
            "역세권여부":"NA",
            "30분이내주요거점역":"NA",
            "30분거점역이름":"NA",
            "1시간이내주요거점역":"NA",
            "1시간거점역이름":"NA",
            "3km이내백화점수":0,
            "5km이내아울렛몰수":0,
            "1km이내대형먀트수":0,
            "500m이내은행수":0,
            "500m이내병원수":2,
            "5km이내대형병원수":4,
            "500m이내공원수":6,
            "3km이내혐오시설수":0,
            "초등학교학업성취도":90.01,
            "중학교학업성취도":88.4,
            "용적률":99,
            "건폐율":36,
            "Y":35.196694,
            "X":128.714653,
            "rank":94.0,
            "area_info":"33평(109.14), 33평(109.14), 33평(109.58), 33평(109.64), 39평(129.36), 45평(151.48)",
            "last_sales":"1800-01-01,nan,33평(109.14)",
            "rank_history":[
                [
                    "202203",
                    94
                ],
                [
                    "202202",
                    85
                ],
                [
                    "202201",
                    80
                ]
            ],
            "rank_gap":-9
        },
        {
            "index":166,
            "아파트명":"대방동성",
            "투자타입":"일반",
            "전용면적(m2)":"76.28",
            "전용면적(평)":"23평",
            "법정동주소":"경상남도 창원시 성산구 대방동 374",
            "도로명주소":"경상남도 창원시 성산구 창이대로901번길 4",
            "세대수":50,
            "입주년차":0,
            "용적률점수":"--",
            "건폐율점수":"--",
            "세대당주차수":0,
            "난방방식":30,
            "공급면적":"--",
            "전용률":"--",
            "욕실수":50,
            "현관타입":100,
            "주거총점":35.5,
            "지역구공급총점":100.0,
            "역세권":"NA",
            "30분내 이동가능 거점":"NA",
            "1시간내 이동가능 거점":"NA",
            "교통총점":"NA",
            "백화점":0,
            "아울렛몰":0,
            "대형마트":80,
            "은행":0,
            "병원":60,
            "종합병원":100,
            "공원":100,
            "혐오시설":0,
            "인프라총점":41.0,
            "초등학군":89.98,
            "중학군":50.04,
            "학군총점":58.028,
            "인구수":29.3,
            "인구증감":79.91,
            "인구총점":44.483,
            "일자리":14.8,
            "소득수준":82.32,
            "일자리총점":35.056,
            "가치 총점":43.332,
            "매매실거래년":20220211.0,
            "매매실거래가":28000.0,
            "전세실거래년":20220219.0,
            "전세실거래가":24000.0,
            "전세가율":85.71,
            "장기전세가율평균":68.76,
            "전세가율거품지수":-16.95,
            "검색코드":7693,
            "세대수":556.0,
            "준공년월":"1996-05-18",
            "준공년차":27.0,
            "가까운역이름":"NA",
            "가까운역거리":"NA",
            "역세권여부":"NA",
            "30분이내주요거점역":"NA",
            "30분거점역이름":"NA",
            "1시간이내주요거점역":"NA",
            "1시간거점역이름":"NA",
            "3km이내백화점수":0,
            "5km이내아울렛몰수":0,
            "1km이내대형먀트수":1,
            "500m이내은행수":1,
            "500m이내병원수":29,
            "5km이내대형병원수":3,
            "500m이내공원수":4,
            "3km이내혐오시설수":0,
            "초등학교학업성취도":89.98,
            "중학교학업성취도":82.8,
            "용적률":245,
            "건폐율":16,
            "Y":35.204198,
            "X":128.707778,
            "rank":95.0,
            "area_info":"23평(76.28), 32평(108.03), 39평(129.49)",
            "last_sales":"2022-02-11,28000.0,23평(76.28)",
            "rank_history":[
                [
                    "202203",
                    95
                ],
                [
                    "202202",
                    83
                ],
                [
                    "202201",
                    73
                ]
            ],
            "rank_gap":-12
        },
        {
            "index":163,
            "아파트명":"대방덕산타운2차",
            "투자타입":"일반",
            "전용면적(m2)":"78.71",
            "전용면적(평)":"23평",
            "법정동주소":"경상남도 창원시 성산구 대방동 375",
            "도로명주소":"경상남도 창원시 성산구 대암로 272",
            "세대수":50,
            "입주년차":0,
            "용적률점수":"--",
            "건폐율점수":"--",
            "세대당주차수":0,
            "난방방식":30,
            "공급면적":"--",
            "전용률":"--",
            "욕실수":50,
            "현관타입":100,
            "주거총점":35.5,
            "지역구공급총점":100.0,
            "역세권":"NA",
            "30분내 이동가능 거점":"NA",
            "1시간내 이동가능 거점":"NA",
            "교통총점":"NA",
            "백화점":0,
            "아울렛몰":0,
            "대형마트":80,
            "은행":0,
            "병원":60,
            "종합병원":100,
            "공원":100,
            "혐오시설":0,
            "인프라총점":41.0,
            "초등학군":89.98,
            "중학군":50.04,
            "학군총점":58.028,
            "인구수":29.3,
            "인구증감":79.91,
            "인구총점":44.483,
            "일자리":14.8,
            "소득수준":82.32,
            "일자리총점":35.056,
            "가치 총점":43.332,
            "매매실거래년":20220210.0,
            "매매실거래가":27000.0,
            "전세실거래년":20220221.0,
            "전세실거래가":16800.0,
            "전세가율":62.22,
            "장기전세가율평균":68.76,
            "전세가율거품지수":6.54,
            "검색코드":7685,
            "세대수":586.0,
            "준공년월":"1996-02-09",
            "준공년차":27.0,
            "가까운역이름":"NA",
            "가까운역거리":"NA",
            "역세권여부":"NA",
            "30분이내주요거점역":"NA",
            "30분거점역이름":"NA",
            "1시간이내주요거점역":"NA",
            "1시간거점역이름":"NA",
            "3km이내백화점수":0,
            "5km이내아울렛몰수":0,
            "1km이내대형먀트수":1,
            "500m이내은행수":1,
            "500m이내병원수":26,
            "5km이내대형병원수":3,
            "500m이내공원수":5,
            "3km이내혐오시설수":0,
            "초등학교학업성취도":89.98,
            "중학교학업성취도":82.8,
            "용적률":247,
            "건폐율":19,
            "Y":35.204632,
            "X":128.709089,
            "rank":95.0,
            "area_info":"23평(78.71), 27평(91.28), 31평(105.6)",
            "last_sales":"2022-02-10,27000.0,23평(78.71)",
            "rank_history":[
                [
                    "202203",
                    95
                ],
                [
                    "202202",
                    83
                ],
                [
                    "202201",
                    73
                ]
            ],
            "rank_gap":-12
        },
        {
            "index":361,
            "아파트명":"동성2차(21-6)",
            "투자타입":"재건축",
            "전용면적(m2)":"66.58",
            "전용면적(평)":"20평",
            "법정동주소":"경상남도 창원시 성산구 신촌동 21-6",
            "도로명주소":"경상남도 창원시 성산구 신촌로 63",
            "세대수":30,
            "입주년차":"--",
            "용적률점수":100,
            "건폐율점수":0,
            "세대당주차수":"--",
            "난방방식":"--",
            "공급면적":50,
            "전용률":100,
            "욕실수":"--",
            "현관타입":"--",
            "주거총점":56.5,
            "지역구공급총점":100.0,
            "역세권":"NA",
            "30분내 이동가능 거점":"NA",
            "1시간내 이동가능 거점":"NA",
            "교통총점":"NA",
            "백화점":0,
            "아울렛몰":0,
            "대형마트":0,
            "은행":0,
            "병원":10,
            "종합병원":100,
            "공원":100,
            "혐오시설":0,
            "인프라총점":24.0,
            "초등학군":90.0,
            "중학군":47.14,
            "학군총점":55.712,
            "인구수":29.3,
            "인구증감":79.91,
            "인구총점":44.483,
            "일자리":14.8,
            "소득수준":82.32,
            "일자리총점":35.056,
            "가치 총점":43.303,
            "매매실거래년":20220209.0,
            "매매실거래가":13000.0,
            "전세실거래년":20220210.0,
            "전세실거래가":13000.0,
            "전세가율":100.0,
            "장기전세가율평균":68.76,
            "전세가율거품지수":-31.24,
            "검색코드":7854,
            "세대수":300.0,
            "준공년월":"1987-08-06",
            "준공년차":36.0,
            "가까운역이름":"NA",
            "가까운역거리":"NA",
            "역세권여부":"NA",
            "30분이내주요거점역":"NA",
            "30분거점역이름":"NA",
            "1시간이내주요거점역":"NA",
            "1시간거점역이름":"NA",
            "3km이내백화점수":0,
            "5km이내아울렛몰수":0,
            "1km이내대형먀트수":0,
            "500m이내은행수":0,
            "500m이내병원수":4,
            "5km이내대형병원수":2,
            "500m이내공원수":4,
            "3km이내혐오시설수":0,
            "초등학교학업성취도":90.0,
            "중학교학업성취도":77.7,
            "용적률":131,
            "건폐율":61,
            "Y":35.204273,
            "X":128.628947,
            "rank":96.0,
            "area_info":"20평(66.58), 20평(66.34)",
            "last_sales":"2022-02-09,13000.0,20평(66.58)",
            "rank_history":[
                [
                    "202203",
                    96
                ],
                [
                    "202202",
                    84
                ],
                [
                    "202201",
                    78
                ]
            ],
            "rank_gap":-12
        },
        {
            "index":406,
            "아파트명":"안민한스빌",
            "투자타입":"일반",
            "전용면적(m2)":"107.05",
            "전용면적(평)":"32평",
            "법정동주소":"경상남도 창원시 성산구 안민동 150",
            "도로명주소":"경상남도 창원시 성산구 안민안길 1",
            "세대수":0,
            "입주년차":40,
            "용적률점수":"--",
            "건폐율점수":"--",
            "세대당주차수":30,
            "난방방식":30,
            "공급면적":"--",
            "전용률":"--",
            "욕실수":100,
            "현관타입":100,
            "주거총점":35.5,
            "지역구공급총점":100.0,
            "역세권":"NA",
            "30분내 이동가능 거점":"NA",
            "1시간내 이동가능 거점":"NA",
            "교통총점":"NA",
            "백화점":0,
            "아울렛몰":0,
            "대형마트":80,
            "은행":0,
            "병원":30,
            "종합병원":100,
            "공원":100,
            "혐오시설":-50,
            "인프라총점":37.0,
            "초등학군":89.98,
            "중학군":47.72,
            "학군총점":56.172,
            "인구수":29.3,
            "인구증감":79.91,
            "인구총점":44.483,
            "일자리":14.8,
            "소득수준":82.32,
            "일자리총점":35.056,
            "가치 총점":41.268,
            "매매실거래년":20211203.0,
            "매매실거래가":24500.0,
            "전세실거래년":20200206.0,
            "전세실거래가":15000.0,
            "전세가율":61.22,
            "장기전세가율평균":68.76,
            "전세가율거품지수":7.54,
            "검색코드":19741,
            "세대수":71.0,
            "준공년월":"2005-01-15",
            "준공년차":18.0,
            "가까운역이름":"NA",
            "가까운역거리":"NA",
            "역세권여부":"NA",
            "30분이내주요거점역":"NA",
            "30분거점역이름":"NA",
            "1시간이내주요거점역":"NA",
            "1시간거점역이름":"NA",
            "3km이내백화점수":0,
            "5km이내아울렛몰수":0,
            "1km이내대형먀트수":1,
            "500m이내은행수":0,
            "500m이내병원수":5,
            "5km이내대형병원수":4,
            "500m이내공원수":2,
            "3km이내혐오시설수":1,
            "초등학교학업성취도":89.98,
            "중학교학업성취도":77.6,
            "용적률":226,
            "건폐율":14,
            "Y":35.18584,
            "X":128.68999,
            "rank":97.0,
            "area_info":"32평(107.05)",
            "last_sales":"2021-12-03,24500.0,32평(107.05)",
            "rank_history":[
                [
                    "202203",
                    97
                ],
                [
                    "202202",
                    9999
                ]
            ],
            "rank_gap":9999
        },
        {
            "index":457,
            "아파트명":"조광하우젠",
            "투자타입":"일반",
            "전용면적(m2)":"111.42",
            "전용면적(평)":"33평",
            "법정동주소":"경상남도 창원시 성산구 천선동 1157",
            "도로명주소":"경상남도 창원시 성산구 안민로159번길 10",
            "세대수":0,
            "입주년차":40,
            "용적률점수":"--",
            "건폐율점수":"--",
            "세대당주차수":30,
            "난방방식":30,
            "공급면적":"--",
            "전용률":"--",
            "욕실수":100,
            "현관타입":100,
            "주거총점":35.5,
            "지역구공급총점":100.0,
            "역세권":"NA",
            "30분내 이동가능 거점":"NA",
            "1시간내 이동가능 거점":"NA",
            "교통총점":"NA",
            "백화점":0,
            "아울렛몰":0,
            "대형마트":80,
            "은행":0,
            "병원":30,
            "종합병원":100,
            "공원":80,
            "혐오시설":-50,
            "인프라총점":36.4,
            "초등학군":89.98,
            "중학군":47.72,
            "학군총점":56.172,
            "인구수":29.3,
            "인구증감":79.91,
            "인구총점":44.483,
            "일자리":14.8,
            "소득수준":82.32,
            "일자리총점":35.056,
            "가치 총점":41.028,
            "매매실거래년":20211209.0,
            "매매실거래가":20700.0,
            "전세실거래년":20211222.0,
            "전세실거래가":14700.0,
            "전세가율":71.01,
            "장기전세가율평균":68.76,
            "전세가율거품지수":-2.25,
            "검색코드":19742,
            "세대수":60.0,
            "준공년월":"2005-04-22",
            "준공년차":18.0,
            "가까운역이름":"NA",
            "가까운역거리":"NA",
            "역세권여부":"NA",
            "30분이내주요거점역":"NA",
            "30분거점역이름":"NA",
            "1시간이내주요거점역":"NA",
            "1시간거점역이름":"NA",
            "3km이내백화점수":0,
            "5km이내아울렛몰수":0,
            "1km이내대형먀트수":1,
            "500m이내은행수":0,
            "500m이내병원수":5,
            "5km이내대형병원수":4,
            "500m이내공원수":1,
            "3km이내혐오시설수":1,
            "초등학교학업성취도":89.98,
            "중학교학업성취도":77.6,
            "용적률":0,
            "건폐율":0,
            "Y":35.186071,
            "X":128.693786,
            "rank":98.0,
            "area_info":"33평(111.42)",
            "last_sales":"2021-12-09,20700.0,33평(111.42)",
            "rank_history":[
                [
                    "202203",
                    98
                ],
                [
                    "202202",
                    9999
                ]
            ],
            "rank_gap":9999
        },
        {
            "index":317,
            "아파트명":"루이젠하우스",
            "투자타입":"일반",
            "전용면적(m2)":"175.75",
            "전용면적(평)":"53평",
            "법정동주소":"경상남도 창원시 성산구 성주동 143",
            "도로명주소":"경상남도 창원시 성산구 창원대로1137번길 18",
            "세대수":0,
            "입주년차":40,
            "용적률점수":"--",
            "건폐율점수":"--",
            "세대당주차수":80,
            "난방방식":30,
            "공급면적":"--",
            "전용률":"--",
            "욕실수":100,
            "현관타입":100,
            "주거총점":43.0,
            "지역구공급총점":100.0,
            "역세권":"NA",
            "30분내 이동가능 거점":"NA",
            "1시간내 이동가능 거점":"NA",
            "교통총점":"NA",
            "백화점":0,
            "아울렛몰":0,
            "대형마트":0,
            "은행":0,
            "병원":10,
            "종합병원":100,
            "공원":100,
            "혐오시설":0,
            "인프라총점":24.0,
            "초등학군":90.01,
            "중학군":58.72,
            "학군총점":64.978,
            "인구수":29.3,
            "인구증감":79.91,
            "인구총점":44.483,
            "일자리":14.8,
            "소득수준":82.32,
            "일자리총점":35.056,
            "가치 총점":40.8945,
            "매매실거래년":"18000101",
            "매매실거래가":null,
            "전세실거래년":null,
            "전세실거래가":null,
            "전세가율":null,
            "장기전세가율평균":68.76,
            "전세가율거품지수":null,
            "검색코드":110336,
            "세대수":88.0,
            "준공년월":"2008-03-24",
            "준공년차":15.0,
            "가까운역이름":"NA",
            "가까운역거리":"NA",
            "역세권여부":"NA",
            "30분이내주요거점역":"NA",
            "30분거점역이름":"NA",
            "1시간이내주요거점역":"NA",
            "1시간거점역이름":"NA",
            "3km이내백화점수":0,
            "5km이내아울렛몰수":0,
            "1km이내대형먀트수":0,
            "500m이내은행수":0,
            "500m이내병원수":2,
            "5km이내대형병원수":4,
            "500m이내공원수":3,
            "3km이내혐오시설수":0,
            "초등학교학업성취도":90.01,
            "중학교학업성취도":88.4,
            "용적률":81,
            "건폐율":29,
            "Y":35.1963,
            "X":128.709609,
            "rank":99.0,
            "area_info":"53평(175.75), 53평(177.84), 63평(211.02), 64평(212.79), 74평(246.44), 75평(248.95)",
            "last_sales":"1800-01-01,nan,53평(175.75)",
            "rank_history":[
                [
                    "202203",
                    99
                ],
                [
                    "202202",
                    9999
                ]
            ],
            "rank_gap":9999
        },
        {
            "index":3,
            "아파트명":"대도",
            "투자타입":"재건축",
            "전용면적(m2)":"55.09",
            "전용면적(평)":"16평",
            "법정동주소":"경상남도 창원시 성산구 가음동 20-4",
            "도로명주소":"경상남도 창원시 성산구 대정로 34",
            "세대수":0,
            "입주년차":"--",
            "용적률점수":0,
            "건폐율점수":0,
            "세대당주차수":"--",
            "난방방식":"--",
            "공급면적":50,
            "전용률":80,
            "욕실수":"--",
            "현관타입":"--",
            "주거총점":6.5,
            "지역구공급총점":100.0,
            "역세권":"NA",
            "30분내 이동가능 거점":"NA",
            "1시간내 이동가능 거점":"NA",
            "교통총점":"NA",
            "백화점":100,
            "아울렛몰":0,
            "대형마트":0,
            "은행":20,
            "병원":60,
            "종합병원":100,
            "공원":100,
            "혐오시설":0,
            "인프라총점":61.0,
            "초등학군":90.0,
            "중학군":47.44,
            "학군총점":55.952,
            "인구수":29.3,
            "인구증감":79.91,
            "인구총점":44.483,
            "일자리":14.8,
            "소득수준":82.32,
            "일자리총점":35.056,
            "가치 총점":40.663,
            "매매실거래년":20210713.0,
            "매매실거래가":30000.0,
            "전세실거래년":20210202.0,
            "전세실거래가":6000.0,
            "전세가율":20.0,
            "장기전세가율평균":68.76,
            "전세가율거품지수":48.76,
            "검색코드":102569,
            "세대수":75.0,
            "준공년월":"1988-01-04",
            "준공년차":35.0,
            "가까운역이름":"NA",
            "가까운역거리":"NA",
            "역세권여부":"NA",
            "30분이내주요거점역":"NA",
            "30분거점역이름":"NA",
            "1시간이내주요거점역":"NA",
            "1시간거점역이름":"NA",
            "3km이내백화점수":1,
            "5km이내아울렛몰수":0,
            "1km이내대형먀트수":0,
            "500m이내은행수":2,
            "500m이내병원수":20,
            "5km이내대형병원수":3,
            "500m이내공원수":3,
            "3km이내혐오시설수":0,
            "초등학교학업성취도":90.0,
            "중학교학업성취도":78.0,
            "용적률":0,
            "건폐율":0,
            "Y":35.207161,
            "X":128.698919,
            "rank":100.0,
            "area_info":"16평(55.09), 21평(72.48)",
            "last_sales":"2021-07-13,30000.0,16평(55.09)",
            "rank_history":[
                [
                    "202203",
                    100
                ],
                [
                    "202202",
                    9999
                ]
            ],
            "rank_gap":9999
        },
        {
            "index":17,
            "아파트명":"월드",
            "투자타입":"재건축",
            "전용면적(m2)":"54.29",
            "전용면적(평)":"16평",
            "법정동주소":"경상남도 창원시 성산구 가음동 20-7",
            "도로명주소":"경상남도 창원시 성산구 대정로40번길 12",
            "세대수":0,
            "입주년차":"--",
            "용적률점수":0,
            "건폐율점수":0,
            "세대당주차수":"--",
            "난방방식":"--",
            "공급면적":50,
            "전용률":80,
            "욕실수":"--",
            "현관타입":"--",
            "주거총점":6.5,
            "지역구공급총점":100.0,
            "역세권":"NA",
            "30분내 이동가능 거점":"NA",
            "1시간내 이동가능 거점":"NA",
            "교통총점":"NA",
            "백화점":100,
            "아울렛몰":0,
            "대형마트":0,
            "은행":20,
            "병원":60,
            "종합병원":100,
            "공원":100,
            "혐오시설":0,
            "인프라총점":61.0,
            "초등학군":90.0,
            "중학군":47.44,
            "학군총점":55.952,
            "인구수":29.3,
            "인구증감":79.91,
            "인구총점":44.483,
            "일자리":14.8,
            "소득수준":82.32,
            "일자리총점":35.056,
            "가치 총점":40.663,
            "매매실거래년":20211119.0,
            "매매실거래가":25000.0,
            "전세실거래년":20210417.0,
            "전세실거래가":7000.0,
            "전세가율":28.0,
            "장기전세가율평균":68.76,
            "전세가율거품지수":40.76,
            "검색코드":115053,
            "세대수":100.0,
            "준공년월":"1987-12-10",
            "준공년차":36.0,
            "가까운역이름":"NA",
            "가까운역거리":"NA",
            "역세권여부":"NA",
            "30분이내주요거점역":"NA",
            "30분거점역이름":"NA",
            "1시간이내주요거점역":"NA",
            "1시간거점역이름":"NA",
            "3km이내백화점수":1,
            "5km이내아울렛몰수":0,
            "1km이내대형먀트수":0,
            "500m이내은행수":2,
            "500m이내병원수":21,
            "5km이내대형병원수":3,
            "500m이내공원수":4,
            "3km이내혐오시설수":0,
            "초등학교학업성취도":90.0,
            "중학교학업성취도":78.0,
            "용적률":0,
            "건폐율":0,
            "Y":35.206856,
            "X":128.699575,
            "rank":100.0,
            "area_info":"16평(54.29)",
            "last_sales":"2021-11-19,25000.0,16평(54.29)",
            "rank_history":[
                [
                    "202203",
                    100
                ],
                [
                    "202202",
                    86
                ],
                [
                    "202201",
                    82
                ]
            ],
            "rank_gap":-14
        },
        {
            "index":13,
            "아파트명":"상록",
            "투자타입":"재건축",
            "전용면적(m2)":"40.8",
            "전용면적(평)":"12평",
            "법정동주소":"경상남도 창원시 성산구 가음동 24-3",
            "도로명주소":"경상남도 창원시 성산구 대정로 9",
            "세대수":0,
            "입주년차":"--",
            "용적률점수":0,
            "건폐율점수":0,
            "세대당주차수":"--",
            "난방방식":"--",
            "공급면적":50,
            "전용률":80,
            "욕실수":"--",
            "현관타입":"--",
            "주거총점":6.5,
            "지역구공급총점":100.0,
            "역세권":"NA",
            "30분내 이동가능 거점":"NA",
            "1시간내 이동가능 거점":"NA",
            "교통총점":"NA",
            "백화점":100,
            "아울렛몰":0,
            "대형마트":0,
            "은행":20,
            "병원":60,
            "종합병원":100,
            "공원":80,
            "혐오시설":0,
            "인프라총점":60.4,
            "초등학군":90.0,
            "중학군":47.44,
            "학군총점":55.952,
            "인구수":29.3,
            "인구증감":79.91,
            "인구총점":44.483,
            "일자리":14.8,
            "소득수준":82.32,
            "일자리총점":35.056,
            "가치 총점":40.423,
            "매매실거래년":20211030.0,
            "매매실거래가":31000.0,
            "전세실거래년":20220222.0,
            "전세실거래가":3000.0,
            "전세가율":9.68,
            "장기전세가율평균":68.76,
            "전세가율거품지수":59.08,
            "검색코드":7598,
            "세대수":130.0,
            "준공년월":"1981-03-10",
            "준공년차":42.0,
            "가까운역이름":"NA",
            "가까운역거리":"NA",
            "역세권여부":"NA",
            "30분이내주요거점역":"NA",
            "30분거점역이름":"NA",
            "1시간이내주요거점역":"NA",
            "1시간거점역이름":"NA",
            "3km이내백화점수":1,
            "5km이내아울렛몰수":0,
            "1km이내대형먀트수":0,
            "500m이내은행수":2,
            "500m이내병원수":14,
            "5km이내대형병원수":3,
            "500m이내공원수":1,
            "3km이내혐오시설수":0,
            "초등학교학업성취도":90.0,
            "중학교학업성취도":78.0,
            "용적률":0,
            "건폐율":0,
            "Y":35.205813,
            "X":128.696744,
            "rank":101.0,
            "area_info":"12평(40.8)",
            "last_sales":"2021-10-30,31000.0,12평(40.8)",
            "rank_history":[
                [
                    "202203",
                    101
                ],
                [
                    "202202",
                    88
                ],
                [
                    "202201",
                    85
                ]
            ],
            "rank_gap":-13
        },
        {
            "index":56,
            "아파트명":"태주",
            "투자타입":"재건축",
            "전용면적(m2)":"46.28",
            "전용면적(평)":"13평",
            "법정동주소":"경상남도 창원시 성산구 가음동 20-12",
            "도로명주소":"경상남도 창원시 성산구 대정로 26",
            "세대수":0,
            "입주년차":"--",
            "용적률점수":0,
            "건폐율점수":0,
            "세대당주차수":"--",
            "난방방식":"--",
            "공급면적":50,
            "전용률":60,
            "욕실수":"--",
            "현관타입":"--",
            "주거총점":5.5,
            "지역구공급총점":100.0,
            "역세권":"NA",
            "30분내 이동가능 거점":"NA",
            "1시간내 이동가능 거점":"NA",
            "교통총점":"NA",
            "백화점":100,
            "아울렛몰":0,
            "대형마트":0,
            "은행":20,
            "병원":60,
            "종합병원":100,
            "공원":100,
            "혐오시설":0,
            "인프라총점":61.0,
            "초등학군":90.0,
            "중학군":47.44,
            "학군총점":55.952,
            "인구수":29.3,
            "인구증감":79.91,
            "인구총점":44.483,
            "일자리":14.8,
            "소득수준":82.32,
            "일자리총점":35.056,
            "가치 총점":40.313,
            "매매실거래년":20220120.0,
            "매매실거래가":22400.0,
            "전세실거래년":20210715.0,
            "전세실거래가":3000.0,
            "전세가율":13.73,
            "장기전세가율평균":68.76,
            "전세가율거품지수":55.03,
            "검색코드":15721,
            "세대수":80.0,
            "준공년월":"1988-05-16",
            "준공년차":35.0,
            "가까운역이름":"NA",
            "가까운역거리":"NA",
            "역세권여부":"NA",
            "30분이내주요거점역":"NA",
            "30분거점역이름":"NA",
            "1시간이내주요거점역":"NA",
            "1시간거점역이름":"NA",
            "3km이내백화점수":1,
            "5km이내아울렛몰수":0,
            "1km이내대형먀트수":0,
            "500m이내은행수":2,
            "500m이내병원수":16,
            "5km이내대형병원수":3,
            "500m이내공원수":3,
            "3km이내혐오시설수":0,
            "초등학교학업성취도":90.0,
            "중학교학업성취도":78.0,
            "용적률":0,
            "건폐율":0,
            "Y":35.206596,
            "X":128.698486,
            "rank":102.0,
            "area_info":"13평(46.28), 15평(52.71), 16평(55.56)",
            "last_sales":"2022-01-20,22400.0,15평(52.71)",
            "rank_history":[
                [
                    "202203",
                    102
                ],
                [
                    "202202",
                    9999
                ]
            ],
            "rank_gap":9999
        },
        {
            "index":10,
            "아파트명":"삼선",
            "투자타입":"재건축",
            "전용면적(m2)":"49.27",
            "전용면적(평)":"14평",
            "법정동주소":"경상남도 창원시 성산구 가음동 22-7",
            "도로명주소":"경상남도 창원시 성산구 원이대로883번길 11-3",
            "세대수":0,
            "입주년차":"--",
            "용적률점수":0,
            "건폐율점수":0,
            "세대당주차수":"--",
            "난방방식":"--",
            "공급면적":50,
            "전용률":80,
            "욕실수":"--",
            "현관타입":"--",
            "주거총점":6.5,
            "지역구공급총점":100.0,
            "역세권":"NA",
            "30분내 이동가능 거점":"NA",
            "1시간내 이동가능 거점":"NA",
            "교통총점":"NA",
            "백화점":100,
            "아울렛몰":0,
            "대형마트":0,
            "은행":0,
            "병원":60,
            "종합병원":100,
            "공원":100,
            "혐오시설":0,
            "인프라총점":59.0,
            "초등학군":90.0,
            "중학군":47.44,
            "학군총점":55.952,
            "인구수":29.3,
            "인구증감":79.91,
            "인구총점":44.483,
            "일자리":14.8,
            "소득수준":82.32,
            "일자리총점":35.056,
            "가치 총점":39.863,
            "매매실거래년":20211119.0,
            "매매실거래가":21500.0,
            "전세실거래년":20220211.0,
            "전세실거래가":8500.0,
            "전세가율":39.53,
            "장기전세가율평균":68.76,
            "전세가율거품지수":29.23,
            "검색코드":100881,
            "세대수":130.0,
            "준공년월":"1988-04-16",
            "준공년차":35.0,
            "가까운역이름":"NA",
            "가까운역거리":"NA",
            "역세권여부":"NA",
            "30분이내주요거점역":"NA",
            "30분거점역이름":"NA",
            "1시간이내주요거점역":"NA",
            "1시간거점역이름":"NA",
            "3km이내백화점수":1,
            "5km이내아울렛몰수":0,
            "1km이내대형먀트수":0,
            "500m이내은행수":1,
            "500m이내병원수":14,
            "5km이내대형병원수":3,
            "500m이내공원수":4,
            "3km이내혐오시설수":0,
            "초등학교학업성취도":90.0,
            "중학교학업성취도":78.0,
            "용적률":0,
            "건폐율":0,
            "Y":35.207885,
            "X":128.695378,
            "rank":103.0,
            "area_info":"14평(49.27), 14평(49.17), 16평(54.11)",
            "last_sales":"2021-11-19,21500.0,14평(49.27)",
            "rank_history":[
                [
                    "202203",
                    103
                ],
                [
                    "202202",
                    89
                ],
                [
                    "202201",
                    86
                ]
            ],
            "rank_gap":-14
        },
        {
            "index":14,
            "아파트명":"세방",
            "투자타입":"재건축",
            "전용면적(m2)":"47.52",
            "전용면적(평)":"14평",
            "법정동주소":"경상남도 창원시 성산구 가음동 24-7",
            "도로명주소":"경상남도 창원시 성산구 가음정로 107-22",
            "세대수":0,
            "입주년차":"--",
            "용적률점수":0,
            "건폐율점수":0,
            "세대당주차수":"--",
            "난방방식":"--",
            "공급면적":50,
            "전용률":80,
            "욕실수":"--",
            "현관타입":"--",
            "주거총점":6.5,
            "지역구공급총점":100.0,
            "역세권":"NA",
            "30분내 이동가능 거점":"NA",
            "1시간내 이동가능 거점":"NA",
            "교통총점":"NA",
            "백화점":100,
            "아울렛몰":0,
            "대형마트":0,
            "은행":0,
            "병원":60,
            "종합병원":100,
            "공원":100,
            "혐오시설":0,
            "인프라총점":59.0,
            "초등학군":90.0,
            "중학군":47.44,
            "학군총점":55.952,
            "인구수":29.3,
            "인구증감":79.91,
            "인구총점":44.483,
            "일자리":14.8,
            "소득수준":82.32,
            "일자리총점":35.056,
            "가치 총점":39.863,
            "매매실거래년":20211221.0,
            "매매실거래가":30900.0,
            "전세실거래년":20210625.0,
            "전세실거래가":8000.0,
            "전세가율":25.89,
            "장기전세가율평균":68.76,
            "전세가율거품지수":42.87,
            "검색코드":119465,
            "세대수":190.0,
            "준공년월":"1989-05-20",
            "준공년차":34.0,
            "가까운역이름":"NA",
            "가까운역거리":"NA",
            "역세권여부":"NA",
            "30분이내주요거점역":"NA",
            "30분거점역이름":"NA",
            "1시간이내주요거점역":"NA",
            "1시간거점역이름":"NA",
            "3km이내백화점수":1,
            "5km이내아울렛몰수":0,
            "1km이내대형먀트수":0,
            "500m이내은행수":1,
            "500m이내병원수":14,
            "5km이내대형병원수":3,
            "500m이내공원수":4,
            "3km이내혐오시설수":0,
            "초등학교학업성취도":90.0,
            "중학교학업성취도":78.0,
            "용적률":0,
            "건폐율":0,
            "Y":35.206346,
            "X":128.695414,
            "rank":103.0,
            "area_info":"14평(47.52), 15평(52.58), 15평(52.31)",
            "last_sales":"2021-12-21,30900.0,14평(47.52)",
            "rank_history":[
                [
                    "202203",
                    103
                ],
                [
                    "202202",
                    89
                ],
                [
                    "202201",
                    86
                ]
            ],
            "rank_gap":-14
        },
        {
            "index":5,
            "아파트명":"대동(24-11)",
            "투자타입":"재건축",
            "전용면적(m2)":"67.67",
            "전용면적(평)":"20평",
            "법정동주소":"경상남도 창원시 성산구 가음동 24-11",
            "도로명주소":"경상남도 창원시 성산구 가음정로 113",
            "세대수":0,
            "입주년차":"--",
            "용적률점수":0,
            "건폐율점수":0,
            "세대당주차수":"--",
            "난방방식":"--",
            "공급면적":50,
            "전용률":80,
            "욕실수":"--",
            "현관타입":"--",
            "주거총점":6.5,
            "지역구공급총점":100.0,
            "역세권":"NA",
            "30분내 이동가능 거점":"NA",
            "1시간내 이동가능 거점":"NA",
            "교통총점":"NA",
            "백화점":100,
            "아울렛몰":0,
            "대형마트":0,
            "은행":0,
            "병원":60,
            "종합병원":100,
            "공원":100,
            "혐오시설":0,
            "인프라총점":59.0,
            "초등학군":90.0,
            "중학군":47.44,
            "학군총점":55.952,
            "인구수":29.3,
            "인구증감":79.91,
            "인구총점":44.483,
            "일자리":14.8,
            "소득수준":82.32,
            "일자리총점":35.056,
            "가치 총점":39.863,
            "매매실거래년":20210917.0,
            "매매실거래가":26000.0,
            "전세실거래년":20211028.0,
            "전세실거래가":10000.0,
            "전세가율":38.46,
            "장기전세가율평균":68.76,
            "전세가율거품지수":30.3,
            "검색코드":102434,
            "세대수":70.0,
            "준공년월":"1989-12-22",
            "준공년차":34.0,
            "가까운역이름":"NA",
            "가까운역거리":"NA",
            "역세권여부":"NA",
            "30분이내주요거점역":"NA",
            "30분거점역이름":"NA",
            "1시간이내주요거점역":"NA",
            "1시간거점역이름":"NA",
            "3km이내백화점수":1,
            "5km이내아울렛몰수":0,
            "1km이내대형먀트수":0,
            "500m이내은행수":1,
            "500m이내병원수":14,
            "5km이내대형병원수":3,
            "500m이내공원수":2,
            "3km이내혐오시설수":0,
            "초등학교학업성취도":90.0,
            "중학교학업성취도":78.0,
            "용적률":0,
            "건폐율":0,
            "Y":35.205813,
            "X":128.695184,
            "rank":103.0,
            "area_info":"20평(67.67), 20평(67.62)",
            "last_sales":"2021-09-17,26000.0,20평(67.67)",
            "rank_history":[
                [
                    "202203",
                    103
                ],
                [
                    "202202",
                    9999
                ]
            ],
            "rank_gap":9999
        },
        {
            "index":456,
            "아파트명":"서광파크빌",
            "투자타입":"일반",
            "전용면적(m2)":"106.62",
            "전용면적(평)":"32평",
            "법정동주소":"경상남도 창원시 성산구 천선동 1142",
            "도로명주소":"경상남도 창원시 성산구 안민안길 50",
            "세대수":0,
            "입주년차":20,
            "용적률점수":"--",
            "건폐율점수":"--",
            "세대당주차수":30,
            "난방방식":30,
            "공급면적":"--",
            "전용률":"--",
            "욕실수":100,
            "현관타입":100,
            "주거총점":31.5,
            "지역구공급총점":100.0,
            "역세권":"NA",
            "30분내 이동가능 거점":"NA",
            "1시간내 이동가능 거점":"NA",
            "교통총점":"NA",
            "백화점":0,
            "아울렛몰":0,
            "대형마트":80,
            "은행":0,
            "병원":30,
            "종합병원":100,
            "공원":80,
            "혐오시설":-50,
            "인프라총점":36.4,
            "초등학군":89.98,
            "중학군":47.72,
            "학군총점":56.172,
            "인구수":29.3,
            "인구증감":79.91,
            "인구총점":44.483,
            "일자리":14.8,
            "소득수준":82.32,
            "일자리총점":35.056,
            "가치 총점":39.628,
            "매매실거래년":20211118.0,
            "매매실거래가":18500.0,
            "전세실거래년":20201203.0,
            "전세실거래가":16000.0,
            "전세가율":86.49,
            "장기전세가율평균":68.76,
            "전세가율거품지수":-17.73,
            "검색코드":16841,
            "세대수":180.0,
            "준공년월":"2002-11-16",
            "준공년차":21.0,
            "가까운역이름":"NA",
            "가까운역거리":"NA",
            "역세권여부":"NA",
            "30분이내주요거점역":"NA",
            "30분거점역이름":"NA",
            "1시간이내주요거점역":"NA",
            "1시간거점역이름":"NA",
            "3km이내백화점수":0,
            "5km이내아울렛몰수":0,
            "1km이내대형먀트수":1,
            "500m이내은행수":0,
            "500m이내병원수":5,
            "5km이내대형병원수":4,
            "500m이내공원수":1,
            "3km이내혐오시설수":1,
            "초등학교학업성취도":89.98,
            "중학교학업성취도":77.6,
            "용적률":219,
            "건폐율":18,
            "Y":35.187492,
            "X":128.694325,
            "rank":104.0,
            "area_info":"32평(106.62)",
            "last_sales":"2021-11-18,18500.0,32평(106.62)",
            "rank_history":[
                [
                    "202203",
                    104
                ],
                [
                    "202202",
                    87
                ],
                [
                    "202201",
                    93
                ]
            ],
            "rank_gap":-17
        },
        {
            "index":61,
            "아파트명":"풍성정밀사원",
            "투자타입":"재건축",
            "전용면적(m2)":"69.3",
            "전용면적(평)":"20평",
            "법정동주소":"경상남도 창원시 성산구 가음동 24-1",
            "도로명주소":"경상남도 창원시 성산구 가음정로 107-34",
            "세대수":0,
            "입주년차":"--",
            "용적률점수":0,
            "건폐율점수":0,
            "세대당주차수":"--",
            "난방방식":"--",
            "공급면적":50,
            "전용률":60,
            "욕실수":"--",
            "현관타입":"--",
            "주거총점":5.5,
            "지역구공급총점":100.0,
            "역세권":"NA",
            "30분내 이동가능 거점":"NA",
            "1시간내 이동가능 거점":"NA",
            "교통총점":"NA",
            "백화점":100,
            "아울렛몰":0,
            "대형마트":0,
            "은행":0,
            "병원":60,
            "종합병원":100,
            "공원":100,
            "혐오시설":0,
            "인프라총점":59.0,
            "초등학군":90.0,
            "중학군":47.44,
            "학군총점":55.952,
            "인구수":29.3,
            "인구증감":79.91,
            "인구총점":44.483,
            "일자리":14.8,
            "소득수준":82.32,
            "일자리총점":35.056,
            "가치 총점":39.513,
            "매매실거래년":20210216.0,
            "매매실거래가":31500.0,
            "전세실거래년":null,
            "전세실거래가":null,
            "전세가율":null,
            "장기전세가율평균":68.76,
            "전세가율거품지수":null,
            "검색코드":128040,
            "세대수":50.0,
            "준공년월":"1989-03-10",
            "준공년차":34.0,
            "가까운역이름":"NA",
            "가까운역거리":"NA",
            "역세권여부":"NA",
            "30분이내주요거점역":"NA",
            "30분거점역이름":"NA",
            "1시간이내주요거점역":"NA",
            "1시간거점역이름":"NA",
            "3km이내백화점수":1,
            "5km이내아울렛몰수":0,
            "1km이내대형먀트수":0,
            "500m이내은행수":1,
            "500m이내병원수":14,
            "5km이내대형병원수":3,
            "500m이내공원수":4,
            "3km이내혐오시설수":0,
            "초등학교학업성취도":90.0,
            "중학교학업성취도":78.0,
            "용적률":0,
            "건폐율":0,
            "Y":35.206989,
            "X":128.696181,
            "rank":105.0,
            "area_info":"20평(69.3)",
            "last_sales":"2021-02-16,31500.0,20평(69.3)",
            "rank_history":[
                [
                    "202203",
                    105
                ],
                [
                    "202202",
                    9999
                ]
            ],
            "rank_gap":9999
        },
        {
            "index":398,
            "아파트명":"삼성그렌드",
            "투자타입":"일반",
            "전용면적(m2)":"107.25",
            "전용면적(평)":"32평",
            "법정동주소":"경상남도 창원시 성산구 안민동 56-1",
            "도로명주소":"경상남도 창원시 성산구 안민안길 42",
            "세대수":0,
            "입주년차":40,
            "용적률점수":"--",
            "건폐율점수":"--",
            "세대당주차수":0,
            "난방방식":30,
            "공급면적":"--",
            "전용률":"--",
            "욕실수":100,
            "현관타입":100,
            "주거총점":31.0,
            "지역구공급총점":100.0,
            "역세권":"NA",
            "30분내 이동가능 거점":"NA",
            "1시간내 이동가능 거점":"NA",
            "교통총점":"NA",
            "백화점":0,
            "아울렛몰":0,
            "대형마트":80,
            "은행":0,
            "병원":30,
            "종합병원":100,
            "공원":80,
            "혐오시설":-50,
            "인프라총점":36.4,
            "초등학군":89.98,
            "중학군":47.72,
            "학군총점":56.172,
            "인구수":29.3,
            "인구증감":79.91,
            "인구총점":44.483,
            "일자리":14.8,
            "소득수준":82.32,
            "일자리총점":35.056,
            "가치 총점":39.453,
            "매매실거래년":20220128.0,
            "매매실거래가":18600.0,
            "전세실거래년":20210523.0,
            "전세실거래가":15000.0,
            "전세가율":80.65,
            "장기전세가율평균":68.76,
            "전세가율거품지수":-11.89,
            "검색코드":104822,
            "세대수":68.0,
            "준공년월":"2004-12-10",
            "준공년차":19.0,
            "가까운역이름":"NA",
            "가까운역거리":"NA",
            "역세권여부":"NA",
            "30분이내주요거점역":"NA",
            "30분거점역이름":"NA",
            "1시간이내주요거점역":"NA",
            "1시간거점역이름":"NA",
            "3km이내백화점수":0,
            "5km이내아울렛몰수":0,
            "1km이내대형먀트수":1,
            "500m이내은행수":0,
            "500m이내병원수":5,
            "5km이내대형병원수":4,
            "500m이내공원수":1,
            "3km이내혐오시설수":1,
            "초등학교학업성취도":89.98,
            "중학교학업성취도":77.6,
            "용적률":0,
            "건폐율":0,
            "Y":35.187641,
            "X":128.693536,
            "rank":106.0,
            "area_info":"32평(107.25)",
            "last_sales":"2022-01-28,18600.0,32평(107.25)",
            "rank_history":[
                [
                    "202203",
                    106
                ],
                [
                    "202202",
                    9999
                ]
            ],
            "rank_gap":9999
        },
        {
            "index":59,
            "아파트명":"풍성전기사원",
            "투자타입":"재건축",
            "전용면적(m2)":"58.27",
            "전용면적(평)":"17평",
            "법정동주소":"경상남도 창원시 성산구 가음동 24-6",
            "도로명주소":"경상남도 창원시 성산구 가음정로 107-28",
            "세대수":0,
            "입주년차":"--",
            "용적률점수":0,
            "건폐율점수":0,
            "세대당주차수":"--",
            "난방방식":"--",
            "공급면적":50,
            "전용률":40,
            "욕실수":"--",
            "현관타입":"--",
            "주거총점":4.5,
            "지역구공급총점":100.0,
            "역세권":"NA",
            "30분내 이동가능 거점":"NA",
            "1시간내 이동가능 거점":"NA",
            "교통총점":"NA",
            "백화점":100,
            "아울렛몰":0,
            "대형마트":0,
            "은행":0,
            "병원":60,
            "종합병원":100,
            "공원":100,
            "혐오시설":0,
            "인프라총점":59.0,
            "초등학군":90.0,
            "중학군":47.44,
            "학군총점":55.952,
            "인구수":29.3,
            "인구증감":79.91,
            "인구총점":44.483,
            "일자리":14.8,
            "소득수준":82.32,
            "일자리총점":35.056,
            "가치 총점":39.163,
            "매매실거래년":20211007.0,
            "매매실거래가":30900.0,
            "전세실거래년":20211011.0,
            "전세실거래가":6000.0,
            "전세가율":19.42,
            "장기전세가율평균":68.76,
            "전세가율거품지수":49.34,
            "검색코드":125838,
            "세대수":65.0,
            "준공년월":"1992-01-18",
            "준공년차":31.0,
            "가까운역이름":"NA",
            "가까운역거리":"NA",
            "역세권여부":"NA",
            "30분이내주요거점역":"NA",
            "30분거점역이름":"NA",
            "1시간이내주요거점역":"NA",
            "1시간거점역이름":"NA",
            "3km이내백화점수":1,
            "5km이내아울렛몰수":0,
            "1km이내대형먀트수":0,
            "500m이내은행수":1,
            "500m이내병원수":14,
            "5km이내대형병원수":3,
            "500m이내공원수":4,
            "3km이내혐오시설수":0,
            "초등학교학업성취도":90.0,
            "중학교학업성취도":78.0,
            "용적률":0,
            "건폐율":0,
            "Y":35.206753,
            "X":128.695959,
            "rank":107.0,
            "area_info":"17평(58.27), 19평(65.16)",
            "last_sales":"2021-10-07,30900.0,17평(58.27)",
            "rank_history":[
                [
                    "202203",
                    107
                ],
                [
                    "202202",
                    9999
                ]
            ],
            "rank_gap":9999
        },
        {
            "index":454,
            "아파트명":"삼성황토방그린빌",
            "투자타입":"일반",
            "전용면적(m2)":"108.86",
            "전용면적(평)":"32평",
            "법정동주소":"경상남도 창원시 성산구 천선동 1155-13",
            "도로명주소":"경상남도 창원시 성산구 안민로 177",
            "세대수":0,
            "입주년차":20,
            "용적률점수":"--",
            "건폐율점수":"--",
            "세대당주차수":0,
            "난방방식":30,
            "공급면적":"--",
            "전용률":"--",
            "욕실수":100,
            "현관타입":100,
            "주거총점":27.0,
            "지역구공급총점":100.0,
            "역세권":"NA",
            "30분내 이동가능 거점":"NA",
            "1시간내 이동가능 거점":"NA",
            "교통총점":"NA",
            "백화점":0,
            "아울렛몰":0,
            "대형마트":80,
            "은행":0,
            "병원":30,
            "종합병원":100,
            "공원":80,
            "혐오시설":-50,
            "인프라총점":36.4,
            "초등학군":89.98,
            "중학군":47.72,
            "학군총점":56.172,
            "인구수":29.3,
            "인구증감":79.91,
            "인구총점":44.483,
            "일자리":14.8,
            "소득수준":82.32,
            "일자리총점":35.056,
            "가치 총점":38.053,
            "매매실거래년":20211210.0,
            "매매실거래가":17500.0,
            "전세실거래년":20200310.0,
            "전세실거래가":13000.0,
            "전세가율":74.29,
            "장기전세가율평균":68.76,
            "전세가율거품지수":-5.53,
            "검색코드":7835,
            "세대수":88.0,
            "준공년월":"2000-12-09",
            "준공년차":23.0,
            "가까운역이름":"NA",
            "가까운역거리":"NA",
            "역세권여부":"NA",
            "30분이내주요거점역":"NA",
            "30분거점역이름":"NA",
            "1시간이내주요거점역":"NA",
            "1시간거점역이름":"NA",
            "3km이내백화점수":0,
            "5km이내아울렛몰수":0,
            "1km이내대형먀트수":1,
            "500m이내은행수":0,
            "500m이내병원수":5,
            "5km이내대형병원수":4,
            "500m이내공원수":1,
            "3km이내혐오시설수":1,
            "초등학교학업성취도":89.98,
            "중학교학업성취도":77.6,
            "용적률":299,
            "건폐율":22,
            "Y":35.18652,
            "X":128.69415,
            "rank":108.0,
            "area_info":"32평(108.86), 33평(109.36)",
            "last_sales":"2021-12-10,17500.0,32평(108.86)",
            "rank_history":[
                [
                    "202203",
                    108
                ],
                [
                    "202202",
                    9999
                ]
            ],
            "rank_gap":9999
        },
        {
            "index":188,
            "아파트명":"현대",
            "투자타입":"재건축",
            "전용면적(m2)":"50.35",
            "전용면적(평)":"15평",
            "법정동주소":"경상남도 창원시 성산구 대원동 39",
            "도로명주소":"경상남도 창원시 성산구 대원로93번길 24",
            "세대수":50,
            "입주년차":"--",
            "용적률점수":0,
            "건폐율점수":0,
            "세대당주차수":"--",
            "난방방식":"--",
            "공급면적":50,
            "전용률":100,
            "욕실수":"--",
            "현관타입":"--",
            "주거총점":22.5,
            "지역구공급총점":100.0,
            "역세권":"NA",
            "30분내 이동가능 거점":"NA",
            "1시간내 이동가능 거점":"NA",
            "교통총점":"NA",
            "백화점":0,
            "아울렛몰":0,
            "대형마트":100,
            "은행":0,
            "병원":30,
            "종합병원":100,
            "공원":100,
            "혐오시설":0,
            "인프라총점":41.0,
            "초등학군":90.0,
            "중학군":44.96,
            "학군총점":53.968,
            "인구수":29.3,
            "인구증감":79.91,
            "인구총점":44.483,
            "일자리":14.8,
            "소득수준":82.32,
            "일자리총점":35.056,
            "가치 총점":37.767,
            "매매실거래년":20200224.0,
            "매매실거래가":22100.0,
            "전세실거래년":20180109.0,
            "전세실거래가":4500.0,
            "전세가율":28.12,
            "장기전세가율평균":68.76,
            "전세가율거품지수":40.64,
            "검색코드":15748,
            "세대수":630.0,
            "준공년월":"1979-10-02",
            "준공년차":44.0,
            "가까운역이름":"NA",
            "가까운역거리":"NA",
            "역세권여부":"NA",
            "30분이내주요거점역":"NA",
            "30분거점역이름":"NA",
            "1시간이내주요거점역":"NA",
            "1시간거점역이름":"NA",
            "3km이내백화점수":0,
            "5km이내아울렛몰수":0,
            "1km이내대형먀트수":3,
            "500m이내은행수":0,
            "500m이내병원수":5,
            "5km이내대형병원수":3,
            "500m이내공원수":3,
            "3km이내혐오시설수":0,
            "초등학교학업성취도":90.0,
            "중학교학업성취도":73.4,
            "용적률":0,
            "건폐율":0,
            "Y":35.236809,
            "X":128.6487,
            "rank":109.0,
            "area_info":"15평(50.35), 16평(54.18), 17평(57.08), 18평(61.91), 18평(62.55), 22평(75.71), 31평(102.89)",
            "last_sales":"2020-02-24,22100.0,18평(62.55)",
            "rank_history":[
                [
                    "202203",
                    109
                ],
                [
                    "202202",
                    90
                ],
                [
                    "202201",
                    89
                ]
            ],
            "rank_gap":-19
        },
        {
            "index":115,
            "아파트명":"내동비앤지스틸(주)사원",
            "투자타입":"재건축",
            "전용면적(m2)":"81.33",
            "전용면적(평)":"24평",
            "법정동주소":"경상남도 창원시 성산구 내동 454-7",
            "도로명주소":"경상남도 창원시 성산구",
            "세대수":0,
            "입주년차":"--",
            "용적률점수":0,
            "건폐율점수":0,
            "세대당주차수":"--",
            "난방방식":"--",
            "공급면적":70,
            "전용률":80,
            "욕실수":"--",
            "현관타입":"--",
            "주거총점":7.5,
            "지역구공급총점":100.0,
            "역세권":"NA",
            "30분내 이동가능 거점":"NA",
            "1시간내 이동가능 거점":"NA",
            "교통총점":"NA",
            "백화점":100,
            "아울렛몰":0,
            "대형마트":0,
            "은행":0,
            "병원":0,
            "종합병원":100,
            "공원":0,
            "혐오시설":0,
            "인프라총점":50.0,
            "초등학군":90.0,
            "중학군":49.44,
            "학군총점":57.552,
            "인구수":29.3,
            "인구증감":79.91,
            "인구총점":44.483,
            "일자리":14.8,
            "소득수준":82.32,
            "일자리총점":35.056,
            "가치 총점":37.013,
            "매매실거래년":20211023.0,
            "매매실거래가":18500.0,
            "전세실거래년":20190819.0,
            "전세실거래가":6000.0,
            "전세가율":32.43,
            "장기전세가율평균":68.76,
            "전세가율거품지수":36.33,
            "검색코드":104820,
            "세대수":50.0,
            "준공년월":"1987-12-19",
            "준공년차":36.0,
            "가까운역이름":"NA",
            "가까운역거리":"NA",
            "역세권여부":"NA",
            "30분이내주요거점역":"NA",
            "30분거점역이름":"NA",
            "1시간이내주요거점역":"NA",
            "1시간거점역이름":"NA",
            "3km이내백화점수":1,
            "5km이내아울렛몰수":0,
            "1km이내대형먀트수":0,
            "500m이내은행수":0,
            "500m이내병원수":0,
            "5km이내대형병원수":4,
            "500m이내공원수":0,
            "3km이내혐오시설수":0,
            "초등학교학업성취도":90.0,
            "중학교학업성취도":82.4,
            "용적률":0,
            "건폐율":0,
            "Y":35.219896,
            "X":128.66569,
            "rank":110.0,
            "area_info":"24평(81.33)",
            "last_sales":"2021-10-23,18500.0,24평(81.33)",
            "rank_history":[
                [
                    "202203",
                    110
                ],
                [
                    "202202",
                    9999
                ]
            ],
            "rank_gap":9999
        },
        {
            "index":116,
            "아파트명":"내동주공1단지",
            "투자타입":"재건축",
            "전용면적(m2)":"50.15",
            "전용면적(평)":"15평",
            "법정동주소":"경상남도 창원시 성산구 내동 454-9",
            "도로명주소":"경상남도 창원시 성산구 삼동로128번길 62",
            "세대수":0,
            "입주년차":"--",
            "용적률점수":0,
            "건폐율점수":0,
            "세대당주차수":"--",
            "난방방식":"--",
            "공급면적":50,
            "전용률":100,
            "욕실수":"--",
            "현관타입":"--",
            "주거총점":7.5,
            "지역구공급총점":100.0,
            "역세권":"NA",
            "30분내 이동가능 거점":"NA",
            "1시간내 이동가능 거점":"NA",
            "교통총점":"NA",
            "백화점":100,
            "아울렛몰":0,
            "대형마트":0,
            "은행":0,
            "병원":0,
            "종합병원":100,
            "공원":0,
            "혐오시설":0,
            "인프라총점":50.0,
            "초등학군":90.0,
            "중학군":49.44,
            "학군총점":57.552,
            "인구수":29.3,
            "인구증감":79.91,
            "인구총점":44.483,
            "일자리":14.8,
            "소득수준":82.32,
            "일자리총점":35.056,
            "가치 총점":37.013,
            "매매실거래년":20220108.0,
            "매매실거래가":13500.0,
            "전세실거래년":20170816.0,
            "전세실거래가":3500.0,
            "전세가율":25.93,
            "장기전세가율평균":68.76,
            "전세가율거품지수":42.83,
            "검색코드":15736,
            "세대수":200.0,
            "준공년월":"1977-01-01",
            "준공년차":46.0,
            "가까운역이름":"NA",
            "가까운역거리":"NA",
            "역세권여부":"NA",
            "30분이내주요거점역":"NA",
            "30분거점역이름":"NA",
            "1시간이내주요거점역":"NA",
            "1시간거점역이름":"NA",
            "3km이내백화점수":1,
            "5km이내아울렛몰수":0,
            "1km이내대형먀트수":0,
            "500m이내은행수":0,
            "500m이내병원수":0,
            "5km이내대형병원수":4,
            "500m이내공원수":0,
            "3km이내혐오시설수":0,
            "초등학교학업성취도":90.0,
            "중학교학업성취도":82.4,
            "용적률":0,
            "건폐율":0,
            "Y":35.221285,
            "X":128.662274,
            "rank":110.0,
            "area_info":"15평(50.15)",
            "last_sales":"2022-01-08,13500.0,15평(50.15)",
            "rank_history":[
                [
                    "202203",
                    110
                ],
                [
                    "202202",
                    91
                ],
                [
                    "202201",
                    90
                ]
            ],
            "rank_gap":-19
        },
        {
            "index":395,
            "아파트명":"동부산아이존빌",
            "투자타입":"일반",
            "전용면적(m2)":"81.55",
            "전용면적(평)":"24평",
            "법정동주소":"경상남도 창원시 성산구 안민동 188",
            "도로명주소":"경상남도 창원시 성산구 안민로117번길 3",
            "세대수":0,
            "입주년차":20,
            "용적률점수":"--",
            "건폐율점수":"--",
            "세대당주차수":0,
            "난방방식":30,
            "공급면적":"--",
            "전용률":"--",
            "욕실수":50,
            "현관타입":100,
            "주거총점":22.0,
            "지역구공급총점":100.0,
            "역세권":"NA",
            "30분내 이동가능 거점":"NA",
            "1시간내 이동가능 거점":"NA",
            "교통총점":"NA",
            "백화점":0,
            "아울렛몰":0,
            "대형마트":80,
            "은행":0,
            "병원":30,
            "종합병원":100,
            "공원":100,
            "혐오시설":0,
            "인프라총점":38.0,
            "초등학군":89.98,
            "중학군":47.72,
            "학군총점":56.172,
            "인구수":29.3,
            "인구증감":79.91,
            "인구총점":44.483,
            "일자리":14.8,
            "소득수준":82.32,
            "일자리총점":35.056,
            "가치 총점":36.943,
            "매매실거래년":20220209.0,
            "매매실거래가":16800.0,
            "전세실거래년":20220208.0,
            "전세실거래가":14000.0,
            "전세가율":83.33,
            "장기전세가율평균":68.76,
            "전세가율거품지수":-14.57,
            "검색코드":15802,
            "세대수":262.0,
            "준공년월":"2002-03-16",
            "준공년차":21.0,
            "가까운역이름":"NA",
            "가까운역거리":"NA",
            "역세권여부":"NA",
            "30분이내주요거점역":"NA",
            "30분거점역이름":"NA",
            "1시간이내주요거점역":"NA",
            "1시간거점역이름":"NA",
            "3km이내백화점수":0,
            "5km이내아울렛몰수":0,
            "1km이내대형먀트수":1,
            "500m이내은행수":0,
            "500m이내병원수":5,
            "5km이내대형병원수":4,
            "500m이내공원수":2,
            "3km이내혐오시설수":0,
            "초등학교학업성취도":89.98,
            "중학교학업성취도":77.6,
            "용적률":282,
            "건폐율":15,
            "Y":35.186584,
            "X":128.689201,
            "rank":111.0,
            "area_info":"24평(81.55), 24평(82.32), 34평(114.55)",
            "last_sales":"2022-02-09,16800.0,24평(81.55)",
            "rank_history":[
                [
                    "202203",
                    111
                ],
                [
                    "202202",
                    92
                ],
                [
                    "202201",
                    95
                ]
            ],
            "rank_gap":-19
        },
        {
            "index":74,
            "아파트명":"대우1차",
            "투자타입":"재건축",
            "전용면적(m2)":"51.13",
            "전용면적(평)":"15평",
            "법정동주소":"경상남도 창원시 성산구 남산동 601-7",
            "도로명주소":"경상남도 창원시 성산구 정동로162번길 81",
            "세대수":50,
            "입주년차":"--",
            "용적률점수":0,
            "건폐율점수":80,
            "세대당주차수":"--",
            "난방방식":"--",
            "공급면적":50,
            "전용률":60,
            "욕실수":"--",
            "현관타입":"--",
            "주거총점":36.5,
            "지역구공급총점":100.0,
            "역세권":"NA",
            "30분내 이동가능 거점":"NA",
            "1시간내 이동가능 거점":"NA",
            "교통총점":"NA",
            "백화점":0,
            "아울렛몰":0,
            "대형마트":0,
            "은행":20,
            "병원":10,
            "종합병원":100,
            "공원":80,
            "혐오시설":0,
            "인프라총점":25.4,
            "초등학군":90.0,
            "중학군":47.44,
            "학군총점":55.952,
            "인구수":29.3,
            "인구증감":79.91,
            "인구총점":44.483,
            "일자리":14.8,
            "소득수준":82.32,
            "일자리총점":35.056,
            "가치 총점":36.923,
            "매매실거래년":20211224.0,
            "매매실거래가":9000.0,
            "전세실거래년":null,
            "전세실거래가":null,
            "전세가율":null,
            "장기전세가율평균":68.76,
            "전세가율거품지수":null,
            "검색코드":7616,
            "세대수":636.0,
            "준공년월":"1991-09-12",
            "준공년차":32.0,
            "가까운역이름":"NA",
            "가까운역거리":"NA",
            "역세권여부":"NA",
            "30분이내주요거점역":"NA",
            "30분거점역이름":"NA",
            "1시간이내주요거점역":"NA",
            "1시간거점역이름":"NA",
            "3km이내백화점수":0,
            "5km이내아울렛몰수":0,
            "1km이내대형먀트수":0,
            "500m이내은행수":2,
            "500m이내병원수":2,
            "5km이내대형병원수":3,
            "500m이내공원수":1,
            "3km이내혐오시설수":0,
            "초등학교학업성취도":90.0,
            "중학교학업성취도":78.0,
            "용적률":313,
            "건폐율":28,
            "Y":35.200222,
            "X":128.700221,
            "rank":112.0,
            "area_info":"15평(51.13), 20평(66.17)",
            "last_sales":"2021-12-24,9000.0,20평(66.17)",
            "rank_history":[
                [
                    "202203",
                    112
                ],
                [
                    "202202",
                    93
                ],
                [
                    "202201",
                    91
                ]
            ],
            "rank_gap":-19
        },
        {
            "index":386,
            "아파트명":"창원신촌동원로얄듀크",
            "투자타입":"일반",
            "전용면적(m2)":"110.95",
            "전용면적(평)":"33평",
            "법정동주소":"경상남도 창원시 성산구 신촌동 33-8",
            "도로명주소":"경상남도 창원시 성산구 신촌로 130",
            "세대수":0,
            "입주년차":40,
            "용적률점수":"--",
            "건폐율점수":"--",
            "세대당주차수":60,
            "난방방식":30,
            "공급면적":"--",
            "전용률":"--",
            "욕실수":100,
            "현관타입":50,
            "주거총점":35.0,
            "지역구공급총점":100.0,
            "역세권":"NA",
            "30분내 이동가능 거점":"NA",
            "1시간내 이동가능 거점":"NA",
            "교통총점":"NA",
            "백화점":0,
            "아울렛몰":0,
            "대형마트":0,
            "은행":0,
            "병원":10,
            "종합병원":100,
            "공원":100,
            "혐오시설":0,
            "인프라총점":24.0,
            "초등학군":90.0,
            "중학군":47.14,
            "학군총점":55.712,
            "인구수":29.3,
            "인구증감":79.91,
            "인구총점":44.483,
            "일자리":14.8,
            "소득수준":82.32,
            "일자리총점":35.056,
            "가치 총점":35.778,
            "매매실거래년":20211228.0,
            "매매실거래가":35000.0,
            "전세실거래년":20190715.0,
            "전세실거래가":19000.0,
            "전세가율":70.37,
            "장기전세가율평균":68.76,
            "전세가율거품지수":-1.61,
            "검색코드":27288,
            "세대수":225.0,
            "준공년월":"2008-10-23",
            "준공년차":15.0,
            "가까운역이름":"NA",
            "가까운역거리":"NA",
            "역세권여부":"NA",
            "30분이내주요거점역":"NA",
            "30분거점역이름":"NA",
            "1시간이내주요거점역":"NA",
            "1시간거점역이름":"NA",
            "3km이내백화점수":0,
            "5km이내아울렛몰수":0,
            "1km이내대형먀트수":0,
            "500m이내은행수":1,
            "500m이내병원수":4,
            "5km이내대형병원수":2,
            "500m이내공원수":4,
            "3km이내혐오시설수":0,
            "초등학교학업성취도":90.0,
            "중학교학업성취도":77.7,
            "용적률":164,
            "건폐율":17,
            "Y":35.198616,
            "X":128.628223,
            "rank":113.0,
            "area_info":"33평(110.95), 33평(110.95), 45평(148.9), 45평(148.9)",
            "last_sales":"2021-12-28,35000.0,45평(148.9)",
            "rank_history":[
                [
                    "202203",
                    113
                ],
                [
                    "202202",
                    94
                ],
                [
                    "202201",
                    92
                ]
            ],
            "rank_gap":-19
        },
        {
            "index":364,
            "아파트명":"디에스아이존빌",
            "투자타입":"일반",
            "전용면적(m2)":"107.67",
            "전용면적(평)":"32평",
            "법정동주소":"경상남도 창원시 성산구 신촌동 33-1",
            "도로명주소":"경상남도 창원시 성산구 신촌로 94",
            "세대수":0,
            "입주년차":40,
            "용적률점수":"--",
            "건폐율점수":"--",
            "세대당주차수":0,
            "난방방식":30,
            "공급면적":"--",
            "전용률":"--",
            "욕실수":100,
            "현관타입":100,
            "주거총점":31.0,
            "지역구공급총점":100.0,
            "역세권":"NA",
            "30분내 이동가능 거점":"NA",
            "1시간내 이동가능 거점":"NA",
            "교통총점":"NA",
            "백화점":0,
            "아울렛몰":0,
            "대형마트":0,
            "은행":0,
            "병원":10,
            "종합병원":100,
            "공원":100,
            "혐오시설":0,
            "인프라총점":24.0,
            "초등학군":90.0,
            "중학군":47.14,
            "학군총점":55.712,
            "인구수":29.3,
            "인구증감":79.91,
            "인구총점":44.483,
            "일자리":14.8,
            "소득수준":82.32,
            "일자리총점":35.056,
            "가치 총점":34.378,
            "매매실거래년":20211208.0,
            "매매실거래가":26000.0,
            "전세실거래년":20200610.0,
            "전세실거래가":15600.0,
            "전세가율":62.4,
            "장기전세가율평균":68.76,
            "전세가율거품지수":6.36,
            "검색코드":100912,
            "세대수":195.0,
            "준공년월":"2005-12-27",
            "준공년차":18.0,
            "가까운역이름":"NA",
            "가까운역거리":"NA",
            "역세권여부":"NA",
            "30분이내주요거점역":"NA",
            "30분거점역이름":"NA",
            "1시간이내주요거점역":"NA",
            "1시간거점역이름":"NA",
            "3km이내백화점수":0,
            "5km이내아울렛몰수":0,
            "1km이내대형먀트수":0,
            "500m이내은행수":1,
            "500m이내병원수":3,
            "5km이내대형병원수":2,
            "500m이내공원수":4,
            "3km이내혐오시설수":0,
            "초등학교학업성취도":90.0,
            "중학교학업성취도":77.7,
            "용적률":0,
            "건폐율":0,
            "Y":35.201881,
            "X":128.627754,
            "rank":114.0,
            "area_info":"32평(107.67), 33평(109.76)",
            "last_sales":"2021-12-08,26000.0,33평(109.76)",
            "rank_history":[
                [
                    "202203",
                    114
                ],
                [
                    "202202",
                    95
                ],
                [
                    "202201",
                    94
                ]
            ],
            "rank_gap":-19
        },
        {
            "index":399,
            "아파트명":"신우에이스타운",
            "투자타입":"일반",
            "전용면적(m2)":"79.07",
            "전용면적(평)":"23평",
            "법정동주소":"경상남도 창원시 성산구 안민동 143-7",
            "도로명주소":"경상남도 창원시 성산구 안민안길 8",
            "세대수":0,
            "입주년차":20,
            "용적률점수":"--",
            "건폐율점수":"--",
            "세대당주차수":0,
            "난방방식":30,
            "공급면적":"--",
            "전용률":"--",
            "욕실수":50,
            "현관타입":10,
            "주거총점":13.0,
            "지역구공급총점":100.0,
            "역세권":"NA",
            "30분내 이동가능 거점":"NA",
            "1시간내 이동가능 거점":"NA",
            "교통총점":"NA",
            "백화점":0,
            "아울렛몰":0,
            "대형마트":80,
            "은행":0,
            "병원":30,
            "종합병원":100,
            "공원":100,
            "혐오시설":-50,
            "인프라총점":37.0,
            "초등학군":89.98,
            "중학군":47.72,
            "학군총점":56.172,
            "인구수":29.3,
            "인구증감":79.91,
            "인구총점":44.483,
            "일자리":14.8,
            "소득수준":82.32,
            "일자리총점":35.056,
            "가치 총점":33.393,
            "매매실거래년":20211221.0,
            "매매실거래가":13900.0,
            "전세실거래년":20211211.0,
            "전세실거래가":11000.0,
            "전세가율":88.0,
            "장기전세가율평균":68.76,
            "전세가율거품지수":-19.24,
            "검색코드":7865,
            "세대수":170.0,
            "준공년월":"1999-02-02",
            "준공년차":24.0,
            "가까운역이름":"NA",
            "가까운역거리":"NA",
            "역세권여부":"NA",
            "30분이내주요거점역":"NA",
            "30분거점역이름":"NA",
            "1시간이내주요거점역":"NA",
            "1시간거점역이름":"NA",
            "3km이내백화점수":0,
            "5km이내아울렛몰수":0,
            "1km이내대형먀트수":1,
            "500m이내은행수":0,
            "500m이내병원수":5,
            "5km이내대형병원수":4,
            "500m이내공원수":2,
            "3km이내혐오시설수":1,
            "초등학교학업성취도":89.98,
            "중학교학업성취도":77.6,
            "용적률":341,
            "건폐율":29,
            "Y":35.185737,
            "X":128.690665,
            "rank":115.0,
            "area_info":"23평(79.07), 29평(98.13)",
            "last_sales":"2021-12-21,13900.0,29평(98.13)",
            "rank_history":[
                [
                    "202203",
                    115
                ],
                [
                    "202202",
                    96
                ],
                [
                    "202201",
                    98
                ]
            ],
            "rank_gap":-19
        },
        {
            "index":375,
            "아파트명":"성원",
            "투자타입":"재건축",
            "전용면적(m2)":"56.89",
            "전용면적(평)":"17평",
            "법정동주소":"경상남도 창원시 성산구 신촌동 23-2",
            "도로명주소":"경상남도 창원시 성산구 신촌로 123",
            "세대수":50,
            "입주년차":"--",
            "용적률점수":0,
            "건폐율점수":0,
            "세대당주차수":"--",
            "난방방식":"--",
            "공급면적":50,
            "전용률":80,
            "욕실수":"--",
            "현관타입":"--",
            "주거총점":21.5,
            "지역구공급총점":100.0,
            "역세권":"NA",
            "30분내 이동가능 거점":"NA",
            "1시간내 이동가능 거점":"NA",
            "교통총점":"NA",
            "백화점":0,
            "아울렛몰":0,
            "대형마트":0,
            "은행":0,
            "병원":10,
            "종합병원":100,
            "공원":100,
            "혐오시설":0,
            "인프라총점":24.0,
            "초등학군":90.0,
            "중학군":47.14,
            "학군총점":55.712,
            "인구수":29.3,
            "인구증감":79.91,
            "인구총점":44.483,
            "일자리":14.8,
            "소득수준":82.32,
            "일자리총점":35.056,
            "가치 총점":31.053,
            "매매실거래년":20220205.0,
            "매매실거래가":12300.0,
            "전세실거래년":20220111.0,
            "전세실거래가":7000.0,
            "전세가율":79.55,
            "장기전세가율평균":68.76,
            "전세가율거품지수":-10.79,
            "검색코드":16828,
            "세대수":410.0,
            "준공년월":"1987-06-03",
            "준공년차":36.0,
            "가까운역이름":"NA",
            "가까운역거리":"NA",
            "역세권여부":"NA",
            "30분이내주요거점역":"NA",
            "30분거점역이름":"NA",
            "1시간이내주요거점역":"NA",
            "1시간거점역이름":"NA",
            "3km이내백화점수":0,
            "5km이내아울렛몰수":0,
            "1km이내대형먀트수":0,
            "500m이내은행수":1,
            "500m이내병원수":4,
            "5km이내대형병원수":2,
            "500m이내공원수":3,
            "3km이내혐오시설수":0,
            "초등학교학업성취도":90.0,
            "중학교학업성취도":77.7,
            "용적률":298,
            "건폐율":59,
            "Y":35.197897,
            "X":128.629458,
            "rank":116.0,
            "area_info":"17평(56.89), 17평(57.1), 17평(59.19), 19평(65.33)",
            "last_sales":"2022-02-05,12300.0,19평(65.33)",
            "rank_history":[
                [
                    "202203",
                    116
                ],
                [
                    "202202",
                    97
                ],
                [
                    "202201",
                    96
                ]
            ],
            "rank_gap":-19
        },
        {
            "index":366,
            "아파트명":"문창팀버빌리지",
            "투자타입":"일반",
            "전용면적(m2)":"66.42",
            "전용면적(평)":"20평",
            "법정동주소":"경상남도 창원시 성산구 신촌동 27-1",
            "도로명주소":"경상남도 창원시 성산구 신촌로134번길 33",
            "세대수":0,
            "입주년차":20,
            "용적률점수":"--",
            "건폐율점수":"--",
            "세대당주차수":30,
            "난방방식":30,
            "공급면적":"--",
            "전용률":"--",
            "욕실수":50,
            "현관타입":50,
            "주거총점":21.5,
            "지역구공급총점":100.0,
            "역세권":"NA",
            "30분내 이동가능 거점":"NA",
            "1시간내 이동가능 거점":"NA",
            "교통총점":"NA",
            "백화점":0,
            "아울렛몰":0,
            "대형마트":0,
            "은행":0,
            "병원":10,
            "종합병원":100,
            "공원":80,
            "혐오시설":0,
            "인프라총점":23.4,
            "초등학군":90.0,
            "중학군":47.14,
            "학군총점":55.712,
            "인구수":29.3,
            "인구증감":79.91,
            "인구총점":44.483,
            "일자리":14.8,
            "소득수준":82.32,
            "일자리총점":35.056,
            "가치 총점":30.813,
            "매매실거래년":20210816.0,
            "매매실거래가":24400.0,
            "전세실거래년":20130225.0,
            "전세실거래가":9000.0,
            "전세가율":96.26,
            "장기전세가율평균":68.76,
            "전세가율거품지수":-27.5,
            "검색코드":101109,
            "세대수":80.0,
            "준공년월":"2003-12-03",
            "준공년차":20.0,
            "가까운역이름":"NA",
            "가까운역거리":"NA",
            "역세권여부":"NA",
            "30분이내주요거점역":"NA",
            "30분거점역이름":"NA",
            "1시간이내주요거점역":"NA",
            "1시간거점역이름":"NA",
            "3km이내백화점수":0,
            "5km이내아울렛몰수":0,
            "1km이내대형먀트수":0,
            "500m이내은행수":1,
            "500m이내병원수":3,
            "5km이내대형병원수":2,
            "500m이내공원수":1,
            "3km이내혐오시설수":0,
            "초등학교학업성취도":90.0,
            "중학교학업성취도":77.7,
            "용적률":134,
            "건폐율":35,
            "Y":35.197168,
            "X":128.62584,
            "rank":117.0,
            "area_info":"20평(66.42), 31평(105.73), 42평(141.53)",
            "last_sales":"2021-08-16,24400.0,42평(141.53)",
            "rank_history":[
                [
                    "202203",
                    117
                ],
                [
                    "202202",
                    9999
                ]
            ],
            "rank_gap":9999
        },
        {
            "index":382,
            "아파트명":"양곡상가",
            "투자타입":"재건축",
            "전용면적(m2)":"82.65",
            "전용면적(평)":"25평",
            "법정동주소":"경상남도 창원시 성산구 신촌동 22-1",
            "도로명주소":"경상남도 창원시 성산구 신촌로 83",
            "세대수":30,
            "입주년차":"--",
            "용적률점수":0,
            "건폐율점수":0,
            "세대당주차수":"--",
            "난방방식":"--",
            "공급면적":70,
            "전용률":60,
            "욕실수":"--",
            "현관타입":"--",
            "주거총점":15.5,
            "지역구공급총점":100.0,
            "역세권":"NA",
            "30분내 이동가능 거점":"NA",
            "1시간내 이동가능 거점":"NA",
            "교통총점":"NA",
            "백화점":0,
            "아울렛몰":0,
            "대형마트":0,
            "은행":0,
            "병원":10,
            "종합병원":100,
            "공원":100,
            "혐오시설":0,
            "인프라총점":24.0,
            "초등학군":90.0,
            "중학군":47.14,
            "학군총점":55.712,
            "인구수":29.3,
            "인구증감":79.91,
            "인구총점":44.483,
            "일자리":14.8,
            "소득수준":82.32,
            "일자리총점":35.056,
            "가치 총점":28.953,
            "매매실거래년":20220223.0,
            "매매실거래가":7750.0,
            "전세실거래년":20220111.0,
            "전세실거래가":6700.0,
            "전세가율":86.45,
            "장기전세가율평균":68.76,
            "전세가율거품지수":-17.69,
            "검색코드":7856,
            "세대수":330.0,
            "준공년월":"1979-09-01",
            "준공년차":44.0,
            "가까운역이름":"NA",
            "가까운역거리":"NA",
            "역세권여부":"NA",
            "30분이내주요거점역":"NA",
            "30분거점역이름":"NA",
            "1시간이내주요거점역":"NA",
            "1시간거점역이름":"NA",
            "3km이내백화점수":0,
            "5km이내아울렛몰수":0,
            "1km이내대형먀트수":0,
            "500m이내은행수":1,
            "500m이내병원수":3,
            "5km이내대형병원수":2,
            "500m이내공원수":4,
            "3km이내혐오시설수":0,
            "초등학교학업성취도":90.0,
            "중학교학업성취도":77.7,
            "용적률":0,
            "건폐율":0,
            "Y":35.202084,
            "X":128.628535,
            "rank":118.0,
            "area_info":"25평(82.65), 32평(105.79)",
            "last_sales":"2022-02-23,7750.0,25평(82.65)",
            "rank_history":[
                [
                    "202203",
                    118
                ],
                [
                    "202202",
                    98
                ],
                [
                    "202201",
                    97
                ]
            ],
            "rank_gap":-20
        }
    ]
}