{
    "schema":{
        "fields":[
            {
                "name":"index",
                "type":"integer"
            },
            {
                "name":"아파트명",
                "type":"string"
            },
            {
                "name":"투자타입",
                "type":"string"
            },
            {
                "name":"전용면적(m2)",
                "type":"string"
            },
            {
                "name":"전용면적(평)",
                "type":"string"
            },
            {
                "name":"법정동주소",
                "type":"string"
            },
            {
                "name":"도로명주소",
                "type":"string"
            },
            {
                "name":"세대수",
                "type":"integer"
            },
            {
                "name":"입주년차",
                "type":"string"
            },
            {
                "name":"용적률점수",
                "type":"string"
            },
            {
                "name":"건폐율점수",
                "type":"string"
            },
            {
                "name":"세대당주차수",
                "type":"string"
            },
            {
                "name":"난방방식",
                "type":"string"
            },
            {
                "name":"공급면적",
                "type":"string"
            },
            {
                "name":"전용률",
                "type":"string"
            },
            {
                "name":"욕실수",
                "type":"string"
            },
            {
                "name":"현관타입",
                "type":"string"
            },
            {
                "name":"주거총점",
                "type":"number"
            },
            {
                "name":"지역구공급총점",
                "type":"number"
            },
            {
                "name":"역세권",
                "type":"string"
            },
            {
                "name":"30분내 이동가능 거점",
                "type":"string"
            },
            {
                "name":"1시간내 이동가능 거점",
                "type":"string"
            },
            {
                "name":"교통총점",
                "type":"string"
            },
            {
                "name":"백화점",
                "type":"integer"
            },
            {
                "name":"아울렛몰",
                "type":"integer"
            },
            {
                "name":"대형마트",
                "type":"integer"
            },
            {
                "name":"은행",
                "type":"integer"
            },
            {
                "name":"병원",
                "type":"integer"
            },
            {
                "name":"종합병원",
                "type":"integer"
            },
            {
                "name":"공원",
                "type":"integer"
            },
            {
                "name":"혐오시설",
                "type":"integer"
            },
            {
                "name":"인프라총점",
                "type":"number"
            },
            {
                "name":"초등학군",
                "type":"number"
            },
            {
                "name":"중학군",
                "type":"number"
            },
            {
                "name":"학군총점",
                "type":"number"
            },
            {
                "name":"인구수",
                "type":"number"
            },
            {
                "name":"인구증감",
                "type":"number"
            },
            {
                "name":"인구총점",
                "type":"number"
            },
            {
                "name":"일자리",
                "type":"number"
            },
            {
                "name":"소득수준",
                "type":"number"
            },
            {
                "name":"일자리총점",
                "type":"number"
            },
            {
                "name":"가치 총점",
                "type":"number"
            },
            {
                "name":"매매실거래년",
                "type":"string"
            },
            {
                "name":"매매실거래가",
                "type":"number"
            },
            {
                "name":"전세실거래년",
                "type":"number"
            },
            {
                "name":"전세실거래가",
                "type":"number"
            },
            {
                "name":"전세가율",
                "type":"number"
            },
            {
                "name":"장기전세가율평균",
                "type":"number"
            },
            {
                "name":"전세가율거품지수",
                "type":"number"
            },
            {
                "name":"검색코드",
                "type":"integer"
            },
            {
                "name":"세대수",
                "type":"number"
            },
            {
                "name":"준공년월",
                "type":"string"
            },
            {
                "name":"준공년차",
                "type":"number"
            },
            {
                "name":"가까운역이름",
                "type":"string"
            },
            {
                "name":"가까운역거리",
                "type":"string"
            },
            {
                "name":"역세권여부",
                "type":"string"
            },
            {
                "name":"30분이내주요거점역",
                "type":"string"
            },
            {
                "name":"30분거점역이름",
                "type":"string"
            },
            {
                "name":"1시간이내주요거점역",
                "type":"string"
            },
            {
                "name":"1시간거점역이름",
                "type":"string"
            },
            {
                "name":"3km이내백화점수",
                "type":"integer"
            },
            {
                "name":"5km이내아울렛몰수",
                "type":"integer"
            },
            {
                "name":"1km이내대형먀트수",
                "type":"integer"
            },
            {
                "name":"500m이내은행수",
                "type":"integer"
            },
            {
                "name":"500m이내병원수",
                "type":"integer"
            },
            {
                "name":"5km이내대형병원수",
                "type":"integer"
            },
            {
                "name":"500m이내공원수",
                "type":"integer"
            },
            {
                "name":"3km이내혐오시설수",
                "type":"integer"
            },
            {
                "name":"초등학교학업성취도",
                "type":"number"
            },
            {
                "name":"중학교학업성취도",
                "type":"number"
            },
            {
                "name":"용적률",
                "type":"integer"
            },
            {
                "name":"건폐율",
                "type":"integer"
            },
            {
                "name":"Y",
                "type":"number"
            },
            {
                "name":"X",
                "type":"number"
            },
            {
                "name":"rank",
                "type":"number"
            },
            {
                "name":"area_info",
                "type":"string"
            },
            {
                "name":"last_sales",
                "type":"string"
            },
            {
                "name":"rank_history",
                "type":"string"
            },
            {
                "name":"rank_gap",
                "type":"integer"
            }
        ],
        "primaryKey":[
            "index"
        ],
        "pandas_version":"1.4.0"
    },
    "data":[
        {
            "index":31,
            "아파트명":"주영더팰리스5차",
            "투자타입":"일반",
            "전용면적(m2)":"102.46",
            "전용면적(평)":"30평",
            "법정동주소":"경상남도 통영시 광도면 죽림리 1573-2",
            "도로명주소":"경상남도 통영시 죽림5로 56",
            "세대수":90,
            "입주년차":80,
            "용적률점수":"--",
            "건폐율점수":"--",
            "세대당주차수":30,
            "난방방식":30,
            "공급면적":"--",
            "전용률":"--",
            "욕실수":100,
            "현관타입":100,
            "주거총점":75.0,
            "지역구공급총점":0.0,
            "역세권":"NA",
            "30분내 이동가능 거점":"NA",
            "1시간내 이동가능 거점":"NA",
            "교통총점":"NA",
            "백화점":0,
            "아울렛몰":0,
            "대형마트":100,
            "은행":0,
            "병원":60,
            "종합병원":80,
            "공원":100,
            "혐오시설":0,
            "인프라총점":40.0,
            "초등학군":90.0,
            "중학군":50.52,
            "학군총점":58.416,
            "인구수":13.06,
            "인구증감":-10.98,
            "인구총점":5.848,
            "일자리":7.02,
            "소득수준":51.77,
            "일자리총점":20.445,
            "가치 총점":56.854,
            "매매실거래년":"18000101",
            "매매실거래가":null,
            "전세실거래년":null,
            "전세실거래가":null,
            "전세가율":null,
            "장기전세가율평균":71.24,
            "전세가율거품지수":null,
            "검색코드":109518,
            "세대수":976.0,
            "준공년월":"2018-02-14",
            "준공년차":5.0,
            "가까운역이름":"NA",
            "가까운역거리":"NA",
            "역세권여부":"NA",
            "30분이내주요거점역":"NA",
            "30분거점역이름":"NA",
            "1시간이내주요거점역":"NA",
            "1시간거점역이름":"NA",
            "3km이내백화점수":0,
            "5km이내아울렛몰수":0,
            "1km이내대형먀트수":4,
            "500m이내은행수":1,
            "500m이내병원수":12,
            "5km이내대형병원수":1,
            "500m이내공원수":5,
            "3km이내혐오시설수":0,
            "초등학교학업성취도":90.0,
            "중학교학업성취도":84.2,
            "용적률":323,
            "건폐율":27,
            "Y":34.883377,
            "X":128.42086,
            "rank":1.0,
            "area_info":"30평(102.46), 31평(103.87), 31평(103.31), 34평(115.08), 34평(115.09), 34평(115.34)",
            "last_sales":"1800-01-01,nan,30평(102.46)",
            "rank_history":[
                [
                    "202203",
                    1
                ],
                [
                    "202202",
                    1
                ],
                [
                    "202201",
                    1
                ]
            ],
            "rank_gap":0
        },
        {
            "index":380,
            "아파트명":"통영해모로오션힐",
            "투자타입":"일반",
            "전용면적(m2)":"83.91",
            "전용면적(평)":"25평",
            "법정동주소":"경상남도 통영시 북신동 714",
            "도로명주소":"경상남도 통영시 북신로 22",
            "세대수":90,
            "입주년차":80,
            "용적률점수":"--",
            "건폐율점수":"--",
            "세대당주차수":30,
            "난방방식":30,
            "공급면적":"--",
            "전용률":"--",
            "욕실수":100,
            "현관타입":100,
            "주거총점":75.0,
            "지역구공급총점":0.0,
            "역세권":"NA",
            "30분내 이동가능 거점":"NA",
            "1시간내 이동가능 거점":"NA",
            "교통총점":"NA",
            "백화점":0,
            "아울렛몰":0,
            "대형마트":100,
            "은행":0,
            "병원":80,
            "종합병원":80,
            "공원":80,
            "혐오시설":0,
            "인프라총점":41.4,
            "초등학군":90.0,
            "중학군":36.82,
            "학군총점":47.456,
            "인구수":13.06,
            "인구증감":-10.98,
            "인구총점":5.848,
            "일자리":7.02,
            "소득수준":51.77,
            "일자리총점":20.445,
            "가치 총점":54.674,
            "매매실거래년":20210928.0,
            "매매실거래가":59000.0,
            "전세실거래년":20190908.0,
            "전세실거래가":15000.0,
            "전세가율":49.18,
            "장기전세가율평균":71.24,
            "전세가율거품지수":22.06,
            "검색코드":114964,
            "세대수":1023.0,
            "준공년월":"2018-10-23",
            "준공년차":5.0,
            "가까운역이름":"NA",
            "가까운역거리":"NA",
            "역세권여부":"NA",
            "30분이내주요거점역":"NA",
            "30분거점역이름":"NA",
            "1시간이내주요거점역":"NA",
            "1시간거점역이름":"NA",
            "3km이내백화점수":0,
            "5km이내아울렛몰수":0,
            "1km이내대형먀트수":2,
            "500m이내은행수":0,
            "500m이내병원수":33,
            "5km이내대형병원수":1,
            "500m이내공원수":1,
            "3km이내혐오시설수":0,
            "초등학교학업성취도":90.0,
            "중학교학업성취도":60.7,
            "용적률":231,
            "건폐율":18,
            "Y":34.852801,
            "X":128.426803,
            "rank":2.0,
            "area_info":"25평(83.91), 25평(83.77), 34평(113.3), 34평(113.49), 34평(114.24), 35평(117.62), 39평(129.12), 39평(130.3), 42평(140.99), 47평(156.64)",
            "last_sales":"2021-09-28,59000.0,42평(140.99)",
            "rank_history":[
                [
                    "202203",
                    2
                ],
                [
                    "202202",
                    2
                ],
                [
                    "202201",
                    2
                ]
            ],
            "rank_gap":0
        },
        {
            "index":53,
            "아파트명":"통영죽림푸르지오1차",
            "투자타입":"일반",
            "전용면적(m2)":"86.85",
            "전용면적(평)":"26평",
            "법정동주소":"경상남도 통영시 광도면 죽림리 1579",
            "도로명주소":"경상남도 통영시 죽림1로 41-42",
            "세대수":50,
            "입주년차":40,
            "용적률점수":"--",
            "건폐율점수":"--",
            "세대당주차수":30,
            "난방방식":30,
            "공급면적":"--",
            "전용률":"--",
            "욕실수":100,
            "현관타입":100,
            "주거총점":53.0,
            "지역구공급총점":0.0,
            "역세권":"NA",
            "30분내 이동가능 거점":"NA",
            "1시간내 이동가능 거점":"NA",
            "교통총점":"NA",
            "백화점":0,
            "아울렛몰":0,
            "대형마트":100,
            "은행":20,
            "병원":60,
            "종합병원":80,
            "공원":100,
            "혐오시설":0,
            "인프라총점":42.0,
            "초등학군":90.0,
            "중학군":50.52,
            "학군총점":58.416,
            "인구수":13.06,
            "인구증감":-10.98,
            "인구총점":5.848,
            "일자리":7.02,
            "소득수준":51.77,
            "일자리총점":20.445,
            "가치 총점":49.954,
            "매매실거래년":20211125.0,
            "매매실거래가":47000.0,
            "전세실거래년":20200728.0,
            "전세실거래가":23000.0,
            "전세가율":83.64,
            "장기전세가율평균":71.24,
            "전세가율거품지수":-12.4,
            "검색코드":24795,
            "세대수":653.0,
            "준공년월":"2007-12-13",
            "준공년차":16.0,
            "가까운역이름":"NA",
            "가까운역거리":"NA",
            "역세권여부":"NA",
            "30분이내주요거점역":"NA",
            "30분거점역이름":"NA",
            "1시간이내주요거점역":"NA",
            "1시간거점역이름":"NA",
            "3km이내백화점수":0,
            "5km이내아울렛몰수":0,
            "1km이내대형먀트수":4,
            "500m이내은행수":2,
            "500m이내병원수":12,
            "5km이내대형병원수":1,
            "500m이내공원수":5,
            "3km이내혐오시설수":0,
            "초등학교학업성취도":90.0,
            "중학교학업성취도":84.2,
            "용적률":193,
            "건폐율":16,
            "Y":34.879098,
            "X":128.419515,
            "rank":3.0,
            "area_info":"26평(86.85), 34평(113.15), 39평(129.51), 47평(155.48), 53평(177.55)",
            "last_sales":"2021-11-25,47000.0,53평(177.55)",
            "rank_history":[
                [
                    "202203",
                    3
                ],
                [
                    "202202",
                    3
                ],
                [
                    "202201",
                    5
                ]
            ],
            "rank_gap":0
        },
        {
            "index":15,
            "아파트명":"주영더팰리스",
            "투자타입":"일반",
            "전용면적(m2)":"98.67",
            "전용면적(평)":"29평",
            "법정동주소":"경상남도 통영시 광도면 죽림리 251-1",
            "도로명주소":"경상남도 통영시 죽림3로 13",
            "세대수":50,
            "입주년차":60,
            "용적률점수":"--",
            "건폐율점수":"--",
            "세대당주차수":30,
            "난방방식":30,
            "공급면적":"--",
            "전용률":"--",
            "욕실수":100,
            "현관타입":100,
            "주거총점":57.0,
            "지역구공급총점":0.0,
            "역세권":"NA",
            "30분내 이동가능 거점":"NA",
            "1시간내 이동가능 거점":"NA",
            "교통총점":"NA",
            "백화점":0,
            "아울렛몰":0,
            "대형마트":100,
            "은행":0,
            "병원":30,
            "종합병원":80,
            "공원":100,
            "혐오시설":0,
            "인프라총점":37.0,
            "초등학군":90.0,
            "중학군":50.52,
            "학군총점":58.416,
            "인구수":13.06,
            "인구증감":-10.98,
            "인구총점":5.848,
            "일자리":7.02,
            "소득수준":51.77,
            "일자리총점":20.445,
            "가치 총점":49.354,
            "매매실거래년":20220222.0,
            "매매실거래가":20300.0,
            "전세실거래년":20220223.0,
            "전세실거래가":21000.0,
            "전세가율":103.45,
            "장기전세가율평균":71.24,
            "전세가율거품지수":-32.21,
            "검색코드":104941,
            "세대수":636.0,
            "준공년월":"2010-07-23",
            "준공년차":13.0,
            "가까운역이름":"NA",
            "가까운역거리":"NA",
            "역세권여부":"NA",
            "30분이내주요거점역":"NA",
            "30분거점역이름":"NA",
            "1시간이내주요거점역":"NA",
            "1시간거점역이름":"NA",
            "3km이내백화점수":0,
            "5km이내아울렛몰수":0,
            "1km이내대형먀트수":4,
            "500m이내은행수":1,
            "500m이내병원수":8,
            "5km이내대형병원수":1,
            "500m이내공원수":4,
            "3km이내혐오시설수":0,
            "초등학교학업성취도":90.0,
            "중학교학업성취도":84.2,
            "용적률":316,
            "건폐율":20,
            "Y":34.884567,
            "X":128.415167,
            "rank":4.0,
            "area_info":"29평(98.67), 32평(106.66), 33평(109.19), 33평(111.72), 34평(112.64), 34평(113.73), 41평(137.64), 48평(161.82)",
            "last_sales":"2022-02-22,20300.0,29평(98.67)",
            "rank_history":[
                [
                    "202203",
                    4
                ],
                [
                    "202202",
                    4
                ],
                [
                    "202201",
                    3
                ]
            ],
            "rank_gap":0
        },
        {
            "index":405,
            "아파트명":"미진이지비아2차",
            "투자타입":"일반",
            "전용면적(m2)":"82.4",
            "전용면적(평)":"24평",
            "법정동주소":"경상남도 통영시 용남면 동달리 1436",
            "도로명주소":"경상남도 통영시 남해안대로 432",
            "세대수":80,
            "입주년차":80,
            "용적률점수":"--",
            "건폐율점수":"--",
            "세대당주차수":30,
            "난방방식":30,
            "공급면적":"--",
            "전용률":"--",
            "욕실수":100,
            "현관타입":100,
            "주거총점":71.5,
            "지역구공급총점":0.0,
            "역세권":"NA",
            "30분내 이동가능 거점":"NA",
            "1시간내 이동가능 거점":"NA",
            "교통총점":"NA",
            "백화점":0,
            "아울렛몰":0,
            "대형마트":80,
            "은행":0,
            "병원":0,
            "종합병원":80,
            "공원":100,
            "혐오시설":0,
            "인프라총점":31.0,
            "초등학군":89.99,
            "중학군":36.82,
            "학군총점":47.454,
            "인구수":13.06,
            "인구증감":-10.98,
            "인구총점":5.848,
            "일자리":7.02,
            "소득수준":51.77,
            "일자리총점":20.445,
            "가치 총점":49.2885,
            "매매실거래년":20220203.0,
            "매매실거래가":23500.0,
            "전세실거래년":20210730.0,
            "전세실거래가":15000.0,
            "전세가율":81.08,
            "장기전세가율평균":71.24,
            "전세가율거품지수":-9.84,
            "검색코드":107225,
            "세대수":723.0,
            "준공년월":"2016-06-20",
            "준공년차":7.0,
            "가까운역이름":"NA",
            "가까운역거리":"NA",
            "역세권여부":"NA",
            "30분이내주요거점역":"NA",
            "30분거점역이름":"NA",
            "1시간이내주요거점역":"NA",
            "1시간거점역이름":"NA",
            "3km이내백화점수":0,
            "5km이내아울렛몰수":0,
            "1km이내대형먀트수":1,
            "500m이내은행수":0,
            "500m이내병원수":0,
            "5km이내대형병원수":1,
            "500m이내공원수":2,
            "3km이내혐오시설수":0,
            "초등학교학업성취도":89.99,
            "중학교학업성취도":60.7,
            "용적률":208,
            "건폐율":19,
            "Y":34.870838,
            "X":128.443549,
            "rank":5.0,
            "area_info":"24평(82.4), 29평(98.99), 34평(112.62), 34평(113.21)",
            "last_sales":"2022-02-03,23500.0,34평(112.62)",
            "rank_history":[
                [
                    "202203",
                    5
                ],
                [
                    "202202",
                    5
                ],
                [
                    "202201",
                    10
                ]
            ],
            "rank_gap":0
        },
        {
            "index":228,
            "아파트명":"청우",
            "투자타입":"재건축",
            "전용면적(m2)":"68.49",
            "전용면적(평)":"20평",
            "법정동주소":"경상남도 통영시 무전동 979-10",
            "도로명주소":"경상남도 통영시 미나리길 69",
            "세대수":0,
            "입주년차":"--",
            "용적률점수":100,
            "건폐율점수":80,
            "세대당주차수":"--",
            "난방방식":"--",
            "공급면적":50,
            "전용률":80,
            "욕실수":"--",
            "현관타입":"--",
            "주거총점":62.5,
            "지역구공급총점":0.0,
            "역세권":"NA",
            "30분내 이동가능 거점":"NA",
            "1시간내 이동가능 거점":"NA",
            "교통총점":"NA",
            "백화점":0,
            "아울렛몰":0,
            "대형마트":100,
            "은행":0,
            "병원":60,
            "종합병원":80,
            "공원":0,
            "혐오시설":0,
            "인프라총점":37.0,
            "초등학군":90.0,
            "중학군":36.82,
            "학군총점":47.456,
            "인구수":13.06,
            "인구증감":-10.98,
            "인구총점":5.848,
            "일자리":7.02,
            "소득수준":51.77,
            "일자리총점":20.445,
            "가치 총점":48.539,
            "매매실거래년":20220202.0,
            "매매실거래가":5300.0,
            "전세실거래년":null,
            "전세실거래가":null,
            "전세가율":null,
            "장기전세가율평균":71.24,
            "전세가율거품지수":null,
            "검색코드":122711,
            "세대수":50.0,
            "준공년월":"1983-11-23",
            "준공년차":40.0,
            "가까운역이름":"NA",
            "가까운역거리":"NA",
            "역세권여부":"NA",
            "30분이내주요거점역":"NA",
            "30분거점역이름":"NA",
            "1시간이내주요거점역":"NA",
            "1시간거점역이름":"NA",
            "3km이내백화점수":0,
            "5km이내아울렛몰수":0,
            "1km이내대형먀트수":2,
            "500m이내은행수":1,
            "500m이내병원수":23,
            "5km이내대형병원수":1,
            "500m이내공원수":0,
            "3km이내혐오시설수":0,
            "초등학교학업성취도":90.0,
            "중학교학업성취도":60.7,
            "용적률":127,
            "건폐율":25,
            "Y":34.856731,
            "X":128.43372,
            "rank":6.0,
            "area_info":"20평(68.49), 24평(79.43), 24평(79.88)",
            "last_sales":"2022-02-02,5300.0,20평(68.49)",
            "rank_history":[
                [
                    "202203",
                    6
                ],
                [
                    "202202",
                    9999
                ]
            ],
            "rank_gap":9999
        },
        {
            "index":58,
            "아파트명":"통영죽림푸르지오2차",
            "투자타입":"일반",
            "전용면적(m2)":"95.48",
            "전용면적(평)":"28평",
            "법정동주소":"경상남도 통영시 광도면 죽림리 1579-2",
            "도로명주소":"경상남도 통영시 죽림2로 76-58",
            "세대수":30,
            "입주년차":60,
            "용적률점수":"--",
            "건폐율점수":"--",
            "세대당주차수":30,
            "난방방식":30,
            "공급면적":"--",
            "전용률":"--",
            "욕실수":100,
            "현관타입":100,
            "주거총점":50.0,
            "지역구공급총점":0.0,
            "역세권":"NA",
            "30분내 이동가능 거점":"NA",
            "1시간내 이동가능 거점":"NA",
            "교통총점":"NA",
            "백화점":0,
            "아울렛몰":0,
            "대형마트":100,
            "은행":20,
            "병원":30,
            "종합병원":80,
            "공원":100,
            "혐오시설":0,
            "인프라총점":39.0,
            "초등학군":90.0,
            "중학군":50.52,
            "학군총점":58.416,
            "인구수":13.06,
            "인구증감":-10.98,
            "인구총점":5.848,
            "일자리":7.02,
            "소득수준":51.77,
            "일자리총점":20.445,
            "가치 총점":47.704,
            "매매실거래년":20220214.0,
            "매매실거래가":30600.0,
            "전세실거래년":20190318.0,
            "전세실거래가":16000.0,
            "전세가율":59.93,
            "장기전세가율평균":71.24,
            "전세가율거품지수":11.31,
            "검색코드":102125,
            "세대수":316.0,
            "준공년월":"2009-06-19",
            "준공년차":14.0,
            "가까운역이름":"NA",
            "가까운역거리":"NA",
            "역세권여부":"NA",
            "30분이내주요거점역":"NA",
            "30분거점역이름":"NA",
            "1시간이내주요거점역":"NA",
            "1시간거점역이름":"NA",
            "3km이내백화점수":0,
            "5km이내아울렛몰수":0,
            "1km이내대형먀트수":3,
            "500m이내은행수":2,
            "500m이내병원수":7,
            "5km이내대형병원수":1,
            "500m이내공원수":2,
            "3km이내혐오시설수":0,
            "초등학교학업성취도":90.0,
            "중학교학업성취도":84.2,
            "용적률":200,
            "건폐율":21,
            "Y":34.877448,
            "X":128.419846,
            "rank":7.0,
            "area_info":"28평(95.48), 28평(95.63), 33평(110.54), 39평(129.97)",
            "last_sales":"2022-02-14,30600.0,33평(110.54)",
            "rank_history":[
                [
                    "202203",
                    7
                ],
                [
                    "202202",
                    6
                ],
                [
                    "202201",
                    15
                ]
            ],
            "rank_gap":-1
        },
        {
            "index":83,
            "아파트명":"한선파라타운",
            "투자타입":"일반",
            "전용면적(m2)":"83.07",
            "전용면적(평)":"25평",
            "법정동주소":"경상남도 통영시 광도면 죽림리 1579-3",
            "도로명주소":"경상남도 통영시 죽림1로 41-14",
            "세대수":30,
            "입주년차":40,
            "용적률점수":"--",
            "건폐율점수":"--",
            "세대당주차수":30,
            "난방방식":30,
            "공급면적":"--",
            "전용률":"--",
            "욕실수":100,
            "현관타입":100,
            "주거총점":46.0,
            "지역구공급총점":0.0,
            "역세권":"NA",
            "30분내 이동가능 거점":"NA",
            "1시간내 이동가능 거점":"NA",
            "교통총점":"NA",
            "백화점":0,
            "아울렛몰":0,
            "대형마트":100,
            "은행":20,
            "병원":60,
            "종합병원":80,
            "공원":100,
            "혐오시설":0,
            "인프라총점":42.0,
            "초등학군":90.0,
            "중학군":50.52,
            "학군총점":58.416,
            "인구수":13.06,
            "인구증감":-10.98,
            "인구총점":5.848,
            "일자리":7.02,
            "소득수준":51.77,
            "일자리총점":20.445,
            "가치 총점":47.504,
            "매매실거래년":20220205.0,
            "매매실거래가":18300.0,
            "전세실거래년":20211125.0,
            "전세실거래가":18500.0,
            "전세가율":101.09,
            "장기전세가율평균":71.24,
            "전세가율거품지수":-29.85,
            "검색코드":101113,
            "세대수":392.0,
            "준공년월":"2004-04-30",
            "준공년차":19.0,
            "가까운역이름":"NA",
            "가까운역거리":"NA",
            "역세권여부":"NA",
            "30분이내주요거점역":"NA",
            "30분거점역이름":"NA",
            "1시간이내주요거점역":"NA",
            "1시간거점역이름":"NA",
            "3km이내백화점수":0,
            "5km이내아울렛몰수":0,
            "1km이내대형먀트수":3,
            "500m이내은행수":2,
            "500m이내병원수":11,
            "5km이내대형병원수":1,
            "500m이내공원수":3,
            "3km이내혐오시설수":0,
            "초등학교학업성취도":90.0,
            "중학교학업성취도":84.2,
            "용적률":238,
            "건폐율":25,
            "Y":34.878038,
            "X":128.418547,
            "rank":8.0,
            "area_info":"25평(83.07), 29평(98.27), 33평(111.88), 48평(159.01)",
            "last_sales":"2022-02-05,18300.0,25평(83.07)",
            "rank_history":[
                [
                    "202203",
                    8
                ],
                [
                    "202202",
                    7
                ],
                [
                    "202201",
                    19
                ]
            ],
            "rank_gap":-1
        },
        {
            "index":81,
            "아파트명":"한선파라빌리지",
            "투자타입":"일반",
            "전용면적(m2)":"112.1",
            "전용면적(평)":"33평",
            "법정동주소":"경상남도 통영시 광도면 죽림리 1578-1",
            "도로명주소":"경상남도 통영시 죽림1로 41-55",
            "세대수":30,
            "입주년차":40,
            "용적률점수":"--",
            "건폐율점수":"--",
            "세대당주차수":30,
            "난방방식":30,
            "공급면적":"--",
            "전용률":"--",
            "욕실수":100,
            "현관타입":100,
            "주거총점":46.0,
            "지역구공급총점":0.0,
            "역세권":"NA",
            "30분내 이동가능 거점":"NA",
            "1시간내 이동가능 거점":"NA",
            "교통총점":"NA",
            "백화점":0,
            "아울렛몰":0,
            "대형마트":100,
            "은행":20,
            "병원":60,
            "종합병원":80,
            "공원":100,
            "혐오시설":0,
            "인프라총점":42.0,
            "초등학군":90.0,
            "중학군":50.52,
            "학군총점":58.416,
            "인구수":13.06,
            "인구증감":-10.98,
            "인구총점":5.848,
            "일자리":7.02,
            "소득수준":51.77,
            "일자리총점":20.445,
            "가치 총점":47.504,
            "매매실거래년":20211227.0,
            "매매실거래가":23500.0,
            "전세실거래년":20210107.0,
            "전세실거래가":19000.0,
            "전세가율":80.85,
            "장기전세가율평균":71.24,
            "전세가율거품지수":-9.61,
            "검색코드":24246,
            "세대수":336.0,
            "준공년월":"2005-04-27",
            "준공년차":18.0,
            "가까운역이름":"NA",
            "가까운역거리":"NA",
            "역세권여부":"NA",
            "30분이내주요거점역":"NA",
            "30분거점역이름":"NA",
            "1시간이내주요거점역":"NA",
            "1시간거점역이름":"NA",
            "3km이내백화점수":0,
            "5km이내아울렛몰수":0,
            "1km이내대형먀트수":4,
            "500m이내은행수":2,
            "500m이내병원수":13,
            "5km이내대형병원수":1,
            "500m이내공원수":6,
            "3km이내혐오시설수":0,
            "초등학교학업성취도":90.0,
            "중학교학업성취도":84.2,
            "용적률":213,
            "건폐율":22,
            "Y":34.879359,
            "X":128.417142,
            "rank":8.0,
            "area_info":"33평(112.1), 37평(124.71)",
            "last_sales":"2021-12-27,23500.0,33평(112.1)",
            "rank_history":[
                [
                    "202203",
                    8
                ],
                [
                    "202202",
                    7
                ],
                [
                    "202201",
                    6
                ]
            ],
            "rank_gap":-1
        },
        {
            "index":79,
            "아파트명":"한선파라디움",
            "투자타입":"일반",
            "전용면적(m2)":"112.09",
            "전용면적(평)":"33평",
            "법정동주소":"경상남도 통영시 광도면 죽림리 1578-2",
            "도로명주소":"경상남도 통영시 죽림1로 41-23",
            "세대수":30,
            "입주년차":40,
            "용적률점수":"--",
            "건폐율점수":"--",
            "세대당주차수":30,
            "난방방식":30,
            "공급면적":"--",
            "전용률":"--",
            "욕실수":100,
            "현관타입":100,
            "주거총점":46.0,
            "지역구공급총점":0.0,
            "역세권":"NA",
            "30분내 이동가능 거점":"NA",
            "1시간내 이동가능 거점":"NA",
            "교통총점":"NA",
            "백화점":0,
            "아울렛몰":0,
            "대형마트":100,
            "은행":20,
            "병원":60,
            "종합병원":80,
            "공원":100,
            "혐오시설":0,
            "인프라총점":42.0,
            "초등학군":90.0,
            "중학군":50.52,
            "학군총점":58.416,
            "인구수":13.06,
            "인구증감":-10.98,
            "인구총점":5.848,
            "일자리":7.02,
            "소득수준":51.77,
            "일자리총점":20.445,
            "가치 총점":47.504,
            "매매실거래년":20220213.0,
            "매매실거래가":24900.0,
            "전세실거래년":20200321.0,
            "전세실거래가":15000.0,
            "전세가율":60.24,
            "장기전세가율평균":71.24,
            "전세가율거품지수":11.0,
            "검색코드":101070,
            "세대수":336.0,
            "준공년월":"2006-04-10",
            "준공년차":17.0,
            "가까운역이름":"NA",
            "가까운역거리":"NA",
            "역세권여부":"NA",
            "30분이내주요거점역":"NA",
            "30분거점역이름":"NA",
            "1시간이내주요거점역":"NA",
            "1시간거점역이름":"NA",
            "3km이내백화점수":0,
            "5km이내아울렛몰수":0,
            "1km이내대형먀트수":3,
            "500m이내은행수":2,
            "500m이내병원수":11,
            "5km이내대형병원수":1,
            "500m이내공원수":5,
            "3km이내혐오시설수":0,
            "초등학교학업성취도":90.0,
            "중학교학업성취도":84.2,
            "용적률":213,
            "건폐율":22,
            "Y":34.878306,
            "X":128.416787,
            "rank":8.0,
            "area_info":"33평(112.09), 37평(124.71)",
            "last_sales":"2022-02-13,24900.0,33평(112.09)",
            "rank_history":[
                [
                    "202203",
                    8
                ],
                [
                    "202202",
                    7
                ],
                [
                    "202201",
                    7
                ]
            ],
            "rank_gap":-1
        },
        {
            "index":328,
            "아파트명":"주공",
            "투자타입":"재건축",
            "전용면적(m2)":"40.99",
            "전용면적(평)":"12평",
            "법정동주소":"경상남도 통영시 봉평동 352",
            "도로명주소":"경상남도 통영시 봉수로 86",
            "세대수":50,
            "입주년차":"--",
            "용적률점수":100,
            "건폐율점수":100,
            "세대당주차수":"--",
            "난방방식":"--",
            "공급면적":50,
            "전용률":100,
            "욕실수":"--",
            "현관타입":"--",
            "주거총점":82.5,
            "지역구공급총점":0.0,
            "역세권":"NA",
            "30분내 이동가능 거점":"NA",
            "1시간내 이동가능 거점":"NA",
            "교통총점":"NA",
            "백화점":0,
            "아울렛몰":0,
            "대형마트":0,
            "은행":0,
            "병원":0,
            "종합병원":80,
            "공원":0,
            "혐오시설":0,
            "인프라총점":16.0,
            "초등학군":90.0,
            "중학군":38.34,
            "학군총점":48.672,
            "인구수":13.06,
            "인구증감":-10.98,
            "인구총점":5.848,
            "일자리":7.02,
            "소득수준":51.77,
            "일자리총점":20.445,
            "가치 총점":47.443,
            "매매실거래년":20220217.0,
            "매매실거래가":4500.0,
            "전세실거래년":20211001.0,
            "전세실거래가":2300.0,
            "전세가율":48.94,
            "장기전세가율평균":71.24,
            "전세가율거품지수":22.3,
            "검색코드":7748,
            "세대수":440.0,
            "준공년월":"1980-12-02",
            "준공년차":43.0,
            "가까운역이름":"NA",
            "가까운역거리":"NA",
            "역세권여부":"NA",
            "30분이내주요거점역":"NA",
            "30분거점역이름":"NA",
            "1시간이내주요거점역":"NA",
            "1시간거점역이름":"NA",
            "3km이내백화점수":0,
            "5km이내아울렛몰수":0,
            "1km이내대형먀트수":0,
            "500m이내은행수":0,
            "500m이내병원수":0,
            "5km이내대형병원수":1,
            "500m이내공원수":0,
            "3km이내혐오시설수":0,
            "초등학교학업성취도":90.0,
            "중학교학업성취도":63.9,
            "용적률":78,
            "건폐율":16,
            "Y":34.823829,
            "X":128.414271,
            "rank":9.0,
            "area_info":"12평(40.99), 12평(41.98), 12평(41.52), 12평(42.55)",
            "last_sales":"2022-02-17,4500.0,12평(42.55)",
            "rank_history":[
                [
                    "202203",
                    9
                ],
                [
                    "202202",
                    8
                ],
                [
                    "202201",
                    4
                ]
            ],
            "rank_gap":-1
        },
        {
            "index":62,
            "아파트명":"통영코아루1단지",
            "투자타입":"일반",
            "전용면적(m2)":"83.0",
            "전용면적(평)":"25평",
            "법정동주소":"경상남도 통영시 광도면 죽림리 1606",
            "도로명주소":"경상남도 통영시 향교옆길 33-31",
            "세대수":30,
            "입주년차":80,
            "용적률점수":"--",
            "건폐율점수":"--",
            "세대당주차수":30,
            "난방방식":30,
            "공급면적":"--",
            "전용률":"--",
            "욕실수":100,
            "현관타입":100,
            "주거총점":54.0,
            "지역구공급총점":0.0,
            "역세권":"NA",
            "30분내 이동가능 거점":"NA",
            "1시간내 이동가능 거점":"NA",
            "교통총점":"NA",
            "백화점":0,
            "아울렛몰":0,
            "대형마트":100,
            "은행":0,
            "병원":10,
            "종합병원":80,
            "공원":80,
            "혐오시설":0,
            "인프라총점":34.4,
            "초등학군":90.01,
            "중학군":50.52,
            "학군총점":58.418,
            "인구수":13.06,
            "인구증감":-10.98,
            "인구총점":5.848,
            "일자리":7.02,
            "소득수준":51.77,
            "일자리총점":20.445,
            "가치 총점":47.2645,
            "매매실거래년":20220114.0,
            "매매실거래가":22800.0,
            "전세실거래년":20201207.0,
            "전세실거래가":20000.0,
            "전세가율":87.72,
            "장기전세가율평균":71.24,
            "전세가율거품지수":-16.48,
            "검색코드":115399,
            "세대수":396.0,
            "준공년월":"2018-08-24",
            "준공년차":5.0,
            "가까운역이름":"NA",
            "가까운역거리":"NA",
            "역세권여부":"NA",
            "30분이내주요거점역":"NA",
            "30분거점역이름":"NA",
            "1시간이내주요거점역":"NA",
            "1시간거점역이름":"NA",
            "3km이내백화점수":0,
            "5km이내아울렛몰수":0,
            "1km이내대형먀트수":3,
            "500m이내은행수":0,
            "500m이내병원수":2,
            "5km이내대형병원수":1,
            "500m이내공원수":1,
            "3km이내혐오시설수":0,
            "초등학교학업성취도":90.01,
            "중학교학업성취도":84.2,
            "용적률":234,
            "건폐율":21,
            "Y":34.874667,
            "X":128.413941,
            "rank":10.0,
            "area_info":"25평(83.0), 30평(99.59), 30평(101.43), 33평(111.54), 34평(112.94), 33평(112.36)",
            "last_sales":"2022-01-14,22800.0,25평(83.0)",
            "rank_history":[
                [
                    "202203",
                    10
                ],
                [
                    "202202",
                    9
                ],
                [
                    "202201",
                    16
                ]
            ],
            "rank_gap":-1
        },
        {
            "index":231,
            "아파트명":"한진로즈힐비치1차",
            "투자타입":"일반",
            "전용면적(m2)":"83.71",
            "전용면적(평)":"25평",
            "법정동주소":"경상남도 통영시 무전동 1054-2",
            "도로명주소":"경상남도 통영시 무전1길 23",
            "세대수":50,
            "입주년차":40,
            "용적률점수":"--",
            "건폐율점수":"--",
            "세대당주차수":30,
            "난방방식":30,
            "공급면적":"--",
            "전용률":"--",
            "욕실수":100,
            "현관타입":100,
            "주거총점":53.0,
            "지역구공급총점":0.0,
            "역세권":"NA",
            "30분내 이동가능 거점":"NA",
            "1시간내 이동가능 거점":"NA",
            "교통총점":"NA",
            "백화점":0,
            "아울렛몰":0,
            "대형마트":100,
            "은행":0,
            "병원":60,
            "종합병원":80,
            "공원":100,
            "혐오시설":-50,
            "인프라총점":39.0,
            "초등학군":89.99,
            "중학군":36.82,
            "학군총점":47.454,
            "인구수":13.06,
            "인구증감":-10.98,
            "인구총점":5.848,
            "일자리":7.02,
            "소득수준":51.77,
            "일자리총점":20.445,
            "가치 총점":46.0135,
            "매매실거래년":20220118.0,
            "매매실거래가":21600.0,
            "전세실거래년":20211229.0,
            "전세실거래가":17500.0,
            "전세가율":81.02,
            "장기전세가율평균":71.24,
            "전세가율거품지수":-9.78,
            "검색코드":17461,
            "세대수":652.0,
            "준공년월":"2004-09-24",
            "준공년차":19.0,
            "가까운역이름":"NA",
            "가까운역거리":"NA",
            "역세권여부":"NA",
            "30분이내주요거점역":"NA",
            "30분거점역이름":"NA",
            "1시간이내주요거점역":"NA",
            "1시간거점역이름":"NA",
            "3km이내백화점수":0,
            "5km이내아울렛몰수":0,
            "1km이내대형먀트수":2,
            "500m이내은행수":1,
            "500m이내병원수":12,
            "5km이내대형병원수":1,
            "500m이내공원수":3,
            "3km이내혐오시설수":1,
            "초등학교학업성취도":89.99,
            "중학교학업성취도":60.7,
            "용적률":207,
            "건폐율":19,
            "Y":34.862177,
            "X":128.422349,
            "rank":11.0,
            "area_info":"25평(83.71), 25평(83.73), 30평(102.35), 33평(111.2), 33평(111.69), 44평(146.39), 57평(190.44)",
            "last_sales":"2022-01-18,21600.0,25평(83.71)",
            "rank_history":[
                [
                    "202203",
                    11
                ],
                [
                    "202202",
                    10
                ],
                [
                    "202201",
                    8
                ]
            ],
            "rank_gap":-1
        },
        {
            "index":11,
            "아파트명":"일성유수안2차",
            "투자타입":"일반",
            "전용면적(m2)":"112.64",
            "전용면적(평)":"34평",
            "법정동주소":"경상남도 통영시 광도면 죽림리 280-5",
            "도로명주소":"경상남도 통영시 죽림2로 9",
            "세대수":0,
            "입주년차":80,
            "용적률점수":"--",
            "건폐율점수":"--",
            "세대당주차수":30,
            "난방방식":30,
            "공급면적":"--",
            "전용률":"--",
            "욕실수":100,
            "현관타입":100,
            "주거총점":43.5,
            "지역구공급총점":0.0,
            "역세권":"NA",
            "30분내 이동가능 거점":"NA",
            "1시간내 이동가능 거점":"NA",
            "교통총점":"NA",
            "백화점":0,
            "아울렛몰":0,
            "대형마트":100,
            "은행":0,
            "병원":60,
            "종합병원":80,
            "공원":100,
            "혐오시설":0,
            "인프라총점":40.0,
            "초등학군":90.0,
            "중학군":50.52,
            "학군총점":58.416,
            "인구수":13.06,
            "인구증감":-10.98,
            "인구총점":5.848,
            "일자리":7.02,
            "소득수준":51.77,
            "일자리총점":20.445,
            "가치 총점":45.829,
            "매매실거래년":20220207.0,
            "매매실거래가":27000.0,
            "전세실거래년":20220204.0,
            "전세실거래가":22000.0,
            "전세가율":81.48,
            "장기전세가율평균":71.24,
            "전세가율거품지수":-10.24,
            "검색코드":108266,
            "세대수":294.0,
            "준공년월":"2014-04-29",
            "준공년차":9.0,
            "가까운역이름":"NA",
            "가까운역거리":"NA",
            "역세권여부":"NA",
            "30분이내주요거점역":"NA",
            "30분거점역이름":"NA",
            "1시간이내주요거점역":"NA",
            "1시간거점역이름":"NA",
            "3km이내백화점수":0,
            "5km이내아울렛몰수":0,
            "1km이내대형먀트수":4,
            "500m이내은행수":1,
            "500m이내병원수":13,
            "5km이내대형병원수":1,
            "500m이내공원수":4,
            "3km이내혐오시설수":0,
            "초등학교학업성취도":90.0,
            "중학교학업성취도":84.2,
            "용적률":294,
            "건폐율":22,
            "Y":34.882028,
            "X":128.414432,
            "rank":12.0,
            "area_info":"34평(112.64), 34평(112.64), 36평(121.23), 39평(131.57)",
            "last_sales":"2022-02-07,27000.0,34평(112.64)",
            "rank_history":[
                [
                    "202203",
                    12
                ],
                [
                    "202202",
                    11
                ],
                [
                    "202201",
                    9
                ]
            ],
            "rank_gap":-1
        },
        {
            "index":238,
            "아파트명":"한진로즈힐비치2차",
            "투자타입":"일반",
            "전용면적(m2)":"95.54",
            "전용면적(평)":"28평",
            "법정동주소":"경상남도 통영시 무전동 1054-5",
            "도로명주소":"경상남도 통영시 무전7길 135",
            "세대수":50,
            "입주년차":40,
            "용적률점수":"--",
            "건폐율점수":"--",
            "세대당주차수":30,
            "난방방식":30,
            "공급면적":"--",
            "전용률":"--",
            "욕실수":100,
            "현관타입":100,
            "주거총점":53.0,
            "지역구공급총점":0.0,
            "역세권":"NA",
            "30분내 이동가능 거점":"NA",
            "1시간내 이동가능 거점":"NA",
            "교통총점":"NA",
            "백화점":0,
            "아울렛몰":0,
            "대형마트":100,
            "은행":0,
            "병원":30,
            "종합병원":80,
            "공원":100,
            "혐오시설":0,
            "인프라총점":37.0,
            "초등학군":89.99,
            "중학군":36.82,
            "학군총점":47.454,
            "인구수":13.06,
            "인구증감":-10.98,
            "인구총점":5.848,
            "일자리":7.02,
            "소득수준":51.77,
            "일자리총점":20.445,
            "가치 총점":45.2135,
            "매매실거래년":20211211.0,
            "매매실거래가":46800.0,
            "전세실거래년":20191230.0,
            "전세실거래가":14000.0,
            "전세가율":62.78,
            "장기전세가율평균":71.24,
            "전세가율거품지수":8.46,
            "검색코드":101112,
            "세대수":552.0,
            "준공년월":"2005-02-25",
            "준공년차":18.0,
            "가까운역이름":"NA",
            "가까운역거리":"NA",
            "역세권여부":"NA",
            "30분이내주요거점역":"NA",
            "30분거점역이름":"NA",
            "1시간이내주요거점역":"NA",
            "1시간거점역이름":"NA",
            "3km이내백화점수":0,
            "5km이내아울렛몰수":0,
            "1km이내대형먀트수":2,
            "500m이내은행수":1,
            "500m이내병원수":9,
            "5km이내대형병원수":1,
            "500m이내공원수":3,
            "3km이내혐오시설수":0,
            "초등학교학업성취도":89.99,
            "중학교학업성취도":60.7,
            "용적률":207,
            "건폐율":19,
            "Y":34.863267,
            "X":128.422716,
            "rank":13.0,
            "area_info":"28평(95.54), 28평(95.81), 28평(95.81), 33평(111.09), 33평(111.09), 38평(128.52), 40평(132.99), 45평(150.99), 53평(178.51), 67평(222.85)",
            "last_sales":"2021-12-11,46800.0,67평(222.85)",
            "rank_history":[
                [
                    "202203",
                    13
                ],
                [
                    "202202",
                    12
                ],
                [
                    "202201",
                    11
                ]
            ],
            "rank_gap":-1
        },
        {
            "index":45,
            "아파트명":"통영주영더팰리스6차",
            "투자타입":"일반",
            "전용면적(m2)":"105.01",
            "전용면적(평)":"31평",
            "법정동주소":"경상남도 통영시 광도면 죽림리 1584",
            "도로명주소":"경상남도 통영시 신죽1길 12",
            "세대수":0,
            "입주년차":80,
            "용적률점수":"--",
            "건폐율점수":"--",
            "세대당주차수":30,
            "난방방식":30,
            "공급면적":"--",
            "전용률":"--",
            "욕실수":100,
            "현관타입":100,
            "주거총점":43.5,
            "지역구공급총점":0.0,
            "역세권":"NA",
            "30분내 이동가능 거점":"NA",
            "1시간내 이동가능 거점":"NA",
            "교통총점":"NA",
            "백화점":0,
            "아울렛몰":0,
            "대형마트":100,
            "은행":0,
            "병원":30,
            "종합병원":80,
            "공원":100,
            "혐오시설":0,
            "인프라총점":37.0,
            "초등학군":90.0,
            "중학군":50.52,
            "학군총점":58.416,
            "인구수":13.06,
            "인구증감":-10.98,
            "인구총점":5.848,
            "일자리":7.02,
            "소득수준":51.77,
            "일자리총점":20.445,
            "가치 총점":44.629,
            "매매실거래년":20211228.0,
            "매매실거래가":35000.0,
            "전세실거래년":null,
            "전세실거래가":null,
            "전세가율":null,
            "장기전세가율평균":71.24,
            "전세가율거품지수":null,
            "검색코드":118463,
            "세대수":171.0,
            "준공년월":"2018-02-09",
            "준공년차":5.0,
            "가까운역이름":"NA",
            "가까운역거리":"NA",
            "역세권여부":"NA",
            "30분이내주요거점역":"NA",
            "30분거점역이름":"NA",
            "1시간이내주요거점역":"NA",
            "1시간거점역이름":"NA",
            "3km이내백화점수":0,
            "5km이내아울렛몰수":0,
            "1km이내대형먀트수":3,
            "500m이내은행수":0,
            "500m이내병원수":5,
            "5km이내대형병원수":1,
            "500m이내공원수":2,
            "3km이내혐오시설수":0,
            "초등학교학업성취도":90.0,
            "중학교학업성취도":84.2,
            "용적률":297,
            "건폐율":28,
            "Y":34.876942,
            "X":128.415145,
            "rank":14.0,
            "area_info":"31평(105.01), 34평(112.44), 34평(112.85), 34평(113.71), 34평(113.71)",
            "last_sales":"2021-12-28,35000.0,34평(113.71)",
            "rank_history":[
                [
                    "202203",
                    14
                ],
                [
                    "202202",
                    13
                ],
                [
                    "202201",
                    22
                ]
            ],
            "rank_gap":-1
        },
        {
            "index":50,
            "아파트명":"통영죽림대우푸르지오3차",
            "투자타입":"일반",
            "전용면적(m2)":"110.92",
            "전용면적(평)":"33평",
            "법정동주소":"경상남도 통영시 광도면 죽림리 1575",
            "도로명주소":"경상남도 통영시 죽림2로 31",
            "세대수":0,
            "입주년차":60,
            "용적률점수":"--",
            "건폐율점수":"--",
            "세대당주차수":30,
            "난방방식":30,
            "공급면적":"--",
            "전용률":"--",
            "욕실수":100,
            "현관타입":100,
            "주거총점":39.5,
            "지역구공급총점":0.0,
            "역세권":"NA",
            "30분내 이동가능 거점":"NA",
            "1시간내 이동가능 거점":"NA",
            "교통총점":"NA",
            "백화점":0,
            "아울렛몰":0,
            "대형마트":100,
            "은행":0,
            "병원":60,
            "종합병원":80,
            "공원":100,
            "혐오시설":0,
            "인프라총점":40.0,
            "초등학군":90.0,
            "중학군":50.52,
            "학군총점":58.416,
            "인구수":13.06,
            "인구증감":-10.98,
            "인구총점":5.848,
            "일자리":7.02,
            "소득수준":51.77,
            "일자리총점":20.445,
            "가치 총점":44.429,
            "매매실거래년":20220204.0,
            "매매실거래가":30000.0,
            "전세실거래년":20210402.0,
            "전세실거래가":19000.0,
            "전세가율":63.33,
            "장기전세가율평균":71.24,
            "전세가율거품지수":7.91,
            "검색코드":102126,
            "세대수":258.0,
            "준공년월":"2009-11-04",
            "준공년차":14.0,
            "가까운역이름":"NA",
            "가까운역거리":"NA",
            "역세권여부":"NA",
            "30분이내주요거점역":"NA",
            "30분거점역이름":"NA",
            "1시간이내주요거점역":"NA",
            "1시간거점역이름":"NA",
            "3km이내백화점수":0,
            "5km이내아울렛몰수":0,
            "1km이내대형먀트수":4,
            "500m이내은행수":1,
            "500m이내병원수":14,
            "5km이내대형병원수":1,
            "500m이내공원수":6,
            "3km이내혐오시설수":0,
            "초등학교학업성취도":90.0,
            "중학교학업성취도":84.2,
            "용적률":192,
            "건폐율":27,
            "Y":34.881236,
            "X":128.416693,
            "rank":15.0,
            "area_info":"33평(110.92), 38평(128.74), 38평(128.74)",
            "last_sales":"2022-02-04,30000.0,33평(110.92)",
            "rank_history":[
                [
                    "202203",
                    15
                ],
                [
                    "202202",
                    14
                ],
                [
                    "202201",
                    12
                ]
            ],
            "rank_gap":-1
        },
        {
            "index":42,
            "아파트명":"죽림신우희가로",
            "투자타입":"일반",
            "전용면적(m2)":"82.85",
            "전용면적(평)":"25평",
            "법정동주소":"경상남도 통영시 광도면 죽림리 1565-2",
            "도로명주소":"경상남도 통영시 죽림해안로 10",
            "세대수":0,
            "입주년차":80,
            "용적률점수":"--",
            "건폐율점수":"--",
            "세대당주차수":30,
            "난방방식":30,
            "공급면적":"--",
            "전용률":"--",
            "욕실수":100,
            "현관타입":100,
            "주거총점":43.5,
            "지역구공급총점":0.0,
            "역세권":"NA",
            "30분내 이동가능 거점":"NA",
            "1시간내 이동가능 거점":"NA",
            "교통총점":"NA",
            "백화점":0,
            "아울렛몰":0,
            "대형마트":100,
            "은행":0,
            "병원":30,
            "종합병원":80,
            "공원":80,
            "혐오시설":0,
            "인프라총점":36.4,
            "초등학군":90.0,
            "중학군":50.52,
            "학군총점":58.416,
            "인구수":13.06,
            "인구증감":-10.98,
            "인구총점":5.848,
            "일자리":7.02,
            "소득수준":51.77,
            "일자리총점":20.445,
            "가치 총점":44.389,
            "매매실거래년":20220216.0,
            "매매실거래가":21500.0,
            "전세실거래년":20210720.0,
            "전세실거래가":15000.0,
            "전세가율":69.77,
            "장기전세가율평균":71.24,
            "전세가율거품지수":1.47,
            "검색코드":112169,
            "세대수":274.0,
            "준공년월":"2014-04-04",
            "준공년차":9.0,
            "가까운역이름":"NA",
            "가까운역거리":"NA",
            "역세권여부":"NA",
            "30분이내주요거점역":"NA",
            "30분거점역이름":"NA",
            "1시간이내주요거점역":"NA",
            "1시간거점역이름":"NA",
            "3km이내백화점수":0,
            "5km이내아울렛몰수":0,
            "1km이내대형먀트수":4,
            "500m이내은행수":0,
            "500m이내병원수":6,
            "5km이내대형병원수":1,
            "500m이내공원수":1,
            "3km이내혐오시설수":0,
            "초등학교학업성취도":90.0,
            "중학교학업성취도":84.2,
            "용적률":307,
            "건폐율":30,
            "Y":34.88853,
            "X":128.419038,
            "rank":16.0,
            "area_info":"25평(82.85), 26평(86.76), 28평(94.77)",
            "last_sales":"2022-02-16,21500.0,25평(82.85)",
            "rank_history":[
                [
                    "202203",
                    16
                ],
                [
                    "202202",
                    15
                ],
                [
                    "202201",
                    13
                ]
            ],
            "rank_gap":-1
        },
        {
            "index":160,
            "아파트명":"충렬",
            "투자타입":"재건축",
            "전용면적(m2)":"40.36",
            "전용면적(평)":"12평",
            "법정동주소":"경상남도 통영시 명정동 414-8",
            "도로명주소":"경상남도 통영시 정당샘길 6",
            "세대수":0,
            "입주년차":"--",
            "용적률점수":80,
            "건폐율점수":60,
            "세대당주차수":"--",
            "난방방식":"--",
            "공급면적":50,
            "전용률":100,
            "욕실수":"--",
            "현관타입":"--",
            "주거총점":51.5,
            "지역구공급총점":0.0,
            "역세권":"NA",
            "30분내 이동가능 거점":"NA",
            "1시간내 이동가능 거점":"NA",
            "교통총점":"NA",
            "백화점":0,
            "아울렛몰":0,
            "대형마트":80,
            "은행":0,
            "병원":30,
            "종합병원":80,
            "공원":80,
            "혐오시설":0,
            "인프라총점":33.4,
            "초등학군":89.97,
            "중학군":40.12,
            "학군총점":50.09,
            "인구수":13.06,
            "인구증감":-10.98,
            "인구총점":5.848,
            "일자리":7.02,
            "소득수준":51.77,
            "일자리총점":20.445,
            "가치 총점":43.9075,
            "매매실거래년":20211016.0,
            "매매실거래가":4000.0,
            "전세실거래년":null,
            "전세실거래가":null,
            "전세가율":null,
            "장기전세가율평균":71.24,
            "전세가율거품지수":null,
            "검색코드":122619,
            "세대수":61.0,
            "준공년월":"1976-04-22",
            "준공년차":47.0,
            "가까운역이름":"NA",
            "가까운역거리":"NA",
            "역세권여부":"NA",
            "30분이내주요거점역":"NA",
            "30분거점역이름":"NA",
            "1시간이내주요거점역":"NA",
            "1시간거점역이름":"NA",
            "3km이내백화점수":0,
            "5km이내아울렛몰수":0,
            "1km이내대형먀트수":1,
            "500m이내은행수":0,
            "500m이내병원수":9,
            "5km이내대형병원수":1,
            "500m이내공원수":1,
            "3km이내혐오시설수":0,
            "초등학교학업성취도":89.97,
            "중학교학업성취도":65.8,
            "용적률":177,
            "건폐율":34,
            "Y":34.845567,
            "X":128.417008,
            "rank":17.0,
            "area_info":"12평(40.36), 17평(56.66)",
            "last_sales":"2021-10-16,4000.0,17평(56.66)",
            "rank_history":[
                [
                    "202203",
                    17
                ],
                [
                    "202202",
                    9999
                ]
            ],
            "rank_gap":9999
        },
        {
            "index":188,
            "아파트명":"수아지오",
            "투자타입":"일반",
            "전용면적(m2)":"80.88",
            "전용면적(평)":"24평",
            "법정동주소":"경상남도 통영시 무전동 985-1",
            "도로명주소":"경상남도 통영시 안개로 42",
            "세대수":0,
            "입주년차":80,
            "용적률점수":"--",
            "건폐율점수":"--",
            "세대당주차수":30,
            "난방방식":30,
            "공급면적":"--",
            "전용률":"--",
            "욕실수":100,
            "현관타입":100,
            "주거총점":43.5,
            "지역구공급총점":0.0,
            "역세권":"NA",
            "30분내 이동가능 거점":"NA",
            "1시간내 이동가능 거점":"NA",
            "교통총점":"NA",
            "백화점":0,
            "아울렛몰":0,
            "대형마트":100,
            "은행":0,
            "병원":80,
            "종합병원":80,
            "공원":80,
            "혐오시설":0,
            "인프라총점":41.4,
            "초등학군":89.99,
            "중학군":36.82,
            "학군총점":47.454,
            "인구수":13.06,
            "인구증감":-10.98,
            "인구총점":5.848,
            "일자리":7.02,
            "소득수준":51.77,
            "일자리총점":20.445,
            "가치 총점":43.6485,
            "매매실거래년":20211125.0,
            "매매실거래가":22500.0,
            "전세실거래년":20210710.0,
            "전세실거래가":17000.0,
            "전세가율":97.14,
            "장기전세가율평균":71.24,
            "전세가율거품지수":-25.9,
            "검색코드":107850,
            "세대수":78.0,
            "준공년월":"2015-12-31",
            "준공년차":8.0,
            "가까운역이름":"NA",
            "가까운역거리":"NA",
            "역세권여부":"NA",
            "30분이내주요거점역":"NA",
            "30분거점역이름":"NA",
            "1시간이내주요거점역":"NA",
            "1시간거점역이름":"NA",
            "3km이내백화점수":0,
            "5km이내아울렛몰수":0,
            "1km이내대형먀트수":2,
            "500m이내은행수":1,
            "500m이내병원수":50,
            "5km이내대형병원수":1,
            "500m이내공원수":1,
            "3km이내혐오시설수":0,
            "초등학교학업성취도":89.99,
            "중학교학업성취도":60.7,
            "용적률":498,
            "건폐율":62,
            "Y":34.859216,
            "X":128.431138,
            "rank":18.0,
            "area_info":"24평(80.88), 30평(102.13), 31평(104.85), 34평(113.73)",
            "last_sales":"2021-11-25,22500.0,31평(104.85)",
            "rank_history":[
                [
                    "202203",
                    18
                ],
                [
                    "202202",
                    9999
                ]
            ],
            "rank_gap":9999
        },
        {
            "index":29,
            "아파트명":"주영더팰리스4차",
            "투자타입":"일반",
            "전용면적(m2)":"110.89",
            "전용면적(평)":"33평",
            "법정동주소":"경상남도 통영시 광도면 죽림리 1582-6",
            "도로명주소":"경상남도 통영시 신죽2길 112",
            "세대수":0,
            "입주년차":80,
            "용적률점수":"--",
            "건폐율점수":"--",
            "세대당주차수":30,
            "난방방식":30,
            "공급면적":"--",
            "전용률":"--",
            "욕실수":100,
            "현관타입":100,
            "주거총점":43.5,
            "지역구공급총점":0.0,
            "역세권":"NA",
            "30분내 이동가능 거점":"NA",
            "1시간내 이동가능 거점":"NA",
            "교통총점":"NA",
            "백화점":0,
            "아울렛몰":0,
            "대형마트":100,
            "은행":0,
            "병원":10,
            "종합병원":80,
            "공원":80,
            "혐오시설":0,
            "인프라총점":34.4,
            "초등학군":90.01,
            "중학군":50.52,
            "학군총점":58.418,
            "인구수":13.06,
            "인구증감":-10.98,
            "인구총점":5.848,
            "일자리":7.02,
            "소득수준":51.77,
            "일자리총점":20.445,
            "가치 총점":43.5895,
            "매매실거래년":20220120.0,
            "매매실거래가":32000.0,
            "전세실거래년":20211010.0,
            "전세실거래가":23000.0,
            "전세가율":71.88,
            "장기전세가율평균":71.24,
            "전세가율거품지수":-0.64,
            "검색코드":112176,
            "세대수":174.0,
            "준공년월":"2014-08-28",
            "준공년차":9.0,
            "가까운역이름":"NA",
            "가까운역거리":"NA",
            "역세권여부":"NA",
            "30분이내주요거점역":"NA",
            "30분거점역이름":"NA",
            "1시간이내주요거점역":"NA",
            "1시간거점역이름":"NA",
            "3km이내백화점수":0,
            "5km이내아울렛몰수":0,
            "1km이내대형먀트수":3,
            "500m이내은행수":1,
            "500m이내병원수":2,
            "5km이내대형병원수":1,
            "500m이내공원수":1,
            "3km이내혐오시설수":0,
            "초등학교학업성취도":90.01,
            "중학교학업성취도":84.2,
            "용적률":256,
            "건폐율":24,
            "Y":34.8753,
            "X":128.420382,
            "rank":19.0,
            "area_info":"33평(110.89), 33평(111.43)",
            "last_sales":"2022-01-20,32000.0,33평(110.89)",
            "rank_history":[
                [
                    "202203",
                    19
                ],
                [
                    "202202",
                    16
                ],
                [
                    "202201",
                    25
                ]
            ],
            "rank_gap":-3
        },
        {
            "index":23,
            "아파트명":"주영더팰리스2차",
            "투자타입":"일반",
            "전용면적(m2)":"112.87",
            "전용면적(평)":"34평",
            "법정동주소":"경상남도 통영시 광도면 죽림리 248-7",
            "도로명주소":"경상남도 통영시 죽림3로 5",
            "세대수":0,
            "입주년차":60,
            "용적률점수":"--",
            "건폐율점수":"--",
            "세대당주차수":30,
            "난방방식":30,
            "공급면적":"--",
            "전용률":"--",
            "욕실수":100,
            "현관타입":100,
            "주거총점":39.5,
            "지역구공급총점":0.0,
            "역세권":"NA",
            "30분내 이동가능 거점":"NA",
            "1시간내 이동가능 거점":"NA",
            "교통총점":"NA",
            "백화점":0,
            "아울렛몰":0,
            "대형마트":100,
            "은행":0,
            "병원":30,
            "종합병원":80,
            "공원":100,
            "혐오시설":0,
            "인프라총점":37.0,
            "초등학군":90.0,
            "중학군":50.52,
            "학군총점":58.416,
            "인구수":13.06,
            "인구증감":-10.98,
            "인구총점":5.848,
            "일자리":7.02,
            "소득수준":51.77,
            "일자리총점":20.445,
            "가치 총점":43.229,
            "매매실거래년":20220123.0,
            "매매실거래가":25400.0,
            "전세실거래년":20210924.0,
            "전세실거래가":20000.0,
            "전세가율":78.74,
            "장기전세가율평균":71.24,
            "전세가율거품지수":-7.5,
            "검색코드":108493,
            "세대수":161.0,
            "준공년월":"2013-03-28",
            "준공년차":10.0,
            "가까운역이름":"NA",
            "가까운역거리":"NA",
            "역세권여부":"NA",
            "30분이내주요거점역":"NA",
            "30분거점역이름":"NA",
            "1시간이내주요거점역":"NA",
            "1시간거점역이름":"NA",
            "3km이내백화점수":0,
            "5km이내아울렛몰수":0,
            "1km이내대형먀트수":4,
            "500m이내은행수":1,
            "500m이내병원수":8,
            "5km이내대형병원수":1,
            "500m이내공원수":4,
            "3km이내혐오시설수":0,
            "초등학교학업성취도":90.0,
            "중학교학업성취도":84.2,
            "용적률":346,
            "건폐율":23,
            "Y":34.883642,
            "X":128.414232,
            "rank":20.0,
            "area_info":"34평(112.87), 33평(112.15)",
            "last_sales":"2022-01-23,25400.0,34평(112.87)",
            "rank_history":[
                [
                    "202203",
                    20
                ],
                [
                    "202202",
                    17
                ],
                [
                    "202201",
                    14
                ]
            ],
            "rank_gap":-3
        },
        {
            "index":248,
            "아파트명":"휴엔하임",
            "투자타입":"일반",
            "전용면적(m2)":"69.69",
            "전용면적(평)":"21평",
            "법정동주소":"경상남도 통영시 무전동 1025-2",
            "도로명주소":"경상남도 통영시 무전4길 29",
            "세대수":0,
            "입주년차":80,
            "용적률점수":"--",
            "건폐율점수":"--",
            "세대당주차수":30,
            "난방방식":30,
            "공급면적":"--",
            "전용률":"--",
            "욕실수":50,
            "현관타입":100,
            "주거총점":38.5,
            "지역구공급총점":0.0,
            "역세권":"NA",
            "30분내 이동가능 거점":"NA",
            "1시간내 이동가능 거점":"NA",
            "교통총점":"NA",
            "백화점":0,
            "아울렛몰":0,
            "대형마트":100,
            "은행":20,
            "병원":80,
            "종합병원":80,
            "공원":100,
            "혐오시설":0,
            "인프라총점":44.0,
            "초등학군":89.99,
            "중학군":36.82,
            "학군총점":47.454,
            "인구수":13.06,
            "인구증감":-10.98,
            "인구총점":5.848,
            "일자리":7.02,
            "소득수준":51.77,
            "일자리총점":20.445,
            "가치 총점":42.9385,
            "매매실거래년":20220128.0,
            "매매실거래가":19100.0,
            "전세실거래년":null,
            "전세실거래가":null,
            "전세가율":null,
            "장기전세가율평균":71.24,
            "전세가율거품지수":null,
            "검색코드":107224,
            "세대수":96.0,
            "준공년월":"2015-05-29",
            "준공년차":8.0,
            "가까운역이름":"NA",
            "가까운역거리":"NA",
            "역세권여부":"NA",
            "30분이내주요거점역":"NA",
            "30분거점역이름":"NA",
            "1시간이내주요거점역":"NA",
            "1시간거점역이름":"NA",
            "3km이내백화점수":0,
            "5km이내아울렛몰수":0,
            "1km이내대형먀트수":2,
            "500m이내은행수":2,
            "500m이내병원수":53,
            "5km이내대형병원수":1,
            "500m이내공원수":3,
            "3km이내혐오시설수":0,
            "초등학교학업성취도":89.99,
            "중학교학업성취도":60.7,
            "용적률":365,
            "건폐율":70,
            "Y":34.858635,
            "X":128.424846,
            "rank":21.0,
            "area_info":"21평(69.69), 24평(82.19), 25평(83.08), 25평(83.08), 30평(99.43), 30평(99.94), 30평(99.43), 30평(100.48), 30평(100.48), 30평(100.34), 30평(100.48), 30평(100.48), 51평(168.63)",
            "last_sales":"2022-01-28,19100.0,25평(83.08)",
            "rank_history":[
                [
                    "202203",
                    21
                ],
                [
                    "202202",
                    9999
                ]
            ],
            "rank_gap":9999
        },
        {
            "index":166,
            "아파트명":"더뷰",
            "투자타입":"일반",
            "전용면적(m2)":"70.78",
            "전용면적(평)":"21평",
            "법정동주소":"경상남도 통영시 무전동 980-1",
            "도로명주소":"경상남도 통영시 중앙로 336",
            "세대수":0,
            "입주년차":80,
            "용적률점수":"--",
            "건폐율점수":"--",
            "세대당주차수":30,
            "난방방식":30,
            "공급면적":"--",
            "전용률":"--",
            "욕실수":50,
            "현관타입":100,
            "주거총점":38.5,
            "지역구공급총점":0.0,
            "역세권":"NA",
            "30분내 이동가능 거점":"NA",
            "1시간내 이동가능 거점":"NA",
            "교통총점":"NA",
            "백화점":0,
            "아울렛몰":0,
            "대형마트":100,
            "은행":20,
            "병원":80,
            "종합병원":80,
            "공원":80,
            "혐오시설":0,
            "인프라총점":43.4,
            "초등학군":89.99,
            "중학군":36.82,
            "학군총점":47.454,
            "인구수":13.06,
            "인구증감":-10.98,
            "인구총점":5.848,
            "일자리":7.02,
            "소득수준":51.77,
            "일자리총점":20.445,
            "가치 총점":42.6985,
            "매매실거래년":20220207.0,
            "매매실거래가":15000.0,
            "전세실거래년":20210814.0,
            "전세실거래가":10000.0,
            "전세가율":66.67,
            "장기전세가율평균":71.24,
            "전세가율거품지수":4.57,
            "검색코드":122211,
            "세대수":126.0,
            "준공년월":"2018-04-09",
            "준공년차":5.0,
            "가까운역이름":"NA",
            "가까운역거리":"NA",
            "역세권여부":"NA",
            "30분이내주요거점역":"NA",
            "30분거점역이름":"NA",
            "1시간이내주요거점역":"NA",
            "1시간거점역이름":"NA",
            "3km이내백화점수":0,
            "5km이내아울렛몰수":0,
            "1km이내대형먀트수":2,
            "500m이내은행수":2,
            "500m이내병원수":47,
            "5km이내대형병원수":1,
            "500m이내공원수":1,
            "3km이내혐오시설수":0,
            "초등학교학업성취도":89.99,
            "중학교학업성취도":60.7,
            "용적률":703,
            "건폐율":55,
            "Y":34.860418,
            "X":128.429243,
            "rank":22.0,
            "area_info":"21평(70.78), 22평(75.24), 22평(75.41), 23평(76.57)",
            "last_sales":"2022-02-07,15000.0,21평(70.78)",
            "rank_history":[
                [
                    "202203",
                    22
                ],
                [
                    "202202",
                    19
                ],
                [
                    "202201",
                    17
                ]
            ],
            "rank_gap":-3
        },
        {
            "index":25,
            "아파트명":"주영더팰리스3차",
            "투자타입":"일반",
            "전용면적(m2)":"103.35",
            "전용면적(평)":"31평",
            "법정동주소":"경상남도 통영시 광도면 죽림리 278-3",
            "도로명주소":"경상남도 통영시 죽림3로 14",
            "세대수":0,
            "입주년차":60,
            "용적률점수":"--",
            "건폐율점수":"--",
            "세대당주차수":30,
            "난방방식":30,
            "공급면적":"--",
            "전용률":"--",
            "욕실수":100,
            "현관타입":50,
            "주거총점":34.5,
            "지역구공급총점":0.0,
            "역세권":"NA",
            "30분내 이동가능 거점":"NA",
            "1시간내 이동가능 거점":"NA",
            "교통총점":"NA",
            "백화점":0,
            "아울렛몰":0,
            "대형마트":100,
            "은행":0,
            "병원":60,
            "종합병원":80,
            "공원":100,
            "혐오시설":0,
            "인프라총점":40.0,
            "초등학군":90.0,
            "중학군":50.52,
            "학군총점":58.416,
            "인구수":13.06,
            "인구증감":-10.98,
            "인구총점":5.848,
            "일자리":7.02,
            "소득수준":51.77,
            "일자리총점":20.445,
            "가치 총점":42.679,
            "매매실거래년":20220121.0,
            "매매실거래가":26000.0,
            "전세실거래년":20200116.0,
            "전세실거래가":18000.0,
            "전세가율":68.44,
            "장기전세가율평균":71.24,
            "전세가율거품지수":2.8,
            "검색코드":107931,
            "세대수":266.0,
            "준공년월":"2013-03-27",
            "준공년차":10.0,
            "가까운역이름":"NA",
            "가까운역거리":"NA",
            "역세권여부":"NA",
            "30분이내주요거점역":"NA",
            "30분거점역이름":"NA",
            "1시간이내주요거점역":"NA",
            "1시간거점역이름":"NA",
            "3km이내백화점수":0,
            "5km이내아울렛몰수":0,
            "1km이내대형먀트수":4,
            "500m이내은행수":1,
            "500m이내병원수":12,
            "5km이내대형병원수":1,
            "500m이내공원수":5,
            "3km이내혐오시설수":0,
            "초등학교학업성취도":90.0,
            "중학교학업성취도":84.2,
            "용적률":292,
            "건폐율":21,
            "Y":34.882695,
            "X":128.414348,
            "rank":23.0,
            "area_info":"31평(103.35), 33평(111.84), 34평(113.78), 34평(114.11)",
            "last_sales":"2022-01-21,26000.0,34평(113.78)",
            "rank_history":[
                [
                    "202203",
                    23
                ],
                [
                    "202202",
                    18
                ],
                [
                    "202201",
                    18
                ]
            ],
            "rank_gap":-5
        },
        {
            "index":68,
            "아파트명":"통영코아루2단지",
            "투자타입":"일반",
            "전용면적(m2)":"93.13",
            "전용면적(평)":"28평",
            "법정동주소":"경상남도 통영시 광도면 죽림리 1604",
            "도로명주소":"경상남도 통영시 향교옆길 33-32",
            "세대수":0,
            "입주년차":80,
            "용적률점수":"--",
            "건폐율점수":"--",
            "세대당주차수":30,
            "난방방식":30,
            "공급면적":"--",
            "전용률":"--",
            "욕실수":100,
            "현관타입":100,
            "주거총점":43.5,
            "지역구공급총점":0.0,
            "역세권":"NA",
            "30분내 이동가능 거점":"NA",
            "1시간내 이동가능 거점":"NA",
            "교통총점":"NA",
            "백화점":0,
            "아울렛몰":0,
            "대형마트":80,
            "은행":0,
            "병원":0,
            "종합병원":80,
            "공원":100,
            "혐오시설":0,
            "인프라총점":31.0,
            "초등학군":90.01,
            "중학군":50.52,
            "학군총점":58.418,
            "인구수":13.06,
            "인구증감":-10.98,
            "인구총점":5.848,
            "일자리":7.02,
            "소득수준":51.77,
            "일자리총점":20.445,
            "가치 총점":42.2295,
            "매매실거래년":20220219.0,
            "매매실거래가":22000.0,
            "전세실거래년":20210814.0,
            "전세실거래가":18000.0,
            "전세가율":81.82,
            "장기전세가율평균":71.24,
            "전세가율거품지수":-10.58,
            "검색코드":115398,
            "세대수":151.0,
            "준공년월":"2018-08-24",
            "준공년차":5.0,
            "가까운역이름":"NA",
            "가까운역거리":"NA",
            "역세권여부":"NA",
            "30분이내주요거점역":"NA",
            "30분거점역이름":"NA",
            "1시간이내주요거점역":"NA",
            "1시간거점역이름":"NA",
            "3km이내백화점수":0,
            "5km이내아울렛몰수":0,
            "1km이내대형먀트수":1,
            "500m이내은행수":0,
            "500m이내병원수":0,
            "5km이내대형병원수":1,
            "500m이내공원수":2,
            "3km이내혐오시설수":0,
            "초등학교학업성취도":90.01,
            "중학교학업성취도":84.2,
            "용적률":189,
            "건폐율":16,
            "Y":34.87465,
            "X":128.41205,
            "rank":24.0,
            "area_info":"28평(93.13), 34평(112.73), 33평(112.21)",
            "last_sales":"2022-02-19,22000.0,28평(93.13)",
            "rank_history":[
                [
                    "202203",
                    24
                ],
                [
                    "202202",
                    20
                ],
                [
                    "202201",
                    25
                ]
            ],
            "rank_gap":-4
        },
        {
            "index":37,
            "아파트명":"죽림듀크하임빌",
            "투자타입":"일반",
            "전용면적(m2)":"96.56",
            "전용면적(평)":"29평",
            "법정동주소":"경상남도 통영시 광도면 죽림리 1585-2",
            "도로명주소":"경상남도 통영시 신죽1길 70",
            "세대수":0,
            "입주년차":60,
            "용적률점수":"--",
            "건폐율점수":"--",
            "세대당주차수":30,
            "난방방식":30,
            "공급면적":"--",
            "전용률":"--",
            "욕실수":100,
            "현관타입":100,
            "주거총점":39.5,
            "지역구공급총점":0.0,
            "역세권":"NA",
            "30분내 이동가능 거점":"NA",
            "1시간내 이동가능 거점":"NA",
            "교통총점":"NA",
            "백화점":0,
            "아울렛몰":0,
            "대형마트":100,
            "은행":0,
            "병원":10,
            "종합병원":80,
            "공원":80,
            "혐오시설":0,
            "인프라총점":34.4,
            "초등학군":90.01,
            "중학군":50.52,
            "학군총점":58.418,
            "인구수":13.06,
            "인구증감":-10.98,
            "인구총점":5.848,
            "일자리":7.02,
            "소득수준":51.77,
            "일자리총점":20.445,
            "가치 총점":42.1895,
            "매매실거래년":"18000101",
            "매매실거래가":null,
            "전세실거래년":null,
            "전세실거래가":null,
            "전세가율":null,
            "장기전세가율평균":71.24,
            "전세가율거품지수":null,
            "검색코드":101740,
            "세대수":61.0,
            "준공년월":"2010-04-20",
            "준공년차":13.0,
            "가까운역이름":"NA",
            "가까운역거리":"NA",
            "역세권여부":"NA",
            "30분이내주요거점역":"NA",
            "30분거점역이름":"NA",
            "1시간이내주요거점역":"NA",
            "1시간거점역이름":"NA",
            "3km이내백화점수":0,
            "5km이내아울렛몰수":0,
            "1km이내대형먀트수":3,
            "500m이내은행수":1,
            "500m이내병원수":2,
            "5km이내대형병원수":1,
            "500m이내공원수":1,
            "3km이내혐오시설수":0,
            "초등학교학업성취도":90.01,
            "중학교학업성취도":84.2,
            "용적률":103,
            "건폐율":35,
            "Y":34.8745,
            "X":128.417304,
            "rank":25.0,
            "area_info":"29평(96.56), 29평(96.56), 29평(96.56), 35평(117.41), 35평(117.41)",
            "last_sales":"1800-01-01,nan,29평(96.56)",
            "rank_history":[
                [
                    "202203",
                    25
                ],
                [
                    "202202",
                    9999
                ]
            ],
            "rank_gap":9999
        },
        {
            "index":416,
            "아파트명":"통영청구하이츠",
            "투자타입":"일반",
            "전용면적(m2)":"77.77",
            "전용면적(평)":"23평",
            "법정동주소":"경상남도 통영시 용남면 동달리 945-7",
            "도로명주소":"경상남도 통영시 대곡길 12",
            "세대수":80,
            "입주년차":20,
            "용적률점수":"--",
            "건폐율점수":"--",
            "세대당주차수":0,
            "난방방식":30,
            "공급면적":"--",
            "전용률":"--",
            "욕실수":50,
            "현관타입":100,
            "주거총점":50.0,
            "지역구공급총점":0.0,
            "역세권":"NA",
            "30분내 이동가능 거점":"NA",
            "1시간내 이동가능 거점":"NA",
            "교통총점":"NA",
            "백화점":0,
            "아울렛몰":0,
            "대형마트":80,
            "은행":0,
            "병원":0,
            "종합병원":80,
            "공원":80,
            "혐오시설":0,
            "인프라총점":30.4,
            "초등학군":89.99,
            "중학군":36.82,
            "학군총점":47.454,
            "인구수":13.06,
            "인구증감":-10.98,
            "인구총점":5.848,
            "일자리":7.02,
            "소득수준":51.77,
            "일자리총점":20.445,
            "가치 총점":41.5235,
            "매매실거래년":20220219.0,
            "매매실거래가":11000.0,
            "전세실거래년":20200310.0,
            "전세실거래가":9000.0,
            "전세가율":81.82,
            "장기전세가율평균":71.24,
            "전세가율거품지수":-10.58,
            "검색코드":16916,
            "세대수":840.0,
            "준공년월":"2000-09-04",
            "준공년차":23.0,
            "가까운역이름":"NA",
            "가까운역거리":"NA",
            "역세권여부":"NA",
            "30분이내주요거점역":"NA",
            "30분거점역이름":"NA",
            "1시간이내주요거점역":"NA",
            "1시간거점역이름":"NA",
            "3km이내백화점수":0,
            "5km이내아울렛몰수":0,
            "1km이내대형먀트수":1,
            "500m이내은행수":0,
            "500m이내병원수":0,
            "5km이내대형병원수":1,
            "500m이내공원수":1,
            "3km이내혐오시설수":0,
            "초등학교학업성취도":89.99,
            "중학교학업성취도":60.7,
            "용적률":183,
            "건폐율":13,
            "Y":34.865848,
            "X":128.439649,
            "rank":26.0,
            "area_info":"23평(77.77), 27평(90.32), 32평(106.06), 49평(165.27)",
            "last_sales":"2022-02-19,11000.0,23평(77.77)",
            "rank_history":[
                [
                    "202203",
                    26
                ],
                [
                    "202202",
                    21
                ],
                [
                    "202201",
                    30
                ]
            ],
            "rank_gap":-5
        },
        {
            "index":0,
            "아파트명":"다임솔카운티",
            "투자타입":"일반",
            "전용면적(m2)":"77.03",
            "전용면적(평)":"23평",
            "법정동주소":"경상남도 통영시 광도면 죽림리 1567-7",
            "도로명주소":"경상남도 통영시 죽림3로 23-57",
            "세대수":0,
            "입주년차":60,
            "용적률점수":"--",
            "건폐율점수":"--",
            "세대당주차수":0,
            "난방방식":30,
            "공급면적":"--",
            "전용률":"--",
            "욕실수":50,
            "현관타입":100,
            "주거총점":30.0,
            "지역구공급총점":0.0,
            "역세권":"NA",
            "30분내 이동가능 거점":"NA",
            "1시간내 이동가능 거점":"NA",
            "교통총점":"NA",
            "백화점":0,
            "아울렛몰":0,
            "대형마트":100,
            "은행":0,
            "병원":60,
            "종합병원":80,
            "공원":100,
            "혐오시설":0,
            "인프라총점":40.0,
            "초등학군":90.0,
            "중학군":50.52,
            "학군총점":58.416,
            "인구수":13.06,
            "인구증감":-10.98,
            "인구총점":5.848,
            "일자리":7.02,
            "소득수준":51.77,
            "일자리총점":20.445,
            "가치 총점":41.104,
            "매매실거래년":20211224.0,
            "매매실거래가":13000.0,
            "전세실거래년":20180801.0,
            "전세실거래가":10000.0,
            "전세가율":69.44,
            "장기전세가율평균":71.24,
            "전세가율거품지수":1.8,
            "검색코드":105225,
            "세대수":53.0,
            "준공년월":"2010-02-11",
            "준공년차":13.0,
            "가까운역이름":"NA",
            "가까운역거리":"NA",
            "역세권여부":"NA",
            "30분이내주요거점역":"NA",
            "30분거점역이름":"NA",
            "1시간이내주요거점역":"NA",
            "1시간거점역이름":"NA",
            "3km이내백화점수":0,
            "5km이내아울렛몰수":0,
            "1km이내대형먀트수":4,
            "500m이내은행수":1,
            "500m이내병원수":10,
            "5km이내대형병원수":1,
            "500m이내공원수":4,
            "3km이내혐오시설수":0,
            "초등학교학업성취도":90.0,
            "중학교학업성취도":84.2,
            "용적률":155,
            "건폐율":36,
            "Y":34.885385,
            "X":128.415915,
            "rank":27.0,
            "area_info":"23평(77.03), 25평(82.89), 28평(95.61)",
            "last_sales":"2021-12-24,13000.0,25평(82.89)",
            "rank_history":[
                [
                    "202203",
                    27
                ],
                [
                    "202202",
                    9999
                ]
            ],
            "rank_gap":9999
        },
        {
            "index":6,
            "아파트명":"신원아르시스",
            "투자타입":"일반",
            "전용면적(m2)":"84.68",
            "전용면적(평)":"25평",
            "법정동주소":"경상남도 통영시 광도면 죽림리 1575-3",
            "도로명주소":"경상남도 통영시 죽림3로 36",
            "세대수":0,
            "입주년차":40,
            "용적률점수":"--",
            "건폐율점수":"--",
            "세대당주차수":0,
            "난방방식":30,
            "공급면적":"--",
            "전용률":"--",
            "욕실수":50,
            "현관타입":100,
            "주거총점":26.0,
            "지역구공급총점":0.0,
            "역세권":"NA",
            "30분내 이동가능 거점":"NA",
            "1시간내 이동가능 거점":"NA",
            "교통총점":"NA",
            "백화점":0,
            "아울렛몰":0,
            "대형마트":100,
            "은행":0,
            "병원":60,
            "종합병원":80,
            "공원":100,
            "혐오시설":0,
            "인프라총점":40.0,
            "초등학군":90.0,
            "중학군":50.52,
            "학군총점":58.416,
            "인구수":13.06,
            "인구증감":-10.98,
            "인구총점":5.848,
            "일자리":7.02,
            "소득수준":51.77,
            "일자리총점":20.445,
            "가치 총점":39.704,
            "매매실거래년":20220106.0,
            "매매실거래가":19450.0,
            "전세실거래년":20200214.0,
            "전세실거래가":13000.0,
            "전세가율":66.84,
            "장기전세가율평균":71.24,
            "전세가율거품지수":4.4,
            "검색코드":104865,
            "세대수":146.0,
            "준공년월":"2007-03-30",
            "준공년차":16.0,
            "가까운역이름":"NA",
            "가까운역거리":"NA",
            "역세권여부":"NA",
            "30분이내주요거점역":"NA",
            "30분거점역이름":"NA",
            "1시간이내주요거점역":"NA",
            "1시간거점역이름":"NA",
            "3km이내백화점수":0,
            "5km이내아울렛몰수":0,
            "1km이내대형먀트수":4,
            "500m이내은행수":1,
            "500m이내병원수":15,
            "5km이내대형병원수":1,
            "500m이내공원수":5,
            "3km이내혐오시설수":0,
            "초등학교학업성취도":90.0,
            "중학교학업성취도":84.2,
            "용적률":212,
            "건폐율":23,
            "Y":34.88189,
            "X":128.417877,
            "rank":28.0,
            "area_info":"25평(84.68), 32평(105.89)",
            "last_sales":"2022-01-06,19450.0,25평(84.68)",
            "rank_history":[
                [
                    "202203",
                    28
                ],
                [
                    "202202",
                    22
                ],
                [
                    "202201",
                    21
                ]
            ],
            "rank_gap":-6
        },
        {
            "index":8,
            "아파트명":"일성유수안",
            "투자타입":"일반",
            "전용면적(m2)":"84.97",
            "전용면적(평)":"25평",
            "법정동주소":"경상남도 통영시 광도면 죽림리 292-35",
            "도로명주소":"경상남도 통영시 죽림2로 14-23",
            "세대수":0,
            "입주년차":40,
            "용적률점수":"--",
            "건폐율점수":"--",
            "세대당주차수":0,
            "난방방식":30,
            "공급면적":"--",
            "전용률":"--",
            "욕실수":50,
            "현관타입":100,
            "주거총점":26.0,
            "지역구공급총점":0.0,
            "역세권":"NA",
            "30분내 이동가능 거점":"NA",
            "1시간내 이동가능 거점":"NA",
            "교통총점":"NA",
            "백화점":0,
            "아울렛몰":0,
            "대형마트":100,
            "은행":0,
            "병원":60,
            "종합병원":80,
            "공원":100,
            "혐오시설":0,
            "인프라총점":40.0,
            "초등학군":90.0,
            "중학군":50.52,
            "학군총점":58.416,
            "인구수":13.06,
            "인구증감":-10.98,
            "인구총점":5.848,
            "일자리":7.02,
            "소득수준":51.77,
            "일자리총점":20.445,
            "가치 총점":39.704,
            "매매실거래년":20211205.0,
            "매매실거래가":23500.0,
            "전세실거래년":20210220.0,
            "전세실거래가":13000.0,
            "전세가율":79.75,
            "장기전세가율평균":71.24,
            "전세가율거품지수":-8.51,
            "검색코드":100928,
            "세대수":248.0,
            "준공년월":"2008-04-30",
            "준공년차":15.0,
            "가까운역이름":"NA",
            "가까운역거리":"NA",
            "역세권여부":"NA",
            "30분이내주요거점역":"NA",
            "30분거점역이름":"NA",
            "1시간이내주요거점역":"NA",
            "1시간거점역이름":"NA",
            "3km이내백화점수":0,
            "5km이내아울렛몰수":0,
            "1km이내대형먀트수":4,
            "500m이내은행수":1,
            "500m이내병원수":10,
            "5km이내대형병원수":1,
            "500m이내공원수":4,
            "3km이내혐오시설수":0,
            "초등학교학업성취도":90.0,
            "중학교학업성취도":84.2,
            "용적률":228,
            "건폐율":29,
            "Y":34.879261,
            "X":128.414298,
            "rank":28.0,
            "area_info":"25평(84.97), 34평(112.83), 37평(122.94)",
            "last_sales":"2021-12-05,23500.0,37평(122.94)",
            "rank_history":[
                [
                    "202203",
                    28
                ],
                [
                    "202202",
                    22
                ],
                [
                    "202201",
                    26
                ]
            ],
            "rank_gap":-6
        },
        {
            "index":185,
            "아파트명":"무전희가로",
            "투자타입":"일반",
            "전용면적(m2)":"81.94",
            "전용면적(평)":"24평",
            "법정동주소":"경상남도 통영시 무전동 1015-1",
            "도로명주소":"경상남도 통영시 무전대로 12-50",
            "세대수":0,
            "입주년차":60,
            "용적률점수":"--",
            "건폐율점수":"--",
            "세대당주차수":30,
            "난방방식":30,
            "공급면적":"--",
            "전용률":"--",
            "욕실수":100,
            "현관타입":100,
            "주거총점":39.5,
            "지역구공급총점":0.0,
            "역세권":"NA",
            "30분내 이동가능 거점":"NA",
            "1시간내 이동가능 거점":"NA",
            "교통총점":"NA",
            "백화점":0,
            "아울렛몰":0,
            "대형마트":100,
            "은행":0,
            "병원":30,
            "종합병원":80,
            "공원":100,
            "혐오시설":-100,
            "인프라총점":35.0,
            "초등학군":89.99,
            "중학군":36.82,
            "학군총점":47.454,
            "인구수":13.06,
            "인구증감":-10.98,
            "인구총점":5.848,
            "일자리":7.02,
            "소득수준":51.77,
            "일자리총점":20.445,
            "가치 총점":39.6885,
            "매매실거래년":20211229.0,
            "매매실거래가":30200.0,
            "전세실거래년":20200214.0,
            "전세실거래가":15000.0,
            "전세가율":69.12,
            "장기전세가율평균":71.24,
            "전세가율거품지수":2.12,
            "검색코드":109738,
            "세대수":144.0,
            "준공년월":"2013-08-29",
            "준공년차":10.0,
            "가까운역이름":"NA",
            "가까운역거리":"NA",
            "역세권여부":"NA",
            "30분이내주요거점역":"NA",
            "30분거점역이름":"NA",
            "1시간이내주요거점역":"NA",
            "1시간거점역이름":"NA",
            "3km이내백화점수":0,
            "5km이내아울렛몰수":0,
            "1km이내대형먀트수":2,
            "500m이내은행수":1,
            "500m이내병원수":9,
            "5km이내대형병원수":1,
            "500m이내공원수":3,
            "3km이내혐오시설수":4,
            "초등학교학업성취도":89.99,
            "중학교학업성취도":60.7,
            "용적률":220,
            "건폐율":21,
            "Y":34.859756,
            "X":128.421352,
            "rank":29.0,
            "area_info":"24평(81.94), 32평(106.71), 33평(111.49)",
            "last_sales":"2021-12-29,30200.0,33평(111.49)",
            "rank_history":[
                [
                    "202203",
                    29
                ],
                [
                    "202202",
                    23
                ],
                [
                    "202201",
                    20
                ]
            ],
            "rank_gap":-6
        },
        {
            "index":210,
            "아파트명":"주영에이스빌4차",
            "투자타입":"일반",
            "전용면적(m2)":"93.73",
            "전용면적(평)":"28평",
            "법정동주소":"경상남도 통영시 무전동 1021-1",
            "도로명주소":"경상남도 통영시 무전4길 10",
            "세대수":0,
            "입주년차":20,
            "용적률점수":"--",
            "건폐율점수":"--",
            "세대당주차수":0,
            "난방방식":30,
            "공급면적":"--",
            "전용률":"--",
            "욕실수":100,
            "현관타입":100,
            "주거총점":27.0,
            "지역구공급총점":0.0,
            "역세권":"NA",
            "30분내 이동가능 거점":"NA",
            "1시간내 이동가능 거점":"NA",
            "교통총점":"NA",
            "백화점":0,
            "아울렛몰":0,
            "대형마트":100,
            "은행":20,
            "병원":80,
            "종합병원":80,
            "공원":100,
            "혐오시설":0,
            "인프라총점":44.0,
            "초등학군":89.99,
            "중학군":36.82,
            "학군총점":47.454,
            "인구수":13.06,
            "인구증감":-10.98,
            "인구총점":5.848,
            "일자리":7.02,
            "소득수준":51.77,
            "일자리총점":20.445,
            "가치 총점":38.9135,
            "매매실거래년":20220110.0,
            "매매실거래가":22350.0,
            "전세실거래년":20150211.0,
            "전세실거래가":19000.0,
            "전세가율":85.01,
            "장기전세가율평균":71.24,
            "전세가율거품지수":-13.77,
            "검색코드":101117,
            "세대수":112.0,
            "준공년월":"2003-01-30",
            "준공년차":20.0,
            "가까운역이름":"NA",
            "가까운역거리":"NA",
            "역세권여부":"NA",
            "30분이내주요거점역":"NA",
            "30분거점역이름":"NA",
            "1시간이내주요거점역":"NA",
            "1시간거점역이름":"NA",
            "3km이내백화점수":0,
            "5km이내아울렛몰수":0,
            "1km이내대형먀트수":2,
            "500m이내은행수":2,
            "500m이내병원수":33,
            "5km이내대형병원수":1,
            "500m이내공원수":4,
            "3km이내혐오시설수":0,
            "초등학교학업성취도":89.99,
            "중학교학업성취도":60.7,
            "용적률":299,
            "건폐율":48,
            "Y":34.85997,
            "X":128.42435,
            "rank":30.0,
            "area_info":"28평(93.73), 30평(99.72)",
            "last_sales":"2022-01-10,22350.0,28평(93.73)",
            "rank_history":[
                [
                    "202203",
                    30
                ],
                [
                    "202202",
                    25
                ],
                [
                    "202201",
                    28
                ]
            ],
            "rank_gap":-5
        },
        {
            "index":203,
            "아파트명":"주영에이스빌2차",
            "투자타입":"일반",
            "전용면적(m2)":"86.56",
            "전용면적(평)":"26평",
            "법정동주소":"경상남도 통영시 무전동 1028-7",
            "도로명주소":"경상남도 통영시 무전6길 22-8",
            "세대수":0,
            "입주년차":20,
            "용적률점수":"--",
            "건폐율점수":"--",
            "세대당주차수":0,
            "난방방식":30,
            "공급면적":"--",
            "전용률":"--",
            "욕실수":100,
            "현관타입":100,
            "주거총점":27.0,
            "지역구공급총점":0.0,
            "역세권":"NA",
            "30분내 이동가능 거점":"NA",
            "1시간내 이동가능 거점":"NA",
            "교통총점":"NA",
            "백화점":0,
            "아울렛몰":0,
            "대형마트":100,
            "은행":20,
            "병원":80,
            "종합병원":80,
            "공원":100,
            "혐오시설":0,
            "인프라총점":44.0,
            "초등학군":89.99,
            "중학군":36.82,
            "학군총점":47.454,
            "인구수":13.06,
            "인구증감":-10.98,
            "인구총점":5.848,
            "일자리":7.02,
            "소득수준":51.77,
            "일자리총점":20.445,
            "가치 총점":38.9135,
            "매매실거래년":20210622.0,
            "매매실거래가":21000.0,
            "전세실거래년":20190109.0,
            "전세실거래가":10000.0,
            "전세가율":47.62,
            "장기전세가율평균":71.24,
            "전세가율거품지수":23.62,
            "검색코드":101114,
            "세대수":108.0,
            "준공년월":"2002-08-14",
            "준공년차":21.0,
            "가까운역이름":"NA",
            "가까운역거리":"NA",
            "역세권여부":"NA",
            "30분이내주요거점역":"NA",
            "30분거점역이름":"NA",
            "1시간이내주요거점역":"NA",
            "1시간거점역이름":"NA",
            "3km이내백화점수":0,
            "5km이내아울렛몰수":0,
            "1km이내대형먀트수":2,
            "500m이내은행수":2,
            "500m이내병원수":54,
            "5km이내대형병원수":1,
            "500m이내공원수":3,
            "3km이내혐오시설수":0,
            "초등학교학업성취도":89.99,
            "중학교학업성취도":60.7,
            "용적률":506,
            "건폐율":62,
            "Y":34.859245,
            "X":128.425462,
            "rank":30.0,
            "area_info":"26평(86.56), 29평(97.71)",
            "last_sales":"2021-06-22,21000.0,26평(86.56)",
            "rank_history":[
                [
                    "202203",
                    30
                ],
                [
                    "202202",
                    25
                ],
                [
                    "202201",
                    23
                ]
            ],
            "rank_gap":-5
        },
        {
            "index":225,
            "아파트명":"진우하이빌3차",
            "투자타입":"일반",
            "전용면적(m2)":"97.15",
            "전용면적(평)":"29평",
            "법정동주소":"경상남도 통영시 무전동 1032-5",
            "도로명주소":"경상남도 통영시 무전8길 22-55",
            "세대수":0,
            "입주년차":20,
            "용적률점수":"--",
            "건폐율점수":"--",
            "세대당주차수":0,
            "난방방식":30,
            "공급면적":"--",
            "전용률":"--",
            "욕실수":100,
            "현관타입":100,
            "주거총점":27.0,
            "지역구공급총점":0.0,
            "역세권":"NA",
            "30분내 이동가능 거점":"NA",
            "1시간내 이동가능 거점":"NA",
            "교통총점":"NA",
            "백화점":0,
            "아울렛몰":0,
            "대형마트":100,
            "은행":20,
            "병원":80,
            "종합병원":80,
            "공원":100,
            "혐오시설":0,
            "인프라총점":44.0,
            "초등학군":89.99,
            "중학군":36.82,
            "학군총점":47.454,
            "인구수":13.06,
            "인구증감":-10.98,
            "인구총점":5.848,
            "일자리":7.02,
            "소득수준":51.77,
            "일자리총점":20.445,
            "가치 총점":38.9135,
            "매매실거래년":20210827.0,
            "매매실거래가":24000.0,
            "전세실거래년":null,
            "전세실거래가":null,
            "전세가율":null,
            "장기전세가율평균":71.24,
            "전세가율거품지수":null,
            "검색코드":101120,
            "세대수":100.0,
            "준공년월":"2003-03-10",
            "준공년차":20.0,
            "가까운역이름":"NA",
            "가까운역거리":"NA",
            "역세권여부":"NA",
            "30분이내주요거점역":"NA",
            "30분거점역이름":"NA",
            "1시간이내주요거점역":"NA",
            "1시간거점역이름":"NA",
            "3km이내백화점수":0,
            "5km이내아울렛몰수":0,
            "1km이내대형먀트수":2,
            "500m이내은행수":2,
            "500m이내병원수":53,
            "5km이내대형병원수":1,
            "500m이내공원수":3,
            "3km이내혐오시설수":0,
            "초등학교학업성취도":89.99,
            "중학교학업성취도":60.7,
            "용적률":511,
            "건폐율":63,
            "Y":34.858647,
            "X":128.426465,
            "rank":30.0,
            "area_info":"29평(97.15), 30평(101.95), 42평(139.89)",
            "last_sales":"2021-08-27,24000.0,42평(139.89)",
            "rank_history":[
                [
                    "202203",
                    30
                ],
                [
                    "202202",
                    25
                ],
                [
                    "202201",
                    23
                ]
            ],
            "rank_gap":-5
        },
        {
            "index":221,
            "아파트명":"진우하이빌2차",
            "투자타입":"일반",
            "전용면적(m2)":"98.45",
            "전용면적(평)":"29평",
            "법정동주소":"경상남도 통영시 무전동 1031-7",
            "도로명주소":"경상남도 통영시 무전8길 22-16",
            "세대수":0,
            "입주년차":20,
            "용적률점수":"--",
            "건폐율점수":"--",
            "세대당주차수":0,
            "난방방식":30,
            "공급면적":"--",
            "전용률":"--",
            "욕실수":100,
            "현관타입":100,
            "주거총점":27.0,
            "지역구공급총점":0.0,
            "역세권":"NA",
            "30분내 이동가능 거점":"NA",
            "1시간내 이동가능 거점":"NA",
            "교통총점":"NA",
            "백화점":0,
            "아울렛몰":0,
            "대형마트":100,
            "은행":20,
            "병원":80,
            "종합병원":80,
            "공원":100,
            "혐오시설":0,
            "인프라총점":44.0,
            "초등학군":89.99,
            "중학군":36.82,
            "학군총점":47.454,
            "인구수":13.06,
            "인구증감":-10.98,
            "인구총점":5.848,
            "일자리":7.02,
            "소득수준":51.77,
            "일자리총점":20.445,
            "가치 총점":38.9135,
            "매매실거래년":20211026.0,
            "매매실거래가":25500.0,
            "전세실거래년":null,
            "전세실거래가":null,
            "전세가율":null,
            "장기전세가율평균":71.24,
            "전세가율거품지수":null,
            "검색코드":101119,
            "세대수":88.0,
            "준공년월":"2002-08-20",
            "준공년차":21.0,
            "가까운역이름":"NA",
            "가까운역거리":"NA",
            "역세권여부":"NA",
            "30분이내주요거점역":"NA",
            "30분거점역이름":"NA",
            "1시간이내주요거점역":"NA",
            "1시간거점역이름":"NA",
            "3km이내백화점수":0,
            "5km이내아울렛몰수":0,
            "1km이내대형먀트수":2,
            "500m이내은행수":2,
            "500m이내병원수":52,
            "5km이내대형병원수":1,
            "500m이내공원수":3,
            "3km이내혐오시설수":0,
            "초등학교학업성취도":89.99,
            "중학교학업성취도":60.7,
            "용적률":524,
            "건폐율":64,
            "Y":34.859141,
            "X":128.426949,
            "rank":30.0,
            "area_info":"29평(98.45), 33평(109.4), 40평(133.72), 42평(141.53)",
            "last_sales":"2021-10-26,25500.0,42평(141.53)",
            "rank_history":[
                [
                    "202203",
                    30
                ],
                [
                    "202202",
                    9999
                ]
            ],
            "rank_gap":9999
        },
        {
            "index":219,
            "아파트명":"진우하이빌1차",
            "투자타입":"일반",
            "전용면적(m2)":"96.96",
            "전용면적(평)":"29평",
            "법정동주소":"경상남도 통영시 무전동 1034-7",
            "도로명주소":"경상남도 통영시 무전8길 13-38",
            "세대수":0,
            "입주년차":20,
            "용적률점수":"--",
            "건폐율점수":"--",
            "세대당주차수":0,
            "난방방식":30,
            "공급면적":"--",
            "전용률":"--",
            "욕실수":100,
            "현관타입":100,
            "주거총점":27.0,
            "지역구공급총점":0.0,
            "역세권":"NA",
            "30분내 이동가능 거점":"NA",
            "1시간내 이동가능 거점":"NA",
            "교통총점":"NA",
            "백화점":0,
            "아울렛몰":0,
            "대형마트":100,
            "은행":20,
            "병원":80,
            "종합병원":80,
            "공원":100,
            "혐오시설":0,
            "인프라총점":44.0,
            "초등학군":89.99,
            "중학군":36.82,
            "학군총점":47.454,
            "인구수":13.06,
            "인구증감":-10.98,
            "인구총점":5.848,
            "일자리":7.02,
            "소득수준":51.77,
            "일자리총점":20.445,
            "가치 총점":38.9135,
            "매매실거래년":20210506.0,
            "매매실거래가":18500.0,
            "전세실거래년":20170126.0,
            "전세실거래가":18000.0,
            "전세가율":97.3,
            "장기전세가율평균":71.24,
            "전세가율거품지수":-26.06,
            "검색코드":16879,
            "세대수":79.0,
            "준공년월":"2001-11-03",
            "준공년차":22.0,
            "가까운역이름":"NA",
            "가까운역거리":"NA",
            "역세권여부":"NA",
            "30분이내주요거점역":"NA",
            "30분거점역이름":"NA",
            "1시간이내주요거점역":"NA",
            "1시간거점역이름":"NA",
            "3km이내백화점수":0,
            "5km이내아울렛몰수":0,
            "1km이내대형먀트수":2,
            "500m이내은행수":2,
            "500m이내병원수":56,
            "5km이내대형병원수":1,
            "500m이내공원수":2,
            "3km이내혐오시설수":0,
            "초등학교학업성취도":89.99,
            "중학교학업성취도":60.7,
            "용적률":470,
            "건폐율":79,
            "Y":34.85811,
            "X":128.427884,
            "rank":30.0,
            "area_info":"29평(96.96), 29평(97.08)",
            "last_sales":"2021-05-06,18500.0,29평(96.96)",
            "rank_history":[
                [
                    "202203",
                    30
                ],
                [
                    "202202",
                    9999
                ]
            ],
            "rank_gap":9999
        },
        {
            "index":71,
            "아파트명":"통영현대성우오스타1단지",
            "투자타입":"일반",
            "전용면적(m2)":"89.2",
            "전용면적(평)":"26평",
            "법정동주소":"경상남도 통영시 광도면 안정리 1075",
            "도로명주소":"경상남도 통영시 안정1길 53",
            "세대수":50,
            "입주년차":60,
            "용적률점수":"--",
            "건폐율점수":"--",
            "세대당주차수":30,
            "난방방식":30,
            "공급면적":"--",
            "전용률":"--",
            "욕실수":100,
            "현관타입":100,
            "주거총점":57.0,
            "지역구공급총점":0.0,
            "역세권":"NA",
            "30분내 이동가능 거점":"NA",
            "1시간내 이동가능 거점":"NA",
            "교통총점":"NA",
            "백화점":0,
            "아울렛몰":0,
            "대형마트":80,
            "은행":0,
            "병원":0,
            "종합병원":0,
            "공원":100,
            "혐오시설":0,
            "인프라총점":15.0,
            "초등학군":90.0,
            "중학군":42.0,
            "학군총점":51.6,
            "인구수":13.06,
            "인구증감":-10.98,
            "인구총점":5.848,
            "일자리":7.02,
            "소득수준":51.77,
            "일자리총점":20.445,
            "가치 총점":38.85,
            "매매실거래년":20220213.0,
            "매매실거래가":16500.0,
            "전세실거래년":20210731.0,
            "전세실거래가":10000.0,
            "전세가율":71.43,
            "장기전세가율평균":71.24,
            "전세가율거품지수":-0.19,
            "검색코드":27170,
            "세대수":540.0,
            "준공년월":"2010-02-25",
            "준공년차":13.0,
            "가까운역이름":"NA",
            "가까운역거리":"NA",
            "역세권여부":"NA",
            "30분이내주요거점역":"NA",
            "30분거점역이름":"NA",
            "1시간이내주요거점역":"NA",
            "1시간거점역이름":"NA",
            "3km이내백화점수":0,
            "5km이내아울렛몰수":0,
            "1km이내대형먀트수":1,
            "500m이내은행수":0,
            "500m이내병원수":0,
            "5km이내대형병원수":0,
            "500m이내공원수":2,
            "3km이내혐오시설수":0,
            "초등학교학업성취도":90.0,
            "중학교학업성취도":70.0,
            "용적률":246,
            "건폐율":19,
            "Y":34.945836,
            "X":128.410954,
            "rank":31.0,
            "area_info":"26평(89.2), 34평(114.46), 34평(115.1), 54평(178.65)",
            "last_sales":"2022-02-13,16500.0,34평(115.1)",
            "rank_history":[
                [
                    "202203",
                    31
                ],
                [
                    "202202",
                    24
                ],
                [
                    "202201",
                    41
                ]
            ],
            "rank_gap":-7
        },
        {
            "index":75,
            "아파트명":"통영현대성우오스타2단지",
            "투자타입":"일반",
            "전용면적(m2)":"89.41",
            "전용면적(평)":"27평",
            "법정동주소":"경상남도 통영시 광도면 안정리 1076",
            "도로명주소":"경상남도 통영시 안정1길 55",
            "세대수":50,
            "입주년차":60,
            "용적률점수":"--",
            "건폐율점수":"--",
            "세대당주차수":30,
            "난방방식":30,
            "공급면적":"--",
            "전용률":"--",
            "욕실수":100,
            "현관타입":100,
            "주거총점":57.0,
            "지역구공급총점":0.0,
            "역세권":"NA",
            "30분내 이동가능 거점":"NA",
            "1시간내 이동가능 거점":"NA",
            "교통총점":"NA",
            "백화점":0,
            "아울렛몰":0,
            "대형마트":80,
            "은행":0,
            "병원":0,
            "종합병원":0,
            "공원":100,
            "혐오시설":0,
            "인프라총점":15.0,
            "초등학군":90.0,
            "중학군":42.0,
            "학군총점":51.6,
            "인구수":13.06,
            "인구증감":-10.98,
            "인구총점":5.848,
            "일자리":7.02,
            "소득수준":51.77,
            "일자리총점":20.445,
            "가치 총점":38.85,
            "매매실거래년":20220108.0,
            "매매실거래가":15500.0,
            "전세실거래년":20200807.0,
            "전세실거래가":9000.0,
            "전세가율":64.29,
            "장기전세가율평균":71.24,
            "전세가율거품지수":6.95,
            "검색코드":27171,
            "세대수":401.0,
            "준공년월":"2010-05-26",
            "준공년차":13.0,
            "가까운역이름":"NA",
            "가까운역거리":"NA",
            "역세권여부":"NA",
            "30분이내주요거점역":"NA",
            "30분거점역이름":"NA",
            "1시간이내주요거점역":"NA",
            "1시간거점역이름":"NA",
            "3km이내백화점수":0,
            "5km이내아울렛몰수":0,
            "1km이내대형먀트수":1,
            "500m이내은행수":0,
            "500m이내병원수":0,
            "5km이내대형병원수":0,
            "500m이내공원수":2,
            "3km이내혐오시설수":0,
            "초등학교학업성취도":90.0,
            "중학교학업성취도":70.0,
            "용적률":246,
            "건폐율":20,
            "Y":34.946249,
            "X":128.408985,
            "rank":31.0,
            "area_info":"27평(89.41), 34평(114.73), 34평(115.37), 54평(179.07)",
            "last_sales":"2022-01-08,15500.0,34평(115.37)",
            "rank_history":[
                [
                    "202203",
                    31
                ],
                [
                    "202202",
                    24
                ],
                [
                    "202201",
                    41
                ]
            ],
            "rank_gap":-7
        },
        {
            "index":170,
            "아파트명":"동성테크빌",
            "투자타입":"일반",
            "전용면적(m2)":"79.49",
            "전용면적(평)":"24평",
            "법정동주소":"경상남도 통영시 무전동 1033-9",
            "도로명주소":"경상남도 통영시 무전8길 34",
            "세대수":0,
            "입주년차":20,
            "용적률점수":"--",
            "건폐율점수":"--",
            "세대당주차수":30,
            "난방방식":30,
            "공급면적":"--",
            "전용률":"--",
            "욕실수":50,
            "현관타입":100,
            "주거총점":26.5,
            "지역구공급총점":0.0,
            "역세권":"NA",
            "30분내 이동가능 거점":"NA",
            "1시간내 이동가능 거점":"NA",
            "교통총점":"NA",
            "백화점":0,
            "아울렛몰":0,
            "대형마트":100,
            "은행":20,
            "병원":80,
            "종합병원":80,
            "공원":100,
            "혐오시설":0,
            "인프라총점":44.0,
            "초등학군":89.99,
            "중학군":36.82,
            "학군총점":47.454,
            "인구수":13.06,
            "인구증감":-10.98,
            "인구총점":5.848,
            "일자리":7.02,
            "소득수준":51.77,
            "일자리총점":20.445,
            "가치 총점":38.7385,
            "매매실거래년":20220114.0,
            "매매실거래가":19700.0,
            "전세실거래년":null,
            "전세실거래가":null,
            "전세가율":null,
            "장기전세가율평균":71.24,
            "전세가율거품지수":null,
            "검색코드":101121,
            "세대수":67.0,
            "준공년월":"2003-12-05",
            "준공년차":20.0,
            "가까운역이름":"NA",
            "가까운역거리":"NA",
            "역세권여부":"NA",
            "30분이내주요거점역":"NA",
            "30분거점역이름":"NA",
            "1시간이내주요거점역":"NA",
            "1시간거점역이름":"NA",
            "3km이내백화점수":0,
            "5km이내아울렛몰수":0,
            "1km이내대형먀트수":2,
            "500m이내은행수":2,
            "500m이내병원수":55,
            "5km이내대형병원수":1,
            "500m이내공원수":3,
            "3km이내혐오시설수":0,
            "초등학교학업성취도":89.99,
            "중학교학업성취도":60.7,
            "용적률":486,
            "건폐율":79,
            "Y":34.858437,
            "X":128.427098,
            "rank":32.0,
            "area_info":"24평(79.49), 24평(81.0), 31평(104.68), 31평(105.67)",
            "last_sales":"2022-01-14,19700.0,31평(105.67)",
            "rank_history":[
                [
                    "202203",
                    32
                ],
                [
                    "202202",
                    9999
                ]
            ],
            "rank_gap":9999
        },
        {
            "index":197,
            "아파트명":"일성한샘빌라2차",
            "투자타입":"일반",
            "전용면적(m2)":"80.5",
            "전용면적(평)":"24평",
            "법정동주소":"경상남도 통영시 무전동 1023-2",
            "도로명주소":"경상남도 통영시 무전4길 46-20",
            "세대수":0,
            "입주년차":20,
            "용적률점수":"--",
            "건폐율점수":"--",
            "세대당주차수":0,
            "난방방식":30,
            "공급면적":"--",
            "전용률":"--",
            "욕실수":100,
            "현관타입":100,
            "주거총점":27.0,
            "지역구공급총점":0.0,
            "역세권":"NA",
            "30분내 이동가능 거점":"NA",
            "1시간내 이동가능 거점":"NA",
            "교통총점":"NA",
            "백화점":0,
            "아울렛몰":0,
            "대형마트":100,
            "은행":20,
            "병원":80,
            "종합병원":80,
            "공원":100,
            "혐오시설":-50,
            "인프라총점":43.0,
            "초등학군":89.99,
            "중학군":36.82,
            "학군총점":47.454,
            "인구수":13.06,
            "인구증감":-10.98,
            "인구총점":5.848,
            "일자리":7.02,
            "소득수준":51.77,
            "일자리총점":20.445,
            "가치 총점":38.5135,
            "매매실거래년":20220128.0,
            "매매실거래가":18500.0,
            "전세실거래년":20190521.0,
            "전세실거래가":11000.0,
            "전세가율":59.46,
            "장기전세가율평균":71.24,
            "전세가율거품지수":11.78,
            "검색코드":100931,
            "세대수":106.0,
            "준공년월":"2002-06-20",
            "준공년차":21.0,
            "가까운역이름":"NA",
            "가까운역거리":"NA",
            "역세권여부":"NA",
            "30분이내주요거점역":"NA",
            "30분거점역이름":"NA",
            "1시간이내주요거점역":"NA",
            "1시간거점역이름":"NA",
            "3km이내백화점수":0,
            "5km이내아울렛몰수":0,
            "1km이내대형먀트수":2,
            "500m이내은행수":2,
            "500m이내병원수":34,
            "5km이내대형병원수":1,
            "500m이내공원수":3,
            "3km이내혐오시설수":1,
            "초등학교학업성취도":89.99,
            "중학교학업성취도":60.7,
            "용적률":246,
            "건폐율":25,
            "Y":34.858774,
            "X":128.423666,
            "rank":33.0,
            "area_info":"24평(80.5)",
            "last_sales":"2022-01-28,18500.0,24평(80.5)",
            "rank_history":[
                [
                    "202203",
                    33
                ],
                [
                    "202202",
                    26
                ],
                [
                    "202201",
                    31
                ]
            ],
            "rank_gap":-7
        },
        {
            "index":195,
            "아파트명":"일성한샘1차",
            "투자타입":"일반",
            "전용면적(m2)":"82.22",
            "전용면적(평)":"24평",
            "법정동주소":"경상남도 통영시 무전동 1024-1",
            "도로명주소":"경상남도 통영시 무전4길 46-8",
            "세대수":0,
            "입주년차":20,
            "용적률점수":"--",
            "건폐율점수":"--",
            "세대당주차수":30,
            "난방방식":30,
            "공급면적":"--",
            "전용률":"--",
            "욕실수":50,
            "현관타입":100,
            "주거총점":26.5,
            "지역구공급총점":0.0,
            "역세권":"NA",
            "30분내 이동가능 거점":"NA",
            "1시간내 이동가능 거점":"NA",
            "교통총점":"NA",
            "백화점":0,
            "아울렛몰":0,
            "대형마트":100,
            "은행":20,
            "병원":80,
            "종합병원":80,
            "공원":100,
            "혐오시설":-50,
            "인프라총점":43.0,
            "초등학군":89.99,
            "중학군":36.82,
            "학군총점":47.454,
            "인구수":13.06,
            "인구증감":-10.98,
            "인구총점":5.848,
            "일자리":7.02,
            "소득수준":51.77,
            "일자리총점":20.445,
            "가치 총점":38.3385,
            "매매실거래년":20220117.0,
            "매매실거래가":19400.0,
            "전세실거래년":null,
            "전세실거래가":null,
            "전세가율":null,
            "장기전세가율평균":71.24,
            "전세가율거품지수":null,
            "검색코드":16874,
            "세대수":102.0,
            "준공년월":"2001-11-30",
            "준공년차":22.0,
            "가까운역이름":"NA",
            "가까운역거리":"NA",
            "역세권여부":"NA",
            "30분이내주요거점역":"NA",
            "30분거점역이름":"NA",
            "1시간이내주요거점역":"NA",
            "1시간거점역이름":"NA",
            "3km이내백화점수":0,
            "5km이내아울렛몰수":0,
            "1km이내대형먀트수":2,
            "500m이내은행수":2,
            "500m이내병원수":50,
            "5km이내대형병원수":1,
            "500m이내공원수":3,
            "3km이내혐오시설수":1,
            "초등학교학업성취도":89.99,
            "중학교학업성취도":60.7,
            "용적률":0,
            "건폐율":0,
            "Y":34.858645,
            "X":128.4243,
            "rank":34.0,
            "area_info":"24평(82.22), 34평(113.63)",
            "last_sales":"2022-01-17,19400.0,34평(113.63)",
            "rank_history":[
                [
                    "202203",
                    34
                ],
                [
                    "202202",
                    27
                ],
                [
                    "202201",
                    27
                ]
            ],
            "rank_gap":-7
        },
        {
            "index":192,
            "아파트명":"일성르네상스",
            "투자타입":"일반",
            "전용면적(m2)":"80.28",
            "전용면적(평)":"24평",
            "법정동주소":"경상남도 통영시 무전동 1063",
            "도로명주소":"경상남도 통영시 무전5길 45",
            "세대수":0,
            "입주년차":20,
            "용적률점수":"--",
            "건폐율점수":"--",
            "세대당주차수":30,
            "난방방식":30,
            "공급면적":"--",
            "전용률":"--",
            "욕실수":50,
            "현관타입":100,
            "주거총점":26.5,
            "지역구공급총점":0.0,
            "역세권":"NA",
            "30분내 이동가능 거점":"NA",
            "1시간내 이동가능 거점":"NA",
            "교통총점":"NA",
            "백화점":0,
            "아울렛몰":0,
            "대형마트":100,
            "은행":20,
            "병원":60,
            "종합병원":80,
            "공원":100,
            "혐오시설":0,
            "인프라총점":42.0,
            "초등학군":89.99,
            "중학군":36.82,
            "학군총점":47.454,
            "인구수":13.06,
            "인구증감":-10.98,
            "인구총점":5.848,
            "일자리":7.02,
            "소득수준":51.77,
            "일자리총점":20.445,
            "가치 총점":37.9385,
            "매매실거래년":20211127.0,
            "매매실거래가":22200.0,
            "전세실거래년":20210417.0,
            "전세실거래가":12600.0,
            "전세가율":56.76,
            "장기전세가율평균":71.24,
            "전세가율거품지수":14.48,
            "검색코드":101123,
            "세대수":212.0,
            "준공년월":"2003-06-20",
            "준공년차":20.0,
            "가까운역이름":"NA",
            "가까운역거리":"NA",
            "역세권여부":"NA",
            "30분이내주요거점역":"NA",
            "30분거점역이름":"NA",
            "1시간이내주요거점역":"NA",
            "1시간거점역이름":"NA",
            "3km이내백화점수":0,
            "5km이내아울렛몰수":0,
            "1km이내대형먀트수":2,
            "500m이내은행수":2,
            "500m이내병원수":15,
            "5km이내대형병원수":1,
            "500m이내공원수":2,
            "3km이내혐오시설수":0,
            "초등학교학업성취도":89.99,
            "중학교학업성취도":60.7,
            "용적률":222,
            "건폐율":22,
            "Y":34.862318,
            "X":128.42574,
            "rank":35.0,
            "area_info":"24평(80.28), 34평(114.65), 48평(160.15)",
            "last_sales":"2021-11-27,22200.0,24평(80.28)",
            "rank_history":[
                [
                    "202203",
                    35
                ],
                [
                    "202202",
                    30
                ],
                [
                    "202201",
                    32
                ]
            ],
            "rank_gap":-5
        },
        {
            "index":489,
            "아파트명":"정량동원로얄듀크",
            "투자타입":"일반",
            "전용면적(m2)":"61.05",
            "전용면적(평)":"18평",
            "법정동주소":"경상남도 통영시 정량동 1427",
            "도로명주소":"경상남도 통영시 비석1길 28",
            "세대수":0,
            "입주년차":80,
            "용적률점수":"--",
            "건폐율점수":"--",
            "세대당주차수":30,
            "난방방식":30,
            "공급면적":"--",
            "전용률":"--",
            "욕실수":50,
            "현관타입":100,
            "주거총점":38.5,
            "지역구공급총점":0.0,
            "역세권":"NA",
            "30분내 이동가능 거점":"NA",
            "1시간내 이동가능 거점":"NA",
            "교통총점":"NA",
            "백화점":0,
            "아울렛몰":0,
            "대형마트":80,
            "은행":0,
            "병원":30,
            "종합병원":80,
            "공원":0,
            "혐오시설":0,
            "인프라총점":31.0,
            "초등학군":89.97,
            "중학군":36.82,
            "학군총점":47.45,
            "인구수":13.06,
            "인구증감":-10.98,
            "인구총점":5.848,
            "일자리":7.02,
            "소득수준":51.77,
            "일자리총점":20.445,
            "가치 총점":37.7375,
            "매매실거래년":20220223.0,
            "매매실거래가":27000.0,
            "전세실거래년":null,
            "전세실거래가":null,
            "전세가율":null,
            "장기전세가율평균":71.24,
            "전세가율거품지수":null,
            "검색코드":107660,
            "세대수":248.0,
            "준공년월":"2015-08-27",
            "준공년차":8.0,
            "가까운역이름":"NA",
            "가까운역거리":"NA",
            "역세권여부":"NA",
            "30분이내주요거점역":"NA",
            "30분거점역이름":"NA",
            "1시간이내주요거점역":"NA",
            "1시간거점역이름":"NA",
            "3km이내백화점수":0,
            "5km이내아울렛몰수":0,
            "1km이내대형먀트수":1,
            "500m이내은행수":0,
            "500m이내병원수":6,
            "5km이내대형병원수":1,
            "500m이내공원수":0,
            "3km이내혐오시설수":0,
            "초등학교학업성취도":89.97,
            "중학교학업성취도":60.7,
            "용적률":216,
            "건폐율":18,
            "Y":34.849728,
            "X":128.429951,
            "rank":36.0,
            "area_info":"18평(61.05), 20평(67.63), 20평(67.04), 22평(75.07), 23평(78.21), 23평(79.33), 23평(79.33), 24평(82.12), 24평(82.0), 26평(89.06), 27평(89.79), 29평(98.38)",
            "last_sales":"2022-02-23,27000.0,29평(98.38)",
            "rank_history":[
                [
                    "202203",
                    36
                ],
                [
                    "202202",
                    28
                ],
                [
                    "202201",
                    40
                ]
            ],
            "rank_gap":-8
        },
        {
            "index":261,
            "아파트명":"경남",
            "투자타입":"재건축",
            "전용면적(m2)":"56.0",
            "전용면적(평)":"16평",
            "법정동주소":"경상남도 통영시 미수동 450",
            "도로명주소":"경상남도 통영시 미우지5길 17",
            "세대수":0,
            "입주년차":"--",
            "용적률점수":80,
            "건폐율점수":60,
            "세대당주차수":"--",
            "난방방식":"--",
            "공급면적":50,
            "전용률":80,
            "욕실수":"--",
            "현관타입":"--",
            "주거총점":50.5,
            "지역구공급총점":0.0,
            "역세권":"NA",
            "30분내 이동가능 거점":"NA",
            "1시간내 이동가능 거점":"NA",
            "교통총점":"NA",
            "백화점":0,
            "아울렛몰":0,
            "대형마트":0,
            "은행":0,
            "병원":10,
            "종합병원":80,
            "공원":80,
            "혐오시설":0,
            "인프라총점":19.4,
            "초등학군":89.99,
            "중학군":38.34,
            "학군총점":48.67,
            "인구수":13.06,
            "인구증감":-10.98,
            "인구총점":5.848,
            "일자리":7.02,
            "소득수준":51.77,
            "일자리총점":20.445,
            "가치 총점":37.6025,
            "매매실거래년":20220224.0,
            "매매실거래가":5000.0,
            "전세실거래년":20191209.0,
            "전세실거래가":3300.0,
            "전세가율":97.06,
            "장기전세가율평균":71.24,
            "전세가율거품지수":-25.82,
            "검색코드":7736,
            "세대수":145.0,
            "준공년월":"1987-12-12",
            "준공년차":36.0,
            "가까운역이름":"NA",
            "가까운역거리":"NA",
            "역세권여부":"NA",
            "30분이내주요거점역":"NA",
            "30분거점역이름":"NA",
            "1시간이내주요거점역":"NA",
            "1시간거점역이름":"NA",
            "3km이내백화점수":0,
            "5km이내아울렛몰수":0,
            "1km이내대형먀트수":0,
            "500m이내은행수":0,
            "500m이내병원수":4,
            "5km이내대형병원수":1,
            "500m이내공원수":1,
            "3km이내혐오시설수":0,
            "초등학교학업성취도":89.99,
            "중학교학업성취도":63.9,
            "용적률":153,
            "건폐율":32,
            "Y":34.826047,
            "X":128.400814,
            "rank":37.0,
            "area_info":"16평(56.0), 17평(58.75), 17평(59.5), 19평(66.06)",
            "last_sales":"2022-02-24,5000.0,17평(59.5)",
            "rank_history":[
                [
                    "202203",
                    37
                ],
                [
                    "202202",
                    29
                ],
                [
                    "202201",
                    24
                ]
            ],
            "rank_gap":-8
        },
        {
            "index":205,
            "아파트명":"주영에이스빌3차",
            "투자타입":"일반",
            "전용면적(m2)":"68.36",
            "전용면적(평)":"20평",
            "법정동주소":"경상남도 통영시 무전동 1030-7",
            "도로명주소":"경상남도 통영시 무전8길 14-12",
            "세대수":0,
            "입주년차":20,
            "용적률점수":"--",
            "건폐율점수":"--",
            "세대당주차수":0,
            "난방방식":30,
            "공급면적":"--",
            "전용률":"--",
            "욕실수":50,
            "현관타입":100,
            "주거총점":22.0,
            "지역구공급총점":0.0,
            "역세권":"NA",
            "30분내 이동가능 거점":"NA",
            "1시간내 이동가능 거점":"NA",
            "교통총점":"NA",
            "백화점":0,
            "아울렛몰":0,
            "대형마트":100,
            "은행":20,
            "병원":80,
            "종합병원":80,
            "공원":100,
            "혐오시설":0,
            "인프라총점":44.0,
            "초등학군":89.99,
            "중학군":36.82,
            "학군총점":47.454,
            "인구수":13.06,
            "인구증감":-10.98,
            "인구총점":5.848,
            "일자리":7.02,
            "소득수준":51.77,
            "일자리총점":20.445,
            "가치 총점":37.1635,
            "매매실거래년":20210720.0,
            "매매실거래가":25400.0,
            "전세실거래년":null,
            "전세실거래가":null,
            "전세가율":null,
            "장기전세가율평균":71.24,
            "전세가율거품지수":null,
            "검색코드":101115,
            "세대수":101.0,
            "준공년월":"2002-12-31",
            "준공년차":21.0,
            "가까운역이름":"NA",
            "가까운역거리":"NA",
            "역세권여부":"NA",
            "30분이내주요거점역":"NA",
            "30분거점역이름":"NA",
            "1시간이내주요거점역":"NA",
            "1시간거점역이름":"NA",
            "3km이내백화점수":0,
            "5km이내아울렛몰수":0,
            "1km이내대형먀트수":2,
            "500m이내은행수":2,
            "500m이내병원수":52,
            "5km이내대형병원수":1,
            "500m이내공원수":3,
            "3km이내혐오시설수":0,
            "초등학교학업성취도":89.99,
            "중학교학업성취도":60.7,
            "용적률":466,
            "건폐율":56,
            "Y":34.859636,
            "X":128.427061,
            "rank":38.0,
            "area_info":"20평(68.36), 26평(87.15), 30평(100.93), 42평(141.52), 43평(144.8)",
            "last_sales":"2021-07-20,25400.0,43평(144.8)",
            "rank_history":[
                [
                    "202203",
                    38
                ],
                [
                    "202202",
                    31
                ],
                [
                    "202201",
                    33
                ]
            ],
            "rank_gap":-7
        },
        {
            "index":200,
            "아파트명":"주영에이스빌1차",
            "투자타입":"일반",
            "전용면적(m2)":"77.56",
            "전용면적(평)":"23평",
            "법정동주소":"경상남도 통영시 무전동 1029-5",
            "도로명주소":"경상남도 통영시 무전6길 14-12",
            "세대수":0,
            "입주년차":20,
            "용적률점수":"--",
            "건폐율점수":"--",
            "세대당주차수":0,
            "난방방식":30,
            "공급면적":"--",
            "전용률":"--",
            "욕실수":50,
            "현관타입":100,
            "주거총점":22.0,
            "지역구공급총점":0.0,
            "역세권":"NA",
            "30분내 이동가능 거점":"NA",
            "1시간내 이동가능 거점":"NA",
            "교통총점":"NA",
            "백화점":0,
            "아울렛몰":0,
            "대형마트":100,
            "은행":20,
            "병원":80,
            "종합병원":80,
            "공원":100,
            "혐오시설":0,
            "인프라총점":44.0,
            "초등학군":89.99,
            "중학군":36.82,
            "학군총점":47.454,
            "인구수":13.06,
            "인구증감":-10.98,
            "인구총점":5.848,
            "일자리":7.02,
            "소득수준":51.77,
            "일자리총점":20.445,
            "가치 총점":37.1635,
            "매매실거래년":20210414.0,
            "매매실거래가":17000.0,
            "전세실거래년":20190123.0,
            "전세실거래가":11000.0,
            "전세가율":64.71,
            "장기전세가율평균":71.24,
            "전세가율거품지수":6.53,
            "검색코드":101116,
            "세대수":132.0,
            "준공년월":"2002-05-08",
            "준공년차":21.0,
            "가까운역이름":"NA",
            "가까운역거리":"NA",
            "역세권여부":"NA",
            "30분이내주요거점역":"NA",
            "30분거점역이름":"NA",
            "1시간이내주요거점역":"NA",
            "1시간거점역이름":"NA",
            "3km이내백화점수":0,
            "5km이내아울렛몰수":0,
            "1km이내대형먀트수":2,
            "500m이내은행수":2,
            "500m이내병원수":51,
            "5km이내대형병원수":1,
            "500m이내공원수":3,
            "3km이내혐오시설수":0,
            "초등학교학업성취도":89.99,
            "중학교학업성취도":60.7,
            "용적률":510,
            "건폐율":53,
            "Y":34.859713,
            "X":128.425847,
            "rank":38.0,
            "area_info":"23평(77.56), 29평(97.88), 44평(145.83)",
            "last_sales":"2021-04-14,17000.0,23평(77.56)",
            "rank_history":[
                [
                    "202203",
                    38
                ],
                [
                    "202202",
                    31
                ],
                [
                    "202201",
                    33
                ]
            ],
            "rank_gap":-7
        },
        {
            "index":174,
            "아파트명":"동하피아존2차",
            "투자타입":"일반",
            "전용면적(m2)":"69.34",
            "전용면적(평)":"20평",
            "법정동주소":"경상남도 통영시 무전동 1026-7",
            "도로명주소":"경상남도 통영시 무전6길 22-45",
            "세대수":0,
            "입주년차":20,
            "용적률점수":"--",
            "건폐율점수":"--",
            "세대당주차수":0,
            "난방방식":30,
            "공급면적":"--",
            "전용률":"--",
            "욕실수":50,
            "현관타입":100,
            "주거총점":22.0,
            "지역구공급총점":0.0,
            "역세권":"NA",
            "30분내 이동가능 거점":"NA",
            "1시간내 이동가능 거점":"NA",
            "교통총점":"NA",
            "백화점":0,
            "아울렛몰":0,
            "대형마트":100,
            "은행":20,
            "병원":80,
            "종합병원":80,
            "공원":100,
            "혐오시설":0,
            "인프라총점":44.0,
            "초등학군":89.99,
            "중학군":36.82,
            "학군총점":47.454,
            "인구수":13.06,
            "인구증감":-10.98,
            "인구총점":5.848,
            "일자리":7.02,
            "소득수준":51.77,
            "일자리총점":20.445,
            "가치 총점":37.1635,
            "매매실거래년":20110715.0,
            "매매실거래가":23000.0,
            "전세실거래년":null,
            "전세실거래가":null,
            "전세가율":null,
            "장기전세가율평균":71.24,
            "전세가율거품지수":null,
            "검색코드":109895,
            "세대수":56.0,
            "준공년월":"2003-04-07",
            "준공년차":20.0,
            "가까운역이름":"NA",
            "가까운역거리":"NA",
            "역세권여부":"NA",
            "30분이내주요거점역":"NA",
            "30분거점역이름":"NA",
            "1시간이내주요거점역":"NA",
            "1시간거점역이름":"NA",
            "3km이내백화점수":0,
            "5km이내아울렛몰수":0,
            "1km이내대형먀트수":2,
            "500m이내은행수":2,
            "500m이내병원수":55,
            "5km이내대형병원수":1,
            "500m이내공원수":3,
            "3km이내혐오시설수":0,
            "초등학교학업성취도":89.99,
            "중학교학업성취도":60.7,
            "용적률":466,
            "건폐율":68,
            "Y":34.858543,
            "X":128.425371,
            "rank":38.0,
            "area_info":"20평(69.34), 23평(76.25), 24평(81.2), 26평(88.55), 27평(89.78), 28평(92.82), 29평(97.26), 30평(100.0), 30평(100.05), 43평(143.28), 44평(145.73)",
            "last_sales":"2011-07-15,23000.0,44평(145.73)",
            "rank_history":[
                [
                    "202203",
                    38
                ],
                [
                    "202202",
                    9999
                ]
            ],
            "rank_gap":9999
        },
        {
            "index":352,
            "아파트명":"조은시티존",
            "투자타입":"일반",
            "전용면적(m2)":"50.39",
            "전용면적(평)":"15평",
            "법정동주소":"경상남도 통영시 북신동 699-5",
            "도로명주소":"경상남도 통영시 원문로 39",
            "세대수":0,
            "입주년차":20,
            "용적률점수":"--",
            "건폐율점수":"--",
            "세대당주차수":0,
            "난방방식":30,
            "공급면적":"--",
            "전용률":"--",
            "욕실수":50,
            "현관타입":100,
            "주거총점":22.0,
            "지역구공급총점":0.0,
            "역세권":"NA",
            "30분내 이동가능 거점":"NA",
            "1시간내 이동가능 거점":"NA",
            "교통총점":"NA",
            "백화점":0,
            "아울렛몰":0,
            "대형마트":100,
            "은행":20,
            "병원":80,
            "종합병원":80,
            "공원":100,
            "혐오시설":-50,
            "인프라총점":43.0,
            "초등학군":89.99,
            "중학군":36.82,
            "학군총점":47.454,
            "인구수":13.06,
            "인구증감":-10.98,
            "인구총점":5.848,
            "일자리":7.02,
            "소득수준":51.77,
            "일자리총점":20.445,
            "가치 총점":36.7635,
            "매매실거래년":20190422.0,
            "매매실거래가":13000.0,
            "전세실거래년":null,
            "전세실거래가":null,
            "전세가율":null,
            "장기전세가율평균":71.24,
            "전세가율거품지수":null,
            "검색코드":127385,
            "세대수":70.0,
            "준공년월":"2002-11-12",
            "준공년차":21.0,
            "가까운역이름":"NA",
            "가까운역거리":"NA",
            "역세권여부":"NA",
            "30분이내주요거점역":"NA",
            "30분거점역이름":"NA",
            "1시간이내주요거점역":"NA",
            "1시간거점역이름":"NA",
            "3km이내백화점수":0,
            "5km이내아울렛몰수":0,
            "1km이내대형먀트수":2,
            "500m이내은행수":2,
            "500m이내병원수":51,
            "5km이내대형병원수":1,
            "500m이내공원수":2,
            "3km이내혐오시설수":1,
            "초등학교학업성취도":89.99,
            "중학교학업성취도":60.7,
            "용적률":775,
            "건폐율":76,
            "Y":34.85749,
            "X":128.424143,
            "rank":39.0,
            "area_info":"15평(50.39), 17평(56.56), 17평(57.68), 17평(58.55), 22평(73.86), 22평(73.64), 22평(74.78), 31평(102.75), 31평(102.99), 31평(103.22), 31평(104.29)",
            "last_sales":"2019-04-22,13000.0,31평(104.29)",
            "rank_history":[
                [
                    "202203",
                    39
                ],
                [
                    "202202",
                    9999
                ]
            ],
            "rank_gap":9999
        },
        {
            "index":411,
            "아파트명":"통영덕진왈츠2차",
            "투자타입":"일반",
            "전용면적(m2)":"81.92",
            "전용면적(평)":"24평",
            "법정동주소":"경상남도 통영시 용남면 장평리 1203",
            "도로명주소":"경상남도 통영시 견내량로 91",
            "세대수":0,
            "입주년차":80,
            "용적률점수":"--",
            "건폐율점수":"--",
            "세대당주차수":30,
            "난방방식":30,
            "공급면적":"--",
            "전용률":"--",
            "욕실수":100,
            "현관타입":100,
            "주거총점":43.5,
            "지역구공급총점":0.0,
            "역세권":"NA",
            "30분내 이동가능 거점":"NA",
            "1시간내 이동가능 거점":"NA",
            "교통총점":"NA",
            "백화점":0,
            "아울렛몰":0,
            "대형마트":0,
            "은행":0,
            "병원":0,
            "종합병원":80,
            "공원":0,
            "혐오시설":0,
            "인프라총점":16.0,
            "초등학군":90.0,
            "중학군":52.82,
            "학군총점":60.256,
            "인구수":13.06,
            "인구증감":-10.98,
            "인구총점":5.848,
            "일자리":7.02,
            "소득수준":51.77,
            "일자리총점":20.445,
            "가치 총점":36.689,
            "매매실거래년":20220224.0,
            "매매실거래가":15500.0,
            "전세실거래년":20211006.0,
            "전세실거래가":13000.0,
            "전세가율":92.86,
            "장기전세가율평균":71.24,
            "전세가율거품지수":-21.62,
            "검색코드":110817,
            "세대수":191.0,
            "준공년월":"2017-11-28",
            "준공년차":6.0,
            "가까운역이름":"NA",
            "가까운역거리":"NA",
            "역세권여부":"NA",
            "30분이내주요거점역":"NA",
            "30분거점역이름":"NA",
            "1시간이내주요거점역":"NA",
            "1시간거점역이름":"NA",
            "3km이내백화점수":0,
            "5km이내아울렛몰수":0,
            "1km이내대형먀트수":0,
            "500m이내은행수":0,
            "500m이내병원수":0,
            "5km이내대형병원수":1,
            "500m이내공원수":0,
            "3km이내혐오시설수":0,
            "초등학교학업성취도":90.0,
            "중학교학업성취도":87.7,
            "용적률":202,
            "건폐율":50,
            "Y":34.886396,
            "X":128.467861,
            "rank":40.0,
            "area_info":"24평(81.92), 24평(81.65), 24평(82.18), 24평(82.2), 24평(82.2)",
            "last_sales":"2022-02-24,15500.0,24평(82.18)",
            "rank_history":[
                [
                    "202203",
                    40
                ],
                [
                    "202202",
                    32
                ],
                [
                    "202201",
                    29
                ]
            ],
            "rank_gap":-8
        },
        {
            "index":162,
            "아파트명":"다우드림캐슬(도시형)",
            "투자타입":"일반",
            "전용면적(m2)":"47.51",
            "전용면적(평)":"14평",
            "법정동주소":"경상남도 통영시 무전동 279-27",
            "도로명주소":"경상남도 통영시 장대길 49-17",
            "세대수":0,
            "입주년차":80,
            "용적률점수":"--",
            "건폐율점수":"--",
            "세대당주차수":0,
            "난방방식":30,
            "공급면적":"--",
            "전용률":"--",
            "욕실수":50,
            "현관타입":100,
            "주거총점":34.0,
            "지역구공급총점":0.0,
            "역세권":"NA",
            "30분내 이동가능 거점":"NA",
            "1시간내 이동가능 거점":"NA",
            "교통총점":"NA",
            "백화점":0,
            "아울렛몰":0,
            "대형마트":100,
            "은행":0,
            "병원":10,
            "종합병원":80,
            "공원":0,
            "혐오시설":0,
            "인프라총점":32.0,
            "초등학군":89.97,
            "중학군":36.82,
            "학군총점":47.45,
            "인구수":13.06,
            "인구증감":-10.98,
            "인구총점":5.848,
            "일자리":7.02,
            "소득수준":51.77,
            "일자리총점":20.445,
            "가치 총점":36.5625,
            "매매실거래년":20210826.0,
            "매매실거래가":9000.0,
            "전세실거래년":null,
            "전세실거래가":null,
            "전세가율":null,
            "장기전세가율평균":71.24,
            "전세가율거품지수":null,
            "검색코드":118348,
            "세대수":105.0,
            "준공년월":"2017-06-26",
            "준공년차":6.0,
            "가까운역이름":"NA",
            "가까운역거리":"NA",
            "역세권여부":"NA",
            "30분이내주요거점역":"NA",
            "30분거점역이름":"NA",
            "1시간이내주요거점역":"NA",
            "1시간거점역이름":"NA",
            "3km이내백화점수":0,
            "5km이내아울렛몰수":0,
            "1km이내대형먀트수":2,
            "500m이내은행수":1,
            "500m이내병원수":2,
            "5km이내대형병원수":1,
            "500m이내공원수":0,
            "3km이내혐오시설수":0,
            "초등학교학업성취도":89.97,
            "중학교학업성취도":60.7,
            "용적률":249,
            "건폐율":41,
            "Y":34.853301,
            "X":128.434218,
            "rank":41.0,
            "area_info":"14평(47.51), 18평(62.56), 20평(67.19), 23평(76.45)",
            "last_sales":"2021-08-26,9000.0,23평(76.45)",
            "rank_history":[
                [
                    "202203",
                    41
                ],
                [
                    "202202",
                    33
                ],
                [
                    "202201",
                    34
                ]
            ],
            "rank_gap":-8
        },
        {
            "index":301,
            "아파트명":"장원썬비치",
            "투자타입":"일반",
            "전용면적(m2)":"119.4",
            "전용면적(평)":"36평",
            "법정동주소":"경상남도 통영시 미수동 960-1",
            "도로명주소":"경상남도 통영시 진남2길 43-10",
            "세대수":0,
            "입주년차":60,
            "용적률점수":"--",
            "건폐율점수":"--",
            "세대당주차수":80,
            "난방방식":30,
            "공급면적":"--",
            "전용률":"--",
            "욕실수":100,
            "현관타입":100,
            "주거총점":47.0,
            "지역구공급총점":0.0,
            "역세권":"NA",
            "30분내 이동가능 거점":"NA",
            "1시간내 이동가능 거점":"NA",
            "교통총점":"NA",
            "백화점":0,
            "아울렛몰":0,
            "대형마트":0,
            "은행":0,
            "병원":0,
            "종합병원":80,
            "공원":80,
            "혐오시설":0,
            "인프라총점":18.4,
            "초등학군":89.99,
            "중학군":38.34,
            "학군총점":48.67,
            "인구수":13.06,
            "인구증감":-10.98,
            "인구총점":5.848,
            "일자리":7.02,
            "소득수준":51.77,
            "일자리총점":20.445,
            "가치 총점":35.9775,
            "매매실거래년":20210823.0,
            "매매실거래가":25700.0,
            "전세실거래년":null,
            "전세실거래가":null,
            "전세가율":null,
            "장기전세가율평균":71.24,
            "전세가율거품지수":null,
            "검색코드":103611,
            "세대수":84.0,
            "준공년월":"2010-11-15",
            "준공년차":13.0,
            "가까운역이름":"NA",
            "가까운역거리":"NA",
            "역세권여부":"NA",
            "30분이내주요거점역":"NA",
            "30분거점역이름":"NA",
            "1시간이내주요거점역":"NA",
            "1시간거점역이름":"NA",
            "3km이내백화점수":0,
            "5km이내아울렛몰수":0,
            "1km이내대형먀트수":0,
            "500m이내은행수":0,
            "500m이내병원수":0,
            "5km이내대형병원수":1,
            "500m이내공원수":1,
            "3km이내혐오시설수":0,
            "초등학교학업성취도":89.99,
            "중학교학업성취도":63.9,
            "용적률":301,
            "건폐율":30,
            "Y":34.831557,
            "X":128.408177,
            "rank":42.0,
            "area_info":"36평(119.4), 44평(146.07), 45평(149.02), 51평(170.79), 51평(170.79), 51평(171.65), 59평(196.86), 60평(200.16), 64평(213.66)",
            "last_sales":"2021-08-23,25700.0,64평(213.66)",
            "rank_history":[
                [
                    "202203",
                    42
                ],
                [
                    "202202",
                    9999
                ]
            ],
            "rank_gap":9999
        },
        {
            "index":212,
            "아파트명":"주영에이스빌5차",
            "투자타입":"일반",
            "전용면적(m2)":"87.29",
            "전용면적(평)":"26평",
            "법정동주소":"경상남도 통영시 무전동 1016-1",
            "도로명주소":"경상남도 통영시 무전2길 36",
            "세대수":0,
            "입주년차":20,
            "용적률점수":"--",
            "건폐율점수":"--",
            "세대당주차수":0,
            "난방방식":30,
            "공급면적":"--",
            "전용률":"--",
            "욕실수":50,
            "현관타입":100,
            "주거총점":22.0,
            "지역구공급총점":0.0,
            "역세권":"NA",
            "30분내 이동가능 거점":"NA",
            "1시간내 이동가능 거점":"NA",
            "교통총점":"NA",
            "백화점":0,
            "아울렛몰":0,
            "대형마트":100,
            "은행":20,
            "병원":60,
            "종합병원":80,
            "공원":100,
            "혐오시설":-50,
            "인프라총점":41.0,
            "초등학군":89.99,
            "중학군":36.82,
            "학군총점":47.454,
            "인구수":13.06,
            "인구증감":-10.98,
            "인구총점":5.848,
            "일자리":7.02,
            "소득수준":51.77,
            "일자리총점":20.445,
            "가치 총점":35.9635,
            "매매실거래년":20210519.0,
            "매매실거래가":17300.0,
            "전세실거래년":20180223.0,
            "전세실거래가":12000.0,
            "전세가율":69.36,
            "장기전세가율평균":71.24,
            "전세가율거품지수":1.88,
            "검색코드":101118,
            "세대수":104.0,
            "준공년월":"2003-08-05",
            "준공년차":20.0,
            "가까운역이름":"NA",
            "가까운역거리":"NA",
            "역세권여부":"NA",
            "30분이내주요거점역":"NA",
            "30분거점역이름":"NA",
            "1시간이내주요거점역":"NA",
            "1시간거점역이름":"NA",
            "3km이내백화점수":0,
            "5km이내아울렛몰수":0,
            "1km이내대형먀트수":2,
            "500m이내은행수":2,
            "500m이내병원수":26,
            "5km이내대형병원수":1,
            "500m이내공원수":2,
            "3km이내혐오시설수":1,
            "초등학교학업성취도":89.99,
            "중학교학업성취도":60.7,
            "용적률":279,
            "건폐율":35,
            "Y":34.858623,
            "X":128.422976,
            "rank":43.0,
            "area_info":"26평(87.29)",
            "last_sales":"2021-05-19,17300.0,26평(87.29)",
            "rank_history":[
                [
                    "202203",
                    43
                ],
                [
                    "202202",
                    34
                ],
                [
                    "202201",
                    36
                ]
            ],
            "rank_gap":-9
        },
        {
            "index":365,
            "아파트명":"진우마리나타운",
            "투자타입":"일반",
            "전용면적(m2)":"78.06",
            "전용면적(평)":"23평",
            "법정동주소":"경상남도 통영시 북신동 697",
            "도로명주소":"경상남도 통영시 원문로 11",
            "세대수":0,
            "입주년차":0,
            "용적률점수":"--",
            "건폐율점수":"--",
            "세대당주차수":0,
            "난방방식":30,
            "공급면적":"--",
            "전용률":"--",
            "욕실수":50,
            "현관타입":100,
            "주거총점":18.0,
            "지역구공급총점":0.0,
            "역세권":"NA",
            "30분내 이동가능 거점":"NA",
            "1시간내 이동가능 거점":"NA",
            "교통총점":"NA",
            "백화점":0,
            "아울렛몰":0,
            "대형마트":100,
            "은행":20,
            "병원":80,
            "종합병원":80,
            "공원":100,
            "혐오시설":0,
            "인프라총점":44.0,
            "초등학군":90.0,
            "중학군":36.82,
            "학군총점":47.456,
            "인구수":13.06,
            "인구증감":-10.98,
            "인구총점":5.848,
            "일자리":7.02,
            "소득수준":51.77,
            "일자리총점":20.445,
            "가치 총점":35.764,
            "매매실거래년":20220216.0,
            "매매실거래가":18750.0,
            "전세실거래년":20200924.0,
            "전세실거래가":9000.0,
            "전세가율":56.96,
            "장기전세가율평균":71.24,
            "전세가율거품지수":14.28,
            "검색코드":7760,
            "세대수":298.0,
            "준공년월":"1995-02-24",
            "준공년차":28.0,
            "가까운역이름":"NA",
            "가까운역거리":"NA",
            "역세권여부":"NA",
            "30분이내주요거점역":"NA",
            "30분거점역이름":"NA",
            "1시간이내주요거점역":"NA",
            "1시간거점역이름":"NA",
            "3km이내백화점수":0,
            "5km이내아울렛몰수":0,
            "1km이내대형먀트수":2,
            "500m이내은행수":2,
            "500m이내병원수":57,
            "5km이내대형병원수":1,
            "500m이내공원수":2,
            "3km이내혐오시설수":0,
            "초등학교학업성취도":90.0,
            "중학교학업성취도":60.7,
            "용적률":368,
            "건폐율":36,
            "Y":34.857059,
            "X":128.426829,
            "rank":44.0,
            "area_info":"23평(78.06), 24평(79.56), 32평(106.74), 32평(107.06)",
            "last_sales":"2022-02-16,18750.0,32평(107.06)",
            "rank_history":[
                [
                    "202203",
                    44
                ],
                [
                    "202202",
                    37
                ],
                [
                    "202201",
                    39
                ]
            ],
            "rank_gap":-7
        },
        {
            "index":348,
            "아파트명":"일성한빛타운",
            "투자타입":"일반",
            "전용면적(m2)":"76.48",
            "전용면적(평)":"23평",
            "법정동주소":"경상남도 통영시 북신동 698",
            "도로명주소":"경상남도 통영시 원문로 35",
            "세대수":0,
            "입주년차":0,
            "용적률점수":"--",
            "건폐율점수":"--",
            "세대당주차수":0,
            "난방방식":30,
            "공급면적":"--",
            "전용률":"--",
            "욕실수":50,
            "현관타입":100,
            "주거총점":18.0,
            "지역구공급총점":0.0,
            "역세권":"NA",
            "30분내 이동가능 거점":"NA",
            "1시간내 이동가능 거점":"NA",
            "교통총점":"NA",
            "백화점":0,
            "아울렛몰":0,
            "대형마트":100,
            "은행":20,
            "병원":80,
            "종합병원":80,
            "공원":100,
            "혐오시설":0,
            "인프라총점":44.0,
            "초등학군":90.0,
            "중학군":36.82,
            "학군총점":47.456,
            "인구수":13.06,
            "인구증감":-10.98,
            "인구총점":5.848,
            "일자리":7.02,
            "소득수준":51.77,
            "일자리총점":20.445,
            "가치 총점":35.764,
            "매매실거래년":20220119.0,
            "매매실거래가":16700.0,
            "전세실거래년":20210901.0,
            "전세실거래가":9000.0,
            "전세가율":75.0,
            "장기전세가율평균":71.24,
            "전세가율거품지수":-3.76,
            "검색코드":7758,
            "세대수":168.0,
            "준공년월":"1995-01-01",
            "준공년차":28.0,
            "가까운역이름":"NA",
            "가까운역거리":"NA",
            "역세권여부":"NA",
            "30분이내주요거점역":"NA",
            "30분거점역이름":"NA",
            "1시간이내주요거점역":"NA",
            "1시간거점역이름":"NA",
            "3km이내백화점수":0,
            "5km이내아울렛몰수":0,
            "1km이내대형먀트수":2,
            "500m이내은행수":2,
            "500m이내병원수":54,
            "5km이내대형병원수":1,
            "500m이내공원수":2,
            "3km이내혐오시설수":0,
            "초등학교학업성취도":90.0,
            "중학교학업성취도":60.7,
            "용적률":359,
            "건폐율":36,
            "Y":34.856993,
            "X":128.424969,
            "rank":44.0,
            "area_info":"23평(76.48), 23평(76.24), 23평(76.41), 31평(103.52)",
            "last_sales":"2022-01-19,16700.0,31평(103.52)",
            "rank_history":[
                [
                    "202203",
                    44
                ],
                [
                    "202202",
                    35
                ],
                [
                    "202201",
                    38
                ]
            ],
            "rank_gap":-9
        },
        {
            "index":346,
            "아파트명":"일성한마음빌리지",
            "투자타입":"일반",
            "전용면적(m2)":"79.99",
            "전용면적(평)":"24평",
            "법정동주소":"경상남도 통영시 북신동 694",
            "도로명주소":"경상남도 통영시 원문로 16",
            "세대수":0,
            "입주년차":0,
            "용적률점수":"--",
            "건폐율점수":"--",
            "세대당주차수":0,
            "난방방식":30,
            "공급면적":"--",
            "전용률":"--",
            "욕실수":50,
            "현관타입":100,
            "주거총점":18.0,
            "지역구공급총점":0.0,
            "역세권":"NA",
            "30분내 이동가능 거점":"NA",
            "1시간내 이동가능 거점":"NA",
            "교통총점":"NA",
            "백화점":0,
            "아울렛몰":0,
            "대형마트":100,
            "은행":20,
            "병원":80,
            "종합병원":80,
            "공원":100,
            "혐오시설":0,
            "인프라총점":44.0,
            "초등학군":89.99,
            "중학군":36.82,
            "학군총점":47.454,
            "인구수":13.06,
            "인구증감":-10.98,
            "인구총점":5.848,
            "일자리":7.02,
            "소득수준":51.77,
            "일자리총점":20.445,
            "가치 총점":35.7635,
            "매매실거래년":20220127.0,
            "매매실거래가":10500.0,
            "전세실거래년":20191104.0,
            "전세실거래가":8000.0,
            "전세가율":76.19,
            "장기전세가율평균":71.24,
            "전세가율거품지수":-4.95,
            "검색코드":7757,
            "세대수":126.0,
            "준공년월":"1994-01-17",
            "준공년차":29.0,
            "가까운역이름":"NA",
            "가까운역거리":"NA",
            "역세권여부":"NA",
            "30분이내주요거점역":"NA",
            "30분거점역이름":"NA",
            "1시간이내주요거점역":"NA",
            "1시간거점역이름":"NA",
            "3km이내백화점수":0,
            "5km이내아울렛몰수":0,
            "1km이내대형먀트수":2,
            "500m이내은행수":2,
            "500m이내병원수":56,
            "5km이내대형병원수":1,
            "500m이내공원수":3,
            "3km이내혐오시설수":0,
            "초등학교학업성취도":89.99,
            "중학교학업성취도":60.7,
            "용적률":321,
            "건폐율":31,
            "Y":34.857655,
            "X":128.426657,
            "rank":45.0,
            "area_info":"24평(79.99), 24평(80.09)",
            "last_sales":"2022-01-27,10500.0,24평(80.09)",
            "rank_history":[
                [
                    "202203",
                    45
                ],
                [
                    "202202",
                    36
                ],
                [
                    "202201",
                    37
                ]
            ],
            "rank_gap":-9
        },
        {
            "index":369,
            "아파트명":"진우보라맨션",
            "투자타입":"일반",
            "전용면적(m2)":"81.8",
            "전용면적(평)":"24평",
            "법정동주소":"경상남도 통영시 북신동 701",
            "도로명주소":"경상남도 통영시 원문로 37-104",
            "세대수":0,
            "입주년차":0,
            "용적률점수":"--",
            "건폐율점수":"--",
            "세대당주차수":0,
            "난방방식":30,
            "공급면적":"--",
            "전용률":"--",
            "욕실수":50,
            "현관타입":100,
            "주거총점":18.0,
            "지역구공급총점":0.0,
            "역세권":"NA",
            "30분내 이동가능 거점":"NA",
            "1시간내 이동가능 거점":"NA",
            "교통총점":"NA",
            "백화점":0,
            "아울렛몰":0,
            "대형마트":100,
            "은행":20,
            "병원":80,
            "종합병원":80,
            "공원":100,
            "혐오시설":-50,
            "인프라총점":43.0,
            "초등학군":90.0,
            "중학군":36.82,
            "학군총점":47.456,
            "인구수":13.06,
            "인구증감":-10.98,
            "인구총점":5.848,
            "일자리":7.02,
            "소득수준":51.77,
            "일자리총점":20.445,
            "가치 총점":35.364,
            "매매실거래년":20220122.0,
            "매매실거래가":11650.0,
            "전세실거래년":20181231.0,
            "전세실거래가":8000.0,
            "전세가율":68.67,
            "장기전세가율평균":71.24,
            "전세가율거품지수":2.57,
            "검색코드":16911,
            "세대수":73.0,
            "준공년월":"1996-01-05",
            "준공년차":27.0,
            "가까운역이름":"NA",
            "가까운역거리":"NA",
            "역세권여부":"NA",
            "30분이내주요거점역":"NA",
            "30분거점역이름":"NA",
            "1시간이내주요거점역":"NA",
            "1시간거점역이름":"NA",
            "3km이내백화점수":0,
            "5km이내아울렛몰수":0,
            "1km이내대형먀트수":2,
            "500m이내은행수":2,
            "500m이내병원수":51,
            "5km이내대형병원수":1,
            "500m이내공원수":2,
            "3km이내혐오시설수":1,
            "초등학교학업성취도":90.0,
            "중학교학업성취도":60.7,
            "용적률":274,
            "건폐율":39,
            "Y":34.856808,
            "X":128.423951,
            "rank":46.0,
            "area_info":"24평(81.8), 24평(81.84), 24평(81.93), 24평(81.89)",
            "last_sales":"2022-01-22,11650.0,24평(81.8)",
            "rank_history":[
                [
                    "202203",
                    46
                ],
                [
                    "202202",
                    9999
                ]
            ],
            "rank_gap":9999
        },
        {
            "index":339,
            "아파트명":"광우화목맨션",
            "투자타입":"일반",
            "전용면적(m2)":"77.41",
            "전용면적(평)":"23평",
            "법정동주소":"경상남도 통영시 북신동 691",
            "도로명주소":"경상남도 통영시 원문로 52",
            "세대수":0,
            "입주년차":0,
            "용적률점수":"--",
            "건폐율점수":"--",
            "세대당주차수":0,
            "난방방식":30,
            "공급면적":"--",
            "전용률":"--",
            "욕실수":50,
            "현관타입":100,
            "주거총점":18.0,
            "지역구공급총점":0.0,
            "역세권":"NA",
            "30분내 이동가능 거점":"NA",
            "1시간내 이동가능 거점":"NA",
            "교통총점":"NA",
            "백화점":0,
            "아울렛몰":0,
            "대형마트":100,
            "은행":20,
            "병원":80,
            "종합병원":80,
            "공원":100,
            "혐오시설":-50,
            "인프라총점":43.0,
            "초등학군":89.99,
            "중학군":36.82,
            "학군총점":47.454,
            "인구수":13.06,
            "인구증감":-10.98,
            "인구총점":5.848,
            "일자리":7.02,
            "소득수준":51.77,
            "일자리총점":20.445,
            "가치 총점":35.3635,
            "매매실거래년":20211206.0,
            "매매실거래가":14300.0,
            "전세실거래년":20190523.0,
            "전세실거래가":9000.0,
            "전세가율":62.94,
            "장기전세가율평균":71.24,
            "전세가율거품지수":8.3,
            "검색코드":16907,
            "세대수":132.0,
            "준공년월":"1995-05-11",
            "준공년차":28.0,
            "가까운역이름":"NA",
            "가까운역거리":"NA",
            "역세권여부":"NA",
            "30분이내주요거점역":"NA",
            "30분거점역이름":"NA",
            "1시간이내주요거점역":"NA",
            "1시간거점역이름":"NA",
            "3km이내백화점수":0,
            "5km이내아울렛몰수":0,
            "1km이내대형먀트수":2,
            "500m이내은행수":2,
            "500m이내병원수":31,
            "5km이내대형병원수":1,
            "500m이내공원수":2,
            "3km이내혐오시설수":1,
            "초등학교학업성취도":89.99,
            "중학교학업성취도":60.7,
            "용적률":384,
            "건폐율":38,
            "Y":34.85816,
            "X":128.423,
            "rank":47.0,
            "area_info":"23평(77.41), 23평(77.3), 33평(109.85)",
            "last_sales":"2021-12-06,14300.0,23평(77.41)",
            "rank_history":[
                [
                    "202203",
                    47
                ],
                [
                    "202202",
                    38
                ],
                [
                    "202201",
                    43
                ]
            ],
            "rank_gap":-9
        },
        {
            "index":122,
            "아파트명":"동원나폴리빌",
            "투자타입":"일반",
            "전용면적(m2)":"99.73",
            "전용면적(평)":"30평",
            "법정동주소":"경상남도 통영시 도천동 1003",
            "도로명주소":"경상남도 통영시 도천상가안길 18",
            "세대수":0,
            "입주년차":20,
            "용적률점수":"--",
            "건폐율점수":"--",
            "세대당주차수":60,
            "난방방식":30,
            "공급면적":"--",
            "전용률":"--",
            "욕실수":100,
            "현관타입":10,
            "주거총점":27.0,
            "지역구공급총점":0.0,
            "역세권":"NA",
            "30분내 이동가능 거점":"NA",
            "1시간내 이동가능 거점":"NA",
            "교통총점":"NA",
            "백화점":0,
            "아울렛몰":0,
            "대형마트":80,
            "은행":0,
            "병원":30,
            "종합병원":80,
            "공원":80,
            "혐오시설":0,
            "인프라총점":33.4,
            "초등학군":90.01,
            "중학군":40.12,
            "학군총점":50.098,
            "인구수":13.06,
            "인구증감":-10.98,
            "인구총점":5.848,
            "일자리":7.02,
            "소득수준":51.77,
            "일자리총점":20.445,
            "가치 총점":35.3345,
            "매매실거래년":20211130.0,
            "매매실거래가":25000.0,
            "전세실거래년":null,
            "전세실거래가":null,
            "전세가율":null,
            "장기전세가율평균":71.24,
            "전세가율거품지수":null,
            "검색코드":101831,
            "세대수":60.0,
            "준공년월":"2001-11-29",
            "준공년차":22.0,
            "가까운역이름":"NA",
            "가까운역거리":"NA",
            "역세권여부":"NA",
            "30분이내주요거점역":"NA",
            "30분거점역이름":"NA",
            "1시간이내주요거점역":"NA",
            "1시간거점역이름":"NA",
            "3km이내백화점수":0,
            "5km이내아울렛몰수":0,
            "1km이내대형먀트수":1,
            "500m이내은행수":0,
            "500m이내병원수":5,
            "5km이내대형병원수":1,
            "500m이내공원수":1,
            "3km이내혐오시설수":0,
            "초등학교학업성취도":90.01,
            "중학교학업성취도":65.8,
            "용적률":410,
            "건폐율":86,
            "Y":34.837602,
            "X":128.41469,
            "rank":48.0,
            "area_info":"30평(99.73), 31평(103.98), 31평(104.51), 40평(134.11)",
            "last_sales":"2021-11-30,25000.0,40평(134.11)",
            "rank_history":[
                [
                    "202203",
                    48
                ],
                [
                    "202202",
                    9999
                ]
            ],
            "rank_gap":9999
        },
        {
            "index":213,
            "아파트명":"주영한사랑",
            "투자타입":"일반",
            "전용면적(m2)":"77.4",
            "전용면적(평)":"23평",
            "법정동주소":"경상남도 통영시 무전동 356-129",
            "도로명주소":"경상남도 통영시 북신3길 26-13",
            "세대수":0,
            "입주년차":20,
            "용적률점수":"--",
            "건폐율점수":"--",
            "세대당주차수":0,
            "난방방식":30,
            "공급면적":"--",
            "전용률":"--",
            "욕실수":50,
            "현관타입":100,
            "주거총점":22.0,
            "지역구공급총점":0.0,
            "역세권":"NA",
            "30분내 이동가능 거점":"NA",
            "1시간내 이동가능 거점":"NA",
            "교통총점":"NA",
            "백화점":0,
            "아울렛몰":0,
            "대형마트":100,
            "은행":0,
            "병원":80,
            "종합병원":80,
            "공원":0,
            "혐오시설":0,
            "인프라총점":39.0,
            "초등학군":90.0,
            "중학군":36.82,
            "학군총점":47.456,
            "인구수":13.06,
            "인구증감":-10.98,
            "인구총점":5.848,
            "일자리":7.02,
            "소득수준":51.77,
            "일자리총점":20.445,
            "가치 총점":35.164,
            "매매실거래년":20210924.0,
            "매매실거래가":18000.0,
            "전세실거래년":20201219.0,
            "전세실거래가":3800.0,
            "전세가율":36.19,
            "장기전세가율평균":71.24,
            "전세가율거품지수":35.05,
            "검색코드":16877,
            "세대수":150.0,
            "준공년월":"2001-04-28",
            "준공년차":22.0,
            "가까운역이름":"NA",
            "가까운역거리":"NA",
            "역세권여부":"NA",
            "30분이내주요거점역":"NA",
            "30분거점역이름":"NA",
            "1시간이내주요거점역":"NA",
            "1시간거점역이름":"NA",
            "3km이내백화점수":0,
            "5km이내아울렛몰수":0,
            "1km이내대형먀트수":2,
            "500m이내은행수":1,
            "500m이내병원수":34,
            "5km이내대형병원수":1,
            "500m이내공원수":0,
            "3km이내혐오시설수":0,
            "초등학교학업성취도":90.0,
            "중학교학업성취도":60.7,
            "용적률":229,
            "건폐율":28,
            "Y":34.854147,
            "X":128.432063,
            "rank":49.0,
            "area_info":"23평(77.4), 31평(103.52), 32평(108.41), 32평(108.6), 32평(108.1), 43평(143.47)",
            "last_sales":"2021-09-24,18000.0,43평(143.47)",
            "rank_history":[
                [
                    "202203",
                    49
                ],
                [
                    "202202",
                    39
                ],
                [
                    "202201",
                    44
                ]
            ],
            "rank_gap":-10
        },
        {
            "index":402,
            "아파트명":"미진이지비아",
            "투자타입":"일반",
            "전용면적(m2)":"76.37",
            "전용면적(평)":"23평",
            "법정동주소":"경상남도 통영시 용남면 화삼리 1041-2",
            "도로명주소":"경상남도 통영시 화포1길 59-9",
            "세대수":0,
            "입주년차":60,
            "용적률점수":"--",
            "건폐율점수":"--",
            "세대당주차수":30,
            "난방방식":30,
            "공급면적":"--",
            "전용률":"--",
            "욕실수":50,
            "현관타입":100,
            "주거총점":34.5,
            "지역구공급총점":0.0,
            "역세권":"NA",
            "30분내 이동가능 거점":"NA",
            "1시간내 이동가능 거점":"NA",
            "교통총점":"NA",
            "백화점":0,
            "아울렛몰":0,
            "대형마트":80,
            "은행":0,
            "병원":0,
            "종합병원":80,
            "공원":0,
            "혐오시설":0,
            "인프라총점":28.0,
            "초등학군":89.99,
            "중학군":36.82,
            "학군총점":47.454,
            "인구수":13.06,
            "인구증감":-10.98,
            "인구총점":5.848,
            "일자리":7.02,
            "소득수준":51.77,
            "일자리총점":20.445,
            "가치 총점":35.1385,
            "매매실거래년":20220210.0,
            "매매실거래가":13400.0,
            "전세실거래년":20161031.0,
            "전세실거래가":12500.0,
            "전세가율":106.84,
            "장기전세가율평균":71.24,
            "전세가율거품지수":-35.6,
            "검색코드":105197,
            "세대수":202.0,
            "준공년월":"2010-10-22",
            "준공년차":13.0,
            "가까운역이름":"NA",
            "가까운역거리":"NA",
            "역세권여부":"NA",
            "30분이내주요거점역":"NA",
            "30분거점역이름":"NA",
            "1시간이내주요거점역":"NA",
            "1시간거점역이름":"NA",
            "3km이내백화점수":0,
            "5km이내아울렛몰수":0,
            "1km이내대형먀트수":1,
            "500m이내은행수":0,
            "500m이내병원수":1,
            "5km이내대형병원수":1,
            "500m이내공원수":0,
            "3km이내혐오시설수":0,
            "초등학교학업성취도":89.99,
            "중학교학업성취도":60.7,
            "용적률":228,
            "건폐율":22,
            "Y":34.860115,
            "X":128.442014,
            "rank":50.0,
            "area_info":"23평(76.37), 29평(97.53), 29평(98.2)",
            "last_sales":"2022-02-10,13400.0,29평(98.2)",
            "rank_history":[
                [
                    "202203",
                    50
                ],
                [
                    "202202",
                    40
                ],
                [
                    "202201",
                    49
                ]
            ],
            "rank_gap":-10
        },
        {
            "index":144,
            "아파트명":"월드비치타운",
            "투자타입":"일반",
            "전용면적(m2)":"70.69",
            "전용면적(평)":"21평",
            "법정동주소":"경상남도 통영시 도천동 1022",
            "도로명주소":"경상남도 통영시",
            "세대수":0,
            "입주년차":20,
            "용적률점수":"--",
            "건폐율점수":"--",
            "세대당주차수":0,
            "난방방식":30,
            "공급면적":"--",
            "전용률":"--",
            "욕실수":50,
            "현관타입":100,
            "주거총점":22.0,
            "지역구공급총점":0.0,
            "역세권":"NA",
            "30분내 이동가능 거점":"NA",
            "1시간내 이동가능 거점":"NA",
            "교통총점":"NA",
            "백화점":0,
            "아울렛몰":0,
            "대형마트":80,
            "은행":0,
            "병원":60,
            "종합병원":80,
            "공원":80,
            "혐오시설":0,
            "인프라총점":36.4,
            "초등학군":90.01,
            "중학군":40.12,
            "학군총점":50.098,
            "인구수":13.06,
            "인구증감":-10.98,
            "인구총점":5.848,
            "일자리":7.02,
            "소득수준":51.77,
            "일자리총점":20.445,
            "가치 총점":34.7845,
            "매매실거래년":20211026.0,
            "매매실거래가":14000.0,
            "전세실거래년":20150630.0,
            "전세실거래가":4000.0,
            "전세가율":28.57,
            "장기전세가율평균":71.24,
            "전세가율거품지수":42.67,
            "검색코드":104001,
            "세대수":86.0,
            "준공년월":"2002-08-20",
            "준공년차":21.0,
            "가까운역이름":"NA",
            "가까운역거리":"NA",
            "역세권여부":"NA",
            "30분이내주요거점역":"NA",
            "30분거점역이름":"NA",
            "1시간이내주요거점역":"NA",
            "1시간거점역이름":"NA",
            "3km이내백화점수":0,
            "5km이내아울렛몰수":0,
            "1km이내대형먀트수":1,
            "500m이내은행수":0,
            "500m이내병원수":10,
            "5km이내대형병원수":1,
            "500m이내공원수":1,
            "3km이내혐오시설수":0,
            "초등학교학업성취도":90.01,
            "중학교학업성취도":65.8,
            "용적률":269,
            "건폐율":36,
            "Y":34.838691,
            "X":128.415374,
            "rank":51.0,
            "area_info":"21평(70.69), 32평(106.4), 47평(157.86)",
            "last_sales":"2021-10-26,14000.0,21평(70.69)",
            "rank_history":[
                [
                    "202203",
                    51
                ],
                [
                    "202202",
                    9999
                ]
            ],
            "rank_gap":9999
        },
        {
            "index":283,
            "아파트명":"미수일성유수안",
            "투자타입":"일반",
            "전용면적(m2)":"113.36",
            "전용면적(평)":"34평",
            "법정동주소":"경상남도 통영시 미수동 969",
            "도로명주소":"경상남도 통영시 미수해안로 38",
            "세대수":0,
            "입주년차":80,
            "용적률점수":"--",
            "건폐율점수":"--",
            "세대당주차수":30,
            "난방방식":30,
            "공급면적":"--",
            "전용률":"--",
            "욕실수":100,
            "현관타입":100,
            "주거총점":43.5,
            "지역구공급총점":0.0,
            "역세권":"NA",
            "30분내 이동가능 거점":"NA",
            "1시간내 이동가능 거점":"NA",
            "교통총점":"NA",
            "백화점":0,
            "아울렛몰":0,
            "대형마트":0,
            "은행":0,
            "병원":0,
            "종합병원":80,
            "공원":80,
            "혐오시설":0,
            "인프라총점":18.4,
            "초등학군":89.99,
            "중학군":38.34,
            "학군총점":48.67,
            "인구수":13.06,
            "인구증감":-10.98,
            "인구총점":5.848,
            "일자리":7.02,
            "소득수준":51.77,
            "일자리총점":20.445,
            "가치 총점":34.7525,
            "매매실거래년":20220125.0,
            "매매실거래가":23150.0,
            "전세실거래년":20210530.0,
            "전세실거래가":10000.0,
            "전세가율":43.48,
            "장기전세가율평균":71.24,
            "전세가율거품지수":27.76,
            "검색코드":107893,
            "세대수":231.0,
            "준공년월":"2015-12-30",
            "준공년차":8.0,
            "가까운역이름":"NA",
            "가까운역거리":"NA",
            "역세권여부":"NA",
            "30분이내주요거점역":"NA",
            "30분거점역이름":"NA",
            "1시간이내주요거점역":"NA",
            "1시간거점역이름":"NA",
            "3km이내백화점수":0,
            "5km이내아울렛몰수":0,
            "1km이내대형먀트수":0,
            "500m이내은행수":0,
            "500m이내병원수":1,
            "5km이내대형병원수":1,
            "500m이내공원수":1,
            "3km이내혐오시설수":0,
            "초등학교학업성취도":89.99,
            "중학교학업성취도":63.9,
            "용적률":189,
            "건폐율":23,
            "Y":34.829621,
            "X":128.408857,
            "rank":52.0,
            "area_info":"34평(113.36), 34평(113.01), 34평(113.36), 34평(113.01), 34평(113.0), 34평(114.15), 34평(114.28), 34평(114.15), 34평(114.28)",
            "last_sales":"2022-01-25,23150.0,34평(114.15)",
            "rank_history":[
                [
                    "202203",
                    52
                ],
                [
                    "202202",
                    41
                ],
                [
                    "202201",
                    35
                ]
            ],
            "rank_gap":-11
        },
        {
            "index":342,
            "아파트명":"송림데파트",
            "투자타입":"일반",
            "전용면적(m2)":"79.08",
            "전용면적(평)":"23평",
            "법정동주소":"경상남도 통영시 북신동 50-33",
            "도로명주소":"경상남도 통영시 중앙로 264",
            "세대수":0,
            "입주년차":0,
            "용적률점수":"--",
            "건폐율점수":"--",
            "세대당주차수":0,
            "난방방식":30,
            "공급면적":"--",
            "전용률":"--",
            "욕실수":100,
            "현관타입":50,
            "주거총점":18.0,
            "지역구공급총점":0.0,
            "역세권":"NA",
            "30분내 이동가능 거점":"NA",
            "1시간내 이동가능 거점":"NA",
            "교통총점":"NA",
            "백화점":0,
            "아울렛몰":0,
            "대형마트":100,
            "은행":0,
            "병원":80,
            "종합병원":80,
            "공원":80,
            "혐오시설":0,
            "인프라총점":41.4,
            "초등학군":90.0,
            "중학군":36.82,
            "학군총점":47.456,
            "인구수":13.06,
            "인구증감":-10.98,
            "인구총점":5.848,
            "일자리":7.02,
            "소득수준":51.77,
            "일자리총점":20.445,
            "가치 총점":34.724,
            "매매실거래년":20210908.0,
            "매매실거래가":16000.0,
            "전세실거래년":null,
            "전세실거래가":null,
            "전세가율":null,
            "장기전세가율평균":71.24,
            "전세가율거품지수":null,
            "검색코드":16909,
            "세대수":76.0,
            "준공년월":"1996-12-09",
            "준공년차":27.0,
            "가까운역이름":"NA",
            "가까운역거리":"NA",
            "역세권여부":"NA",
            "30분이내주요거점역":"NA",
            "30분거점역이름":"NA",
            "1시간이내주요거점역":"NA",
            "1시간거점역이름":"NA",
            "3km이내백화점수":0,
            "5km이내아울렛몰수":0,
            "1km이내대형먀트수":2,
            "500m이내은행수":1,
            "500m이내병원수":49,
            "5km이내대형병원수":1,
            "500m이내공원수":1,
            "3km이내혐오시설수":0,
            "초등학교학업성취도":90.0,
            "중학교학업성취도":60.7,
            "용적률":315,
            "건폐율":35,
            "Y":34.854094,
            "X":128.429088,
            "rank":53.0,
            "area_info":"23평(79.08), 26평(88.09), 27평(91.1), 38평(127.27)",
            "last_sales":"2021-09-08,16000.0,38평(127.27)",
            "rank_history":[
                [
                    "202203",
                    53
                ],
                [
                    "202202",
                    9999
                ]
            ],
            "rank_gap":9999
        },
        {
            "index":3,
            "아파트명":"대우죽림빌라",
            "투자타입":"일반",
            "전용면적(m2)":"76.56",
            "전용면적(평)":"23평",
            "법정동주소":"경상남도 통영시 광도면 죽림리 292-24",
            "도로명주소":"경상남도 통영시 죽림2로 14-7",
            "세대수":0,
            "입주년차":0,
            "용적률점수":"--",
            "건폐율점수":"--",
            "세대당주차수":0,
            "난방방식":30,
            "공급면적":"--",
            "전용률":"--",
            "욕실수":50,
            "현관타입":10,
            "주거총점":9.0,
            "지역구공급총점":0.0,
            "역세권":"NA",
            "30분내 이동가능 거점":"NA",
            "1시간내 이동가능 거점":"NA",
            "교통총점":"NA",
            "백화점":0,
            "아울렛몰":0,
            "대형마트":100,
            "은행":0,
            "병원":60,
            "종합병원":80,
            "공원":100,
            "혐오시설":0,
            "인프라총점":40.0,
            "초등학군":90.0,
            "중학군":50.52,
            "학군총점":58.416,
            "인구수":13.06,
            "인구증감":-10.98,
            "인구총점":5.848,
            "일자리":7.02,
            "소득수준":51.77,
            "일자리총점":20.445,
            "가치 총점":33.754,
            "매매실거래년":20220122.0,
            "매매실거래가":10800.0,
            "전세실거래년":20140516.0,
            "전세실거래가":11000.0,
            "전세가율":105.77,
            "장기전세가율평균":71.24,
            "전세가율거품지수":-34.53,
            "검색코드":101743,
            "세대수":110.0,
            "준공년월":"1995-02-22",
            "준공년차":28.0,
            "가까운역이름":"NA",
            "가까운역거리":"NA",
            "역세권여부":"NA",
            "30분이내주요거점역":"NA",
            "30분거점역이름":"NA",
            "1시간이내주요거점역":"NA",
            "1시간거점역이름":"NA",
            "3km이내백화점수":0,
            "5km이내아울렛몰수":0,
            "1km이내대형먀트수":4,
            "500m이내은행수":1,
            "500m이내병원수":13,
            "5km이내대형병원수":1,
            "500m이내공원수":4,
            "3km이내혐오시설수":0,
            "초등학교학업성취도":90.0,
            "중학교학업성취도":84.2,
            "용적률":0,
            "건폐율":0,
            "Y":34.880459,
            "X":128.414599,
            "rank":54.0,
            "area_info":"23평(76.56), 23평(77.99), 23평(78.25)",
            "last_sales":"2022-01-22,10800.0,23평(78.25)",
            "rank_history":[
                [
                    "202203",
                    54
                ],
                [
                    "202202",
                    42
                ],
                [
                    "202201",
                    46
                ]
            ],
            "rank_gap":-12
        },
        {
            "index":292,
            "아파트명":"서광맨션",
            "투자타입":"재건축",
            "전용면적(m2)":"64.43",
            "전용면적(평)":"19평",
            "법정동주소":"경상남도 통영시 미수동 381-1",
            "도로명주소":"경상남도 통영시 선금산2길 18",
            "세대수":0,
            "입주년차":"--",
            "용적률점수":60,
            "건폐율점수":40,
            "세대당주차수":"--",
            "난방방식":"--",
            "공급면적":50,
            "전용률":80,
            "욕실수":"--",
            "현관타입":"--",
            "주거총점":38.5,
            "지역구공급총점":0.0,
            "역세권":"NA",
            "30분내 이동가능 거점":"NA",
            "1시간내 이동가능 거점":"NA",
            "교통총점":"NA",
            "백화점":0,
            "아울렛몰":0,
            "대형마트":0,
            "은행":0,
            "병원":10,
            "종합병원":80,
            "공원":80,
            "혐오시설":0,
            "인프라총점":19.4,
            "초등학군":89.99,
            "중학군":38.34,
            "학군총점":48.67,
            "인구수":13.06,
            "인구증감":-10.98,
            "인구총점":5.848,
            "일자리":7.02,
            "소득수준":51.77,
            "일자리총점":20.445,
            "가치 총점":33.4025,
            "매매실거래년":20211006.0,
            "매매실거래가":4000.0,
            "전세실거래년":20210803.0,
            "전세실거래가":2000.0,
            "전세가율":50.0,
            "장기전세가율평균":71.24,
            "전세가율거품지수":21.24,
            "검색코드":16891,
            "세대수":170.0,
            "준공년월":"1990-03-17",
            "준공년차":33.0,
            "가까운역이름":"NA",
            "가까운역거리":"NA",
            "역세권여부":"NA",
            "30분이내주요거점역":"NA",
            "30분거점역이름":"NA",
            "1시간이내주요거점역":"NA",
            "1시간거점역이름":"NA",
            "3km이내백화점수":0,
            "5km이내아울렛몰수":0,
            "1km이내대형먀트수":0,
            "500m이내은행수":0,
            "500m이내병원수":4,
            "5km이내대형병원수":1,
            "500m이내공원수":1,
            "3km이내혐오시설수":0,
            "초등학교학업성취도":89.99,
            "중학교학업성취도":63.9,
            "용적률":193,
            "건폐율":39,
            "Y":34.825776,
            "X":128.403699,
            "rank":55.0,
            "area_info":"19평(64.43), 21평(69.62), 26평(86.93), 27평(89.42)",
            "last_sales":"2021-10-06,4000.0,19평(64.43)",
            "rank_history":[
                [
                    "202203",
                    55
                ],
                [
                    "202202",
                    43
                ],
                [
                    "202201",
                    42
                ]
            ],
            "rank_gap":-12
        },
        {
            "index":409,
            "아파트명":"용남동원로얄듀크",
            "투자타입":"일반",
            "전용면적(m2)":"82.64",
            "전용면적(평)":"24평",
            "법정동주소":"경상남도 통영시 용남면 장평리 400",
            "도로명주소":"경상남도 통영시 장평신촌1길 29",
            "세대수":30,
            "입주년차":20,
            "용적률점수":"--",
            "건폐율점수":"--",
            "세대당주차수":0,
            "난방방식":30,
            "공급면적":"--",
            "전용률":"--",
            "욕실수":50,
            "현관타입":100,
            "주거총점":32.5,
            "지역구공급총점":0.0,
            "역세권":"NA",
            "30분내 이동가능 거점":"NA",
            "1시간내 이동가능 거점":"NA",
            "교통총점":"NA",
            "백화점":0,
            "아울렛몰":0,
            "대형마트":0,
            "은행":0,
            "병원":0,
            "종합병원":80,
            "공원":0,
            "혐오시설":0,
            "인프라총점":16.0,
            "초등학군":90.0,
            "중학군":52.82,
            "학군총점":60.256,
            "인구수":13.06,
            "인구증감":-10.98,
            "인구총점":5.848,
            "일자리":7.02,
            "소득수준":51.77,
            "일자리총점":20.445,
            "가치 총점":32.839,
            "매매실거래년":20220209.0,
            "매매실거래가":9200.0,
            "전세실거래년":null,
            "전세실거래가":null,
            "전세가율":null,
            "장기전세가율평균":71.24,
            "전세가율거품지수":null,
            "검색코드":101124,
            "세대수":316.0,
            "준공년월":"2003-07-18",
            "준공년차":20.0,
            "가까운역이름":"NA",
            "가까운역거리":"NA",
            "역세권여부":"NA",
            "30분이내주요거점역":"NA",
            "30분거점역이름":"NA",
            "1시간이내주요거점역":"NA",
            "1시간거점역이름":"NA",
            "3km이내백화점수":0,
            "5km이내아울렛몰수":0,
            "1km이내대형먀트수":0,
            "500m이내은행수":0,
            "500m이내병원수":0,
            "5km이내대형병원수":1,
            "500m이내공원수":0,
            "3km이내혐오시설수":0,
            "초등학교학업성취도":90.0,
            "중학교학업성취도":87.7,
            "용적률":0,
            "건폐율":0,
            "Y":34.887928,
            "X":128.467916,
            "rank":56.0,
            "area_info":"24평(82.64), 25평(83.04)",
            "last_sales":"2022-02-09,9200.0,25평(83.04)",
            "rank_history":[
                [
                    "202203",
                    56
                ],
                [
                    "202202",
                    44
                ],
                [
                    "202201",
                    45
                ]
            ],
            "rank_gap":-12
        },
        {
            "index":363,
            "아파트명":"진우데파트",
            "투자타입":"일반",
            "전용면적(m2)":"86.47",
            "전용면적(평)":"26평",
            "법정동주소":"경상남도 통영시 북신동 694-1",
            "도로명주소":"경상남도 통영시 원문로 12",
            "세대수":0,
            "입주년차":0,
            "용적률점수":"--",
            "건폐율점수":"--",
            "세대당주차수":0,
            "난방방식":30,
            "공급면적":"--",
            "전용률":"--",
            "욕실수":50,
            "현관타입":10,
            "주거총점":9.0,
            "지역구공급총점":0.0,
            "역세권":"NA",
            "30분내 이동가능 거점":"NA",
            "1시간내 이동가능 거점":"NA",
            "교통총점":"NA",
            "백화점":0,
            "아울렛몰":0,
            "대형마트":100,
            "은행":20,
            "병원":80,
            "종합병원":80,
            "공원":100,
            "혐오시설":0,
            "인프라총점":44.0,
            "초등학군":90.0,
            "중학군":36.82,
            "학군총점":47.456,
            "인구수":13.06,
            "인구증감":-10.98,
            "인구총점":5.848,
            "일자리":7.02,
            "소득수준":51.77,
            "일자리총점":20.445,
            "가치 총점":32.614,
            "매매실거래년":20220107.0,
            "매매실거래가":14500.0,
            "전세실거래년":20190906.0,
            "전세실거래가":10500.0,
            "전세가율":72.41,
            "장기전세가율평균":71.24,
            "전세가율거품지수":-1.17,
            "검색코드":16910,
            "세대수":94.0,
            "준공년월":"1994-04-29",
            "준공년차":29.0,
            "가까운역이름":"NA",
            "가까운역거리":"NA",
            "역세권여부":"NA",
            "30분이내주요거점역":"NA",
            "30분거점역이름":"NA",
            "1시간이내주요거점역":"NA",
            "1시간거점역이름":"NA",
            "3km이내백화점수":0,
            "5km이내아울렛몰수":0,
            "1km이내대형먀트수":2,
            "500m이내은행수":2,
            "500m이내병원수":56,
            "5km이내대형병원수":1,
            "500m이내공원수":2,
            "3km이내혐오시설수":0,
            "초등학교학업성취도":90.0,
            "중학교학업성취도":60.7,
            "용적률":465,
            "건폐율":68,
            "Y":34.857562,
            "X":128.4274,
            "rank":57.0,
            "area_info":"26평(86.47), 37평(122.82)",
            "last_sales":"2022-01-07,14500.0,26평(86.47)",
            "rank_history":[
                [
                    "202203",
                    57
                ],
                [
                    "202202",
                    9999
                ]
            ],
            "rank_gap":9999
        },
        {
            "index":336,
            "아파트명":"광우그랜드맨션",
            "투자타입":"재건축",
            "전용면적(m2)":"103.31",
            "전용면적(평)":"31평",
            "법정동주소":"경상남도 통영시 북신동 703",
            "도로명주소":"경상남도 통영시 여황로 404-26",
            "세대수":0,
            "입주년차":"--",
            "용적률점수":0,
            "건폐율점수":0,
            "세대당주차수":"--",
            "난방방식":"--",
            "공급면적":90,
            "전용률":80,
            "욕실수":"--",
            "현관타입":"--",
            "주거총점":8.5,
            "지역구공급총점":0.0,
            "역세권":"NA",
            "30분내 이동가능 거점":"NA",
            "1시간내 이동가능 거점":"NA",
            "교통총점":"NA",
            "백화점":0,
            "아울렛몰":0,
            "대형마트":100,
            "은행":20,
            "병원":80,
            "종합병원":80,
            "공원":100,
            "혐오시설":0,
            "인프라총점":44.0,
            "초등학군":90.0,
            "중학군":36.82,
            "학군총점":47.456,
            "인구수":13.06,
            "인구증감":-10.98,
            "인구총점":5.848,
            "일자리":7.02,
            "소득수준":51.77,
            "일자리총점":20.445,
            "가치 총점":32.439,
            "매매실거래년":20220128.0,
            "매매실거래가":17700.0,
            "전세실거래년":null,
            "전세실거래가":null,
            "전세가율":null,
            "장기전세가율평균":71.24,
            "전세가율거품지수":null,
            "검색코드":7750,
            "세대수":150.0,
            "준공년월":"1992-04-20",
            "준공년차":31.0,
            "가까운역이름":"NA",
            "가까운역거리":"NA",
            "역세권여부":"NA",
            "30분이내주요거점역":"NA",
            "30분거점역이름":"NA",
            "1시간이내주요거점역":"NA",
            "1시간거점역이름":"NA",
            "3km이내백화점수":0,
            "5km이내아울렛몰수":0,
            "1km이내대형먀트수":2,
            "500m이내은행수":2,
            "500m이내병원수":56,
            "5km이내대형병원수":1,
            "500m이내공원수":2,
            "3km이내혐오시설수":0,
            "초등학교학업성취도":90.0,
            "중학교학업성취도":60.7,
            "용적률":0,
            "건폐율":0,
            "Y":34.856465,
            "X":128.426476,
            "rank":58.0,
            "area_info":"31평(103.31), 51평(169.96)",
            "last_sales":"2022-01-28,17700.0,31평(103.31)",
            "rank_history":[
                [
                    "202203",
                    58
                ],
                [
                    "202202",
                    45
                ],
                [
                    "202201",
                    50
                ]
            ],
            "rank_gap":-13
        },
        {
            "index":390,
            "아파트명":"덕진왈츠",
            "투자타입":"일반",
            "전용면적(m2)":"30.78",
            "전용면적(평)":"9평",
            "법정동주소":"경상남도 통영시 용남면 장평리 222-2",
            "도로명주소":"경상남도 통영시 견내량로 102",
            "세대수":0,
            "입주년차":60,
            "용적률점수":"--",
            "건폐율점수":"--",
            "세대당주차수":0,
            "난방방식":30,
            "공급면적":"--",
            "전용률":"--",
            "욕실수":50,
            "현관타입":100,
            "주거총점":30.0,
            "지역구공급총점":0.0,
            "역세권":"NA",
            "30분내 이동가능 거점":"NA",
            "1시간내 이동가능 거점":"NA",
            "교통총점":"NA",
            "백화점":0,
            "아울렛몰":0,
            "대형마트":0,
            "은행":0,
            "병원":0,
            "종합병원":80,
            "공원":0,
            "혐오시설":0,
            "인프라총점":16.0,
            "초등학군":90.0,
            "중학군":52.82,
            "학군총점":60.256,
            "인구수":13.06,
            "인구증감":-10.98,
            "인구총점":5.848,
            "일자리":7.02,
            "소득수준":51.77,
            "일자리총점":20.445,
            "가치 총점":31.964,
            "매매실거래년":20201202.0,
            "매매실거래가":17500.0,
            "전세실거래년":20180828.0,
            "전세실거래가":3000.0,
            "전세가율":84.51,
            "장기전세가율평균":71.24,
            "전세가율거품지수":-13.27,
            "검색코드":112744,
            "세대수":102.0,
            "준공년월":"2013-09-04",
            "준공년차":10.0,
            "가까운역이름":"NA",
            "가까운역거리":"NA",
            "역세권여부":"NA",
            "30분이내주요거점역":"NA",
            "30분거점역이름":"NA",
            "1시간이내주요거점역":"NA",
            "1시간거점역이름":"NA",
            "3km이내백화점수":0,
            "5km이내아울렛몰수":0,
            "1km이내대형먀트수":0,
            "500m이내은행수":0,
            "500m이내병원수":0,
            "5km이내대형병원수":1,
            "500m이내공원수":0,
            "3km이내혐오시설수":0,
            "초등학교학업성취도":90.0,
            "중학교학업성취도":87.7,
            "용적률":139,
            "건폐율":18,
            "Y":34.885108,
            "X":128.46744,
            "rank":59.0,
            "area_info":"9평(30.78), 11평(37.95), 14평(47.96), 31평(103.17), 34평(113.81), 34평(114.27), 34평(114.04)",
            "last_sales":"2020-12-02,17500.0,34평(114.04)",
            "rank_history":[
                [
                    "202203",
                    59
                ],
                [
                    "202202",
                    46
                ],
                [
                    "202201",
                    47
                ]
            ],
            "rank_gap":-13
        },
        {
            "index":132,
            "아파트명":"만유빌라트",
            "투자타입":"일반",
            "전용면적(m2)":"86.44",
            "전용면적(평)":"26평",
            "법정동주소":"경상남도 통영시 도천동 437",
            "도로명주소":"경상남도 통영시 여황로 192",
            "세대수":0,
            "입주년차":0,
            "용적률점수":"--",
            "건폐율점수":"--",
            "세대당주차수":30,
            "난방방식":30,
            "공급면적":"--",
            "전용률":"--",
            "욕실수":50,
            "현관타입":10,
            "주거총점":13.5,
            "지역구공급총점":0.0,
            "역세권":"NA",
            "30분내 이동가능 거점":"NA",
            "1시간내 이동가능 거점":"NA",
            "교통총점":"NA",
            "백화점":0,
            "아울렛몰":0,
            "대형마트":80,
            "은행":0,
            "병원":60,
            "종합병원":80,
            "공원":80,
            "혐오시설":0,
            "인프라총점":36.4,
            "초등학군":90.01,
            "중학군":40.12,
            "학군총점":50.098,
            "인구수":13.06,
            "인구증감":-10.98,
            "인구총점":5.848,
            "일자리":7.02,
            "소득수준":51.77,
            "일자리총점":20.445,
            "가치 총점":31.8095,
            "매매실거래년":20211121.0,
            "매매실거래가":8400.0,
            "전세실거래년":20140911.0,
            "전세실거래가":8000.0,
            "전세가율":95.24,
            "장기전세가율평균":71.24,
            "전세가율거품지수":-24.0,
            "검색코드":101751,
            "세대수":60.0,
            "준공년월":"1998-04-30",
            "준공년차":25.0,
            "가까운역이름":"NA",
            "가까운역거리":"NA",
            "역세권여부":"NA",
            "30분이내주요거점역":"NA",
            "30분거점역이름":"NA",
            "1시간이내주요거점역":"NA",
            "1시간거점역이름":"NA",
            "3km이내백화점수":0,
            "5km이내아울렛몰수":0,
            "1km이내대형먀트수":1,
            "500m이내은행수":0,
            "500m이내병원수":14,
            "5km이내대형병원수":1,
            "500m이내공원수":1,
            "3km이내혐오시설수":0,
            "초등학교학업성취도":90.01,
            "중학교학업성취도":65.8,
            "용적률":126,
            "건폐율":29,
            "Y":34.841728,
            "X":128.41564,
            "rank":60.0,
            "area_info":"26평(86.44), 28평(95.4), 31평(105.55)",
            "last_sales":"2021-11-21,8400.0,26평(86.44)",
            "rank_history":[
                [
                    "202203",
                    60
                ],
                [
                    "202202",
                    9999
                ]
            ],
            "rank_gap":9999
        },
        {
            "index":198,
            "아파트명":"일성한솔타운",
            "투자타입":"일반",
            "전용면적(m2)":"75.54",
            "전용면적(평)":"22평",
            "법정동주소":"경상남도 통영시 무전동 994-12",
            "도로명주소":"경상남도 통영시 안개4길 11-6",
            "세대수":0,
            "입주년차":0,
            "용적률점수":"--",
            "건폐율점수":"--",
            "세대당주차수":0,
            "난방방식":30,
            "공급면적":"--",
            "전용률":"--",
            "욕실수":50,
            "현관타입":10,
            "주거총점":9.0,
            "지역구공급총점":0.0,
            "역세권":"NA",
            "30분내 이동가능 거점":"NA",
            "1시간내 이동가능 거점":"NA",
            "교통총점":"NA",
            "백화점":0,
            "아울렛몰":0,
            "대형마트":100,
            "은행":20,
            "병원":80,
            "종합병원":80,
            "공원":0,
            "혐오시설":0,
            "인프라총점":41.0,
            "초등학군":90.0,
            "중학군":36.82,
            "학군총점":47.456,
            "인구수":13.06,
            "인구증감":-10.98,
            "인구총점":5.848,
            "일자리":7.02,
            "소득수준":51.77,
            "일자리총점":20.445,
            "가치 총점":31.414,
            "매매실거래년":20210730.0,
            "매매실거래가":10800.0,
            "전세실거래년":20201015.0,
            "전세실거래가":7500.0,
            "전세가율":69.44,
            "장기전세가율평균":71.24,
            "전세가율거품지수":1.8,
            "검색코드":16876,
            "세대수":94.0,
            "준공년월":"1997-03-20",
            "준공년차":26.0,
            "가까운역이름":"NA",
            "가까운역거리":"NA",
            "역세권여부":"NA",
            "30분이내주요거점역":"NA",
            "30분거점역이름":"NA",
            "1시간이내주요거점역":"NA",
            "1시간거점역이름":"NA",
            "3km이내백화점수":0,
            "5km이내아울렛몰수":0,
            "1km이내대형먀트수":2,
            "500m이내은행수":2,
            "500m이내병원수":47,
            "5km이내대형병원수":1,
            "500m이내공원수":0,
            "3km이내혐오시설수":0,
            "초등학교학업성취도":90.0,
            "중학교학업성취도":60.7,
            "용적률":348,
            "건폐율":43,
            "Y":34.857511,
            "X":128.431588,
            "rank":61.0,
            "area_info":"22평(75.54), 32평(107.24)",
            "last_sales":"2021-07-30,10800.0,22평(75.54)",
            "rank_history":[
                [
                    "202203",
                    61
                ],
                [
                    "202202",
                    9999
                ]
            ],
            "rank_gap":9999
        },
        {
            "index":373,
            "아파트명":"진우일성타운",
            "투자타입":"재건축",
            "전용면적(m2)":"80.89",
            "전용면적(평)":"24평",
            "법정동주소":"경상남도 통영시 북신동 702",
            "도로명주소":"경상남도 통영시 여황로 399-4",
            "세대수":0,
            "입주년차":"--",
            "용적률점수":0,
            "건폐율점수":0,
            "세대당주차수":"--",
            "난방방식":"--",
            "공급면적":50,
            "전용률":60,
            "욕실수":"--",
            "현관타입":"--",
            "주거총점":5.5,
            "지역구공급총점":0.0,
            "역세권":"NA",
            "30분내 이동가능 거점":"NA",
            "1시간내 이동가능 거점":"NA",
            "교통총점":"NA",
            "백화점":0,
            "아울렛몰":0,
            "대형마트":100,
            "은행":20,
            "병원":80,
            "종합병원":80,
            "공원":100,
            "혐오시설":0,
            "인프라총점":44.0,
            "초등학군":90.0,
            "중학군":36.82,
            "학군총점":47.456,
            "인구수":13.06,
            "인구증감":-10.98,
            "인구총점":5.848,
            "일자리":7.02,
            "소득수준":51.77,
            "일자리총점":20.445,
            "가치 총점":31.389,
            "매매실거래년":20220129.0,
            "매매실거래가":16700.0,
            "전세실거래년":20210817.0,
            "전세실거래가":10000.0,
            "전세가율":86.96,
            "장기전세가율평균":71.24,
            "전세가율거품지수":-15.72,
            "검색코드":7763,
            "세대수":180.0,
            "준공년월":"1992-03-31",
            "준공년차":31.0,
            "가까운역이름":"NA",
            "가까운역거리":"NA",
            "역세권여부":"NA",
            "30분이내주요거점역":"NA",
            "30분거점역이름":"NA",
            "1시간이내주요거점역":"NA",
            "1시간거점역이름":"NA",
            "3km이내백화점수":0,
            "5km이내아울렛몰수":0,
            "1km이내대형먀트수":2,
            "500m이내은행수":2,
            "500m이내병원수":53,
            "5km이내대형병원수":1,
            "500m이내공원수":2,
            "3km이내혐오시설수":0,
            "초등학교학업성취도":90.0,
            "중학교학업성취도":60.7,
            "용적률":0,
            "건폐율":0,
            "Y":34.856696,
            "X":128.425044,
            "rank":62.0,
            "area_info":"24평(80.89), 30평(102.44), 46평(152.38)",
            "last_sales":"2022-01-29,16700.0,30평(102.44)",
            "rank_history":[
                [
                    "202203",
                    62
                ],
                [
                    "202202",
                    47
                ],
                [
                    "202201",
                    52
                ]
            ],
            "rank_gap":-15
        },
        {
            "index":332,
            "아파트명":"거송뉴월드맨션",
            "투자타입":"재건축",
            "전용면적(m2)":"108.29",
            "전용면적(평)":"32평",
            "법정동주소":"경상남도 통영시 북신동 661-1",
            "도로명주소":"경상남도 통영시 북신발개등1길 11",
            "세대수":0,
            "입주년차":"--",
            "용적률점수":0,
            "건폐율점수":0,
            "세대당주차수":"--",
            "난방방식":"--",
            "공급면적":90,
            "전용률":60,
            "욕실수":"--",
            "현관타입":"--",
            "주거총점":7.5,
            "지역구공급총점":0.0,
            "역세권":"NA",
            "30분내 이동가능 거점":"NA",
            "1시간내 이동가능 거점":"NA",
            "교통총점":"NA",
            "백화점":0,
            "아울렛몰":0,
            "대형마트":100,
            "은행":0,
            "병원":80,
            "종합병원":80,
            "공원":80,
            "혐오시설":0,
            "인프라총점":41.4,
            "초등학군":90.0,
            "중학군":36.82,
            "학군총점":47.456,
            "인구수":13.06,
            "인구증감":-10.98,
            "인구총점":5.848,
            "일자리":7.02,
            "소득수준":51.77,
            "일자리총점":20.445,
            "가치 총점":31.049,
            "매매실거래년":20211227.0,
            "매매실거래가":18000.0,
            "전세실거래년":null,
            "전세실거래가":null,
            "전세가율":null,
            "장기전세가율평균":71.24,
            "전세가율거품지수":null,
            "검색코드":111503,
            "세대수":92.0,
            "준공년월":"1989-05-19",
            "준공년차":34.0,
            "가까운역이름":"NA",
            "가까운역거리":"NA",
            "역세권여부":"NA",
            "30분이내주요거점역":"NA",
            "30분거점역이름":"NA",
            "1시간이내주요거점역":"NA",
            "1시간거점역이름":"NA",
            "3km이내백화점수":0,
            "5km이내아울렛몰수":0,
            "1km이내대형먀트수":2,
            "500m이내은행수":1,
            "500m이내병원수":53,
            "5km이내대형병원수":1,
            "500m이내공원수":1,
            "3km이내혐오시설수":0,
            "초등학교학업성취도":90.0,
            "중학교학업성취도":60.7,
            "용적률":0,
            "건폐율":0,
            "Y":34.855625,
            "X":128.427138,
            "rank":63.0,
            "area_info":"32평(108.29), 38평(128.35), 44평(147.87), 45평(148.95)",
            "last_sales":"2021-12-27,18000.0,45평(148.95)",
            "rank_history":[
                [
                    "202203",
                    63
                ],
                [
                    "202202",
                    9999
                ]
            ],
            "rank_gap":9999
        },
        {
            "index":376,
            "아파트명":"진우하이야트맨션",
            "투자타입":"재건축",
            "전용면적(m2)":"100.45",
            "전용면적(평)":"30평",
            "법정동주소":"경상남도 통영시 북신동 562-1",
            "도로명주소":"경상남도 통영시 여황로 389",
            "세대수":0,
            "입주년차":"--",
            "용적률점수":0,
            "건폐율점수":0,
            "세대당주차수":"--",
            "난방방식":"--",
            "공급면적":90,
            "전용률":60,
            "욕실수":"--",
            "현관타입":"--",
            "주거총점":7.5,
            "지역구공급총점":0.0,
            "역세권":"NA",
            "30분내 이동가능 거점":"NA",
            "1시간내 이동가능 거점":"NA",
            "교통총점":"NA",
            "백화점":0,
            "아울렛몰":0,
            "대형마트":100,
            "은행":0,
            "병원":80,
            "종합병원":80,
            "공원":80,
            "혐오시설":0,
            "인프라총점":41.4,
            "초등학군":90.0,
            "중학군":36.82,
            "학군총점":47.456,
            "인구수":13.06,
            "인구증감":-10.98,
            "인구총점":5.848,
            "일자리":7.02,
            "소득수준":51.77,
            "일자리총점":20.445,
            "가치 총점":31.049,
            "매매실거래년":20211011.0,
            "매매실거래가":11400.0,
            "전세실거래년":20190131.0,
            "전세실거래가":9000.0,
            "전세가율":60.0,
            "장기전세가율평균":71.24,
            "전세가율거품지수":11.24,
            "검색코드":108698,
            "세대수":84.0,
            "준공년월":"1990-11-07",
            "준공년차":33.0,
            "가까운역이름":"NA",
            "가까운역거리":"NA",
            "역세권여부":"NA",
            "30분이내주요거점역":"NA",
            "30분거점역이름":"NA",
            "1시간이내주요거점역":"NA",
            "1시간거점역이름":"NA",
            "3km이내백화점수":0,
            "5km이내아울렛몰수":0,
            "1km이내대형먀트수":2,
            "500m이내은행수":0,
            "500m이내병원수":49,
            "5km이내대형병원수":1,
            "500m이내공원수":1,
            "3km이내혐오시설수":0,
            "초등학교학업성취도":90.0,
            "중학교학업성취도":60.7,
            "용적률":0,
            "건폐율":0,
            "Y":34.855235,
            "X":128.425179,
            "rank":63.0,
            "area_info":"30평(100.45), 30평(102.3), 30평(102.26), 34평(112.63)",
            "last_sales":"2021-10-11,11400.0,30평(102.3)",
            "rank_history":[
                [
                    "202203",
                    63
                ],
                [
                    "202202",
                    9999
                ]
            ],
            "rank_gap":9999
        },
        {
            "index":399,
            "아파트명":"동남전원맨션2차",
            "투자타입":"일반",
            "전용면적(m2)":"72.9",
            "전용면적(평)":"22평",
            "법정동주소":"경상남도 통영시 용남면 동달리 757-1",
            "도로명주소":"경상남도 통영시 남해안대로 416-25",
            "세대수":0,
            "입주년차":0,
            "용적률점수":"--",
            "건폐율점수":"--",
            "세대당주차수":0,
            "난방방식":30,
            "공급면적":"--",
            "전용률":"--",
            "욕실수":50,
            "현관타입":100,
            "주거총점":18.0,
            "지역구공급총점":0.0,
            "역세권":"NA",
            "30분내 이동가능 거점":"NA",
            "1시간내 이동가능 거점":"NA",
            "교통총점":"NA",
            "백화점":0,
            "아울렛몰":0,
            "대형마트":80,
            "은행":0,
            "병원":0,
            "종합병원":80,
            "공원":100,
            "혐오시설":0,
            "인프라총점":31.0,
            "초등학군":89.99,
            "중학군":36.82,
            "학군총점":47.454,
            "인구수":13.06,
            "인구증감":-10.98,
            "인구총점":5.848,
            "일자리":7.02,
            "소득수준":51.77,
            "일자리총점":20.445,
            "가치 총점":30.5635,
            "매매실거래년":20211113.0,
            "매매실거래가":10450.0,
            "전세실거래년":20191210.0,
            "전세실거래가":6000.0,
            "전세가율":78.95,
            "장기전세가율평균":71.24,
            "전세가율거품지수":-7.71,
            "검색코드":16915,
            "세대수":90.0,
            "준공년월":"1997-12-12",
            "준공년차":26.0,
            "가까운역이름":"NA",
            "가까운역거리":"NA",
            "역세권여부":"NA",
            "30분이내주요거점역":"NA",
            "30분거점역이름":"NA",
            "1시간이내주요거점역":"NA",
            "1시간거점역이름":"NA",
            "3km이내백화점수":0,
            "5km이내아울렛몰수":0,
            "1km이내대형먀트수":1,
            "500m이내은행수":0,
            "500m이내병원수":0,
            "5km이내대형병원수":1,
            "500m이내공원수":2,
            "3km이내혐오시설수":0,
            "초등학교학업성취도":89.99,
            "중학교학업성취도":60.7,
            "용적률":192,
            "건폐율":40,
            "Y":34.871074,
            "X":128.444843,
            "rank":64.0,
            "area_info":"22평(72.9), 23평(79.11), 27평(89.82)",
            "last_sales":"2021-11-13,10450.0,27평(89.82)",
            "rank_history":[
                [
                    "202203",
                    64
                ],
                [
                    "202202",
                    9999
                ]
            ],
            "rank_gap":9999
        },
        {
            "index":511,
            "아파트명":"주영라이프",
            "투자타입":"일반",
            "전용면적(m2)":"75.97",
            "전용면적(평)":"22평",
            "법정동주소":"경상남도 통영시 태평동 10",
            "도로명주소":"경상남도 통영시 비석1길 49",
            "세대수":0,
            "입주년차":0,
            "용적률점수":"--",
            "건폐율점수":"--",
            "세대당주차수":0,
            "난방방식":30,
            "공급면적":"--",
            "전용률":"--",
            "욕실수":50,
            "현관타입":100,
            "주거총점":18.0,
            "지역구공급총점":0.0,
            "역세권":"NA",
            "30분내 이동가능 거점":"NA",
            "1시간내 이동가능 거점":"NA",
            "교통총점":"NA",
            "백화점":0,
            "아울렛몰":0,
            "대형마트":80,
            "은행":0,
            "병원":30,
            "종합병원":80,
            "공원":0,
            "혐오시설":0,
            "인프라총점":31.0,
            "초등학군":89.97,
            "중학군":36.82,
            "학군총점":47.45,
            "인구수":13.06,
            "인구증감":-10.98,
            "인구총점":5.848,
            "일자리":7.02,
            "소득수준":51.77,
            "일자리총점":20.445,
            "가치 총점":30.5625,
            "매매실거래년":20211119.0,
            "매매실거래가":14300.0,
            "전세실거래년":20200429.0,
            "전세실거래가":8000.0,
            "전세가율":57.97,
            "장기전세가율평균":71.24,
            "전세가율거품지수":13.27,
            "검색코드":7774,
            "세대수":176.0,
            "준공년월":"1997-05-06",
            "준공년차":26.0,
            "가까운역이름":"NA",
            "가까운역거리":"NA",
            "역세권여부":"NA",
            "30분이내주요거점역":"NA",
            "30분거점역이름":"NA",
            "1시간이내주요거점역":"NA",
            "1시간거점역이름":"NA",
            "3km이내백화점수":0,
            "5km이내아울렛몰수":0,
            "1km이내대형먀트수":1,
            "500m이내은행수":0,
            "500m이내병원수":9,
            "5km이내대형병원수":1,
            "500m이내공원수":0,
            "3km이내혐오시설수":0,
            "초등학교학업성취도":89.97,
            "중학교학업성취도":60.7,
            "용적률":172,
            "건폐율":21,
            "Y":34.849275,
            "X":128.42809,
            "rank":65.0,
            "area_info":"22평(75.97), 31평(102.89)",
            "last_sales":"2021-11-19,14300.0,31평(102.89)",
            "rank_history":[
                [
                    "202203",
                    65
                ],
                [
                    "202202",
                    48
                ],
                [
                    "202201",
                    61
                ]
            ],
            "rank_gap":-17
        },
        {
            "index":265,
            "아파트명":"대영유토피아",
            "투자타입":"일반",
            "전용면적(m2)":"79.94",
            "전용면적(평)":"24평",
            "법정동주소":"경상남도 통영시 미수동 1-12",
            "도로명주소":"경상남도 통영시 운하1길 46",
            "세대수":0,
            "입주년차":0,
            "용적률점수":"--",
            "건폐율점수":"--",
            "세대당주차수":30,
            "난방방식":80,
            "공급면적":"--",
            "전용률":"--",
            "욕실수":50,
            "현관타입":10,
            "주거총점":18.5,
            "지역구공급총점":0.0,
            "역세권":"NA",
            "30분내 이동가능 거점":"NA",
            "1시간내 이동가능 거점":"NA",
            "교통총점":"NA",
            "백화점":0,
            "아울렛몰":0,
            "대형마트":80,
            "은행":0,
            "병원":10,
            "종합병원":80,
            "공원":0,
            "혐오시설":0,
            "인프라총점":29.0,
            "초등학군":89.99,
            "중학군":38.34,
            "학군총점":48.67,
            "인구수":13.06,
            "인구증감":-10.98,
            "인구총점":5.848,
            "일자리":7.02,
            "소득수준":51.77,
            "일자리총점":20.445,
            "가치 총점":30.2425,
            "매매실거래년":20211224.0,
            "매매실거래가":11300.0,
            "전세실거래년":20210402.0,
            "전세실거래가":6000.0,
            "전세가율":53.1,
            "장기전세가율평균":71.24,
            "전세가율거품지수":18.14,
            "검색코드":16893,
            "세대수":102.0,
            "준공년월":"1996-12-24",
            "준공년차":27.0,
            "가까운역이름":"NA",
            "가까운역거리":"NA",
            "역세권여부":"NA",
            "30분이내주요거점역":"NA",
            "30분거점역이름":"NA",
            "1시간이내주요거점역":"NA",
            "1시간거점역이름":"NA",
            "3km이내백화점수":0,
            "5km이내아울렛몰수":0,
            "1km이내대형먀트수":1,
            "500m이내은행수":0,
            "500m이내병원수":3,
            "5km이내대형병원수":1,
            "500m이내공원수":0,
            "3km이내혐오시설수":0,
            "초등학교학업성취도":89.99,
            "중학교학업성취도":63.9,
            "용적률":368,
            "건폐율":58,
            "Y":34.83304,
            "X":128.41221,
            "rank":66.0,
            "area_info":"24평(79.94), 31평(103.69), 33평(109.7), 44평(146.11)",
            "last_sales":"2021-12-24,11300.0,24평(79.94)",
            "rank_history":[
                [
                    "202203",
                    66
                ],
                [
                    "202202",
                    49
                ],
                [
                    "202201",
                    48
                ]
            ],
            "rank_gap":-17
        },
        {
            "index":135,
            "아파트명":"신한토탈",
            "투자타입":"일반",
            "전용면적(m2)":"86.92",
            "전용면적(평)":"26평",
            "법정동주소":"경상남도 통영시 도천동 52-18",
            "도로명주소":"경상남도 통영시 도천상가안길 73",
            "세대수":0,
            "입주년차":0,
            "용적률점수":"--",
            "건폐율점수":"--",
            "세대당주차수":0,
            "난방방식":30,
            "공급면적":"--",
            "전용률":"--",
            "욕실수":50,
            "현관타입":10,
            "주거총점":9.0,
            "지역구공급총점":0.0,
            "역세권":"NA",
            "30분내 이동가능 거점":"NA",
            "1시간내 이동가능 거점":"NA",
            "교통총점":"NA",
            "백화점":0,
            "아울렛몰":0,
            "대형마트":80,
            "은행":0,
            "병원":60,
            "종합병원":80,
            "공원":80,
            "혐오시설":0,
            "인프라총점":36.4,
            "초등학군":90.01,
            "중학군":40.12,
            "학군총점":50.098,
            "인구수":13.06,
            "인구증감":-10.98,
            "인구총점":5.848,
            "일자리":7.02,
            "소득수준":51.77,
            "일자리총점":20.445,
            "가치 총점":30.2345,
            "매매실거래년":20220127.0,
            "매매실거래가":10000.0,
            "전세실거래년":20160929.0,
            "전세실거래가":8000.0,
            "전세가율":80.0,
            "장기전세가율평균":71.24,
            "전세가율거품지수":-8.76,
            "검색코드":16868,
            "세대수":103.0,
            "준공년월":"1996-07-08",
            "준공년차":27.0,
            "가까운역이름":"NA",
            "가까운역거리":"NA",
            "역세권여부":"NA",
            "30분이내주요거점역":"NA",
            "30분거점역이름":"NA",
            "1시간이내주요거점역":"NA",
            "1시간거점역이름":"NA",
            "3km이내백화점수":0,
            "5km이내아울렛몰수":0,
            "1km이내대형먀트수":1,
            "500m이내은행수":0,
            "500m이내병원수":13,
            "5km이내대형병원수":1,
            "500m이내공원수":1,
            "3km이내혐오시설수":0,
            "초등학교학업성취도":90.01,
            "중학교학업성취도":65.8,
            "용적률":368,
            "건폐율":56,
            "Y":34.839526,
            "X":128.416242,
            "rank":67.0,
            "area_info":"26평(86.92), 39평(129.64), 43평(145.27), 60평(199.98)",
            "last_sales":"2022-01-27,10000.0,26평(86.92)",
            "rank_history":[
                [
                    "202203",
                    67
                ],
                [
                    "202202",
                    50
                ],
                [
                    "202201",
                    51
                ]
            ],
            "rank_gap":-17
        },
        {
            "index":139,
            "아파트명":"영생비치맨션2차",
            "투자타입":"일반",
            "전용면적(m2)":"74.84",
            "전용면적(평)":"22평",
            "법정동주소":"경상남도 통영시 도천동 1002",
            "도로명주소":"경상남도 통영시 도천상가안길 9",
            "세대수":0,
            "입주년차":0,
            "용적률점수":"--",
            "건폐율점수":"--",
            "세대당주차수":0,
            "난방방식":30,
            "공급면적":"--",
            "전용률":"--",
            "욕실수":50,
            "현관타입":10,
            "주거총점":9.0,
            "지역구공급총점":0.0,
            "역세권":"NA",
            "30분내 이동가능 거점":"NA",
            "1시간내 이동가능 거점":"NA",
            "교통총점":"NA",
            "백화점":0,
            "아울렛몰":0,
            "대형마트":80,
            "은행":0,
            "병원":30,
            "종합병원":80,
            "공원":80,
            "혐오시설":0,
            "인프라총점":33.4,
            "초등학군":90.01,
            "중학군":40.12,
            "학군총점":50.098,
            "인구수":13.06,
            "인구증감":-10.98,
            "인구총점":5.848,
            "일자리":7.02,
            "소득수준":51.77,
            "일자리총점":20.445,
            "가치 총점":29.0345,
            "매매실거래년":20211223.0,
            "매매실거래가":15500.0,
            "전세실거래년":20121003.0,
            "전세실거래가":9000.0,
            "전세가율":75.0,
            "장기전세가율평균":71.24,
            "전세가율거품지수":-3.76,
            "검색코드":16869,
            "세대수":180.0,
            "준공년월":"1998-07-11",
            "준공년차":25.0,
            "가까운역이름":"NA",
            "가까운역거리":"NA",
            "역세권여부":"NA",
            "30분이내주요거점역":"NA",
            "30분거점역이름":"NA",
            "1시간이내주요거점역":"NA",
            "1시간거점역이름":"NA",
            "3km이내백화점수":0,
            "5km이내아울렛몰수":0,
            "1km이내대형먀트수":1,
            "500m이내은행수":0,
            "500m이내병원수":5,
            "5km이내대형병원수":1,
            "500m이내공원수":1,
            "3km이내혐오시설수":0,
            "초등학교학업성취도":90.01,
            "중학교학업성취도":65.8,
            "용적률":356,
            "건폐율":35,
            "Y":34.837935,
            "X":128.414758,
            "rank":68.0,
            "area_info":"22평(74.84), 26평(86.91), 29평(98.1), 31평(105.29), 47평(156.43)",
            "last_sales":"2021-12-23,15500.0,29평(98.1)",
            "rank_history":[
                [
                    "202203",
                    68
                ],
                [
                    "202202",
                    51
                ],
                [
                    "202201",
                    53
                ]
            ],
            "rank_gap":-17
        },
        {
            "index":126,
            "아파트명":"만복도천비취맨션1차",
            "투자타입":"재건축",
            "전용면적(m2)":"67.08",
            "전용면적(평)":"20평",
            "법정동주소":"경상남도 통영시 도천동 278-2",
            "도로명주소":"경상남도 통영시 중앙로 46",
            "세대수":0,
            "입주년차":"--",
            "용적률점수":0,
            "건폐율점수":0,
            "세대당주차수":"--",
            "난방방식":"--",
            "공급면적":50,
            "전용률":60,
            "욕실수":"--",
            "현관타입":"--",
            "주거총점":5.5,
            "지역구공급총점":0.0,
            "역세권":"NA",
            "30분내 이동가능 거점":"NA",
            "1시간내 이동가능 거점":"NA",
            "교통총점":"NA",
            "백화점":0,
            "아울렛몰":0,
            "대형마트":80,
            "은행":0,
            "병원":60,
            "종합병원":80,
            "공원":80,
            "혐오시설":0,
            "인프라총점":36.4,
            "초등학군":90.01,
            "중학군":40.12,
            "학군총점":50.098,
            "인구수":13.06,
            "인구증감":-10.98,
            "인구총점":5.848,
            "일자리":7.02,
            "소득수준":51.77,
            "일자리총점":20.445,
            "가치 총점":29.0095,
            "매매실거래년":20210602.0,
            "매매실거래가":9900.0,
            "전세실거래년":null,
            "전세실거래가":null,
            "전세가율":null,
            "장기전세가율평균":71.24,
            "전세가율거품지수":null,
            "검색코드":101749,
            "세대수":76.0,
            "준공년월":"1991-03-27",
            "준공년차":32.0,
            "가까운역이름":"NA",
            "가까운역거리":"NA",
            "역세권여부":"NA",
            "30분이내주요거점역":"NA",
            "30분거점역이름":"NA",
            "1시간이내주요거점역":"NA",
            "1시간거점역이름":"NA",
            "3km이내백화점수":0,
            "5km이내아울렛몰수":0,
            "1km이내대형먀트수":1,
            "500m이내은행수":0,
            "500m이내병원수":11,
            "5km이내대형병원수":1,
            "500m이내공원수":1,
            "3km이내혐오시설수":0,
            "초등학교학업성취도":90.01,
            "중학교학업성취도":65.8,
            "용적률":0,
            "건폐율":0,
            "Y":34.839384,
            "X":128.415705,
            "rank":69.0,
            "area_info":"20평(67.08), 27평(90.18), 29평(97.21), 31평(103.32), 36평(119.77)",
            "last_sales":"2021-06-02,9900.0,29평(97.21)",
            "rank_history":[
                [
                    "202203",
                    69
                ],
                [
                    "202202",
                    9999
                ]
            ],
            "rank_gap":9999
        },
        {
            "index":316,
            "아파트명":"현대",
            "투자타입":"일반",
            "전용면적(m2)":"76.4",
            "전용면적(평)":"23평",
            "법정동주소":"경상남도 통영시 미수동 291-3",
            "도로명주소":"경상남도 통영시 미수해안로 36",
            "세대수":50,
            "입주년차":0,
            "용적률점수":"--",
            "건폐율점수":"--",
            "세대당주차수":0,
            "난방방식":30,
            "공급면적":"--",
            "전용률":"--",
            "욕실수":50,
            "현관타입":10,
            "주거총점":26.5,
            "지역구공급총점":0.0,
            "역세권":"NA",
            "30분내 이동가능 거점":"NA",
            "1시간내 이동가능 거점":"NA",
            "교통총점":"NA",
            "백화점":0,
            "아울렛몰":0,
            "대형마트":0,
            "은행":0,
            "병원":0,
            "종합병원":80,
            "공원":80,
            "혐오시설":0,
            "인프라총점":18.4,
            "초등학군":89.99,
            "중학군":38.34,
            "학군총점":48.67,
            "인구수":13.06,
            "인구증감":-10.98,
            "인구총점":5.848,
            "일자리":7.02,
            "소득수준":51.77,
            "일자리총점":20.445,
            "가치 총점":28.8025,
            "매매실거래년":20220217.0,
            "매매실거래가":16850.0,
            "전세실거래년":20210605.0,
            "전세실거래가":8500.0,
            "전세가율":71.13,
            "장기전세가율평균":71.24,
            "전세가율거품지수":0.11,
            "검색코드":7746,
            "세대수":489.0,
            "준공년월":"1994-09-14",
            "준공년차":29.0,
            "가까운역이름":"NA",
            "가까운역거리":"NA",
            "역세권여부":"NA",
            "30분이내주요거점역":"NA",
            "30분거점역이름":"NA",
            "1시간이내주요거점역":"NA",
            "1시간거점역이름":"NA",
            "3km이내백화점수":0,
            "5km이내아울렛몰수":0,
            "1km이내대형먀트수":0,
            "500m이내은행수":0,
            "500m이내병원수":1,
            "5km이내대형병원수":1,
            "500m이내공원수":1,
            "3km이내혐오시설수":0,
            "초등학교학업성취도":89.99,
            "중학교학업성취도":63.9,
            "용적률":180,
            "건폐율":16,
            "Y":34.829073,
            "X":128.407104,
            "rank":70.0,
            "area_info":"23평(76.4), 28평(95.84), 35평(116.5)",
            "last_sales":"2022-02-17,16850.0,28평(95.84)",
            "rank_history":[
                [
                    "202203",
                    70
                ],
                [
                    "202202",
                    52
                ],
                [
                    "202201",
                    55
                ]
            ],
            "rank_gap":-18
        },
        {
            "index":338,
            "아파트명":"광우로얄맨션",
            "투자타입":"재건축",
            "전용면적(m2)":"104.31",
            "전용면적(평)":"31평",
            "법정동주소":"경상남도 통영시 북신동 83-25",
            "도로명주소":"경상남도 통영시 북문2길 12",
            "세대수":0,
            "입주년차":"--",
            "용적률점수":0,
            "건폐율점수":0,
            "세대당주차수":"--",
            "난방방식":"--",
            "공급면적":90,
            "전용률":80,
            "욕실수":"--",
            "현관타입":"--",
            "주거총점":8.5,
            "지역구공급총점":0.0,
            "역세권":"NA",
            "30분내 이동가능 거점":"NA",
            "1시간내 이동가능 거점":"NA",
            "교통총점":"NA",
            "백화점":0,
            "아울렛몰":0,
            "대형마트":80,
            "은행":0,
            "병원":60,
            "종합병원":80,
            "공원":0,
            "혐오시설":0,
            "인프라총점":34.0,
            "초등학군":90.0,
            "중학군":36.82,
            "학군총점":47.456,
            "인구수":13.06,
            "인구증감":-10.98,
            "인구총점":5.848,
            "일자리":7.02,
            "소득수준":51.77,
            "일자리총점":20.445,
            "가치 총점":28.439,
            "매매실거래년":20220217.0,
            "매매실거래가":15300.0,
            "전세실거래년":20190702.0,
            "전세실거래가":10000.0,
            "전세가율":65.36,
            "장기전세가율평균":71.24,
            "전세가율거품지수":5.88,
            "검색코드":7753,
            "세대수":112.0,
            "준공년월":"1990-05-30",
            "준공년차":33.0,
            "가까운역이름":"NA",
            "가까운역거리":"NA",
            "역세권여부":"NA",
            "30분이내주요거점역":"NA",
            "30분거점역이름":"NA",
            "1시간이내주요거점역":"NA",
            "1시간거점역이름":"NA",
            "3km이내백화점수":0,
            "5km이내아울렛몰수":0,
            "1km이내대형먀트수":1,
            "500m이내은행수":0,
            "500m이내병원수":15,
            "5km이내대형병원수":1,
            "500m이내공원수":0,
            "3km이내혐오시설수":0,
            "초등학교학업성취도":90.0,
            "중학교학업성취도":60.7,
            "용적률":0,
            "건폐율":0,
            "Y":34.851508,
            "X":128.42879,
            "rank":71.0,
            "area_info":"31평(104.31)",
            "last_sales":"2022-02-17,15300.0,31평(104.31)",
            "rank_history":[
                [
                    "202203",
                    71
                ],
                [
                    "202202",
                    53
                ],
                [
                    "202201",
                    67
                ]
            ],
            "rank_gap":-18
        },
        {
            "index":131,
            "아파트명":"만복도천비치맨션2차",
            "투자타입":"재건축",
            "전용면적(m2)":"79.19",
            "전용면적(평)":"23평",
            "법정동주소":"경상남도 통영시 도천동 150-2",
            "도로명주소":"경상남도 통영시 중앙로 34",
            "세대수":0,
            "입주년차":"--",
            "용적률점수":0,
            "건폐율점수":0,
            "세대당주차수":"--",
            "난방방식":"--",
            "공급면적":50,
            "전용률":80,
            "욕실수":"--",
            "현관타입":"--",
            "주거총점":6.5,
            "지역구공급총점":0.0,
            "역세권":"NA",
            "30분내 이동가능 거점":"NA",
            "1시간내 이동가능 거점":"NA",
            "교통총점":"NA",
            "백화점":0,
            "아울렛몰":0,
            "대형마트":80,
            "은행":0,
            "병원":30,
            "종합병원":80,
            "공원":80,
            "혐오시설":0,
            "인프라총점":33.4,
            "초등학군":90.01,
            "중학군":40.12,
            "학군총점":50.098,
            "인구수":13.06,
            "인구증감":-10.98,
            "인구총점":5.848,
            "일자리":7.02,
            "소득수준":51.77,
            "일자리총점":20.445,
            "가치 총점":28.1595,
            "매매실거래년":20211231.0,
            "매매실거래가":10600.0,
            "전세실거래년":20110826.0,
            "전세실거래가":7000.0,
            "전세가율":66.04,
            "장기전세가율평균":71.24,
            "전세가율거품지수":5.2,
            "검색코드":102442,
            "세대수":104.0,
            "준공년월":"1991-09-17",
            "준공년차":32.0,
            "가까운역이름":"NA",
            "가까운역거리":"NA",
            "역세권여부":"NA",
            "30분이내주요거점역":"NA",
            "30분거점역이름":"NA",
            "1시간이내주요거점역":"NA",
            "1시간거점역이름":"NA",
            "3km이내백화점수":0,
            "5km이내아울렛몰수":0,
            "1km이내대형먀트수":1,
            "500m이내은행수":0,
            "500m이내병원수":5,
            "5km이내대형병원수":1,
            "500m이내공원수":1,
            "3km이내혐오시설수":0,
            "초등학교학업성취도":90.01,
            "중학교학업성취도":65.8,
            "용적률":0,
            "건폐율":0,
            "Y":34.838315,
            "X":128.414377,
            "rank":72.0,
            "area_info":"23평(79.19)",
            "last_sales":"2021-12-31,10600.0,23평(79.19)",
            "rank_history":[
                [
                    "202203",
                    72
                ],
                [
                    "202202",
                    54
                ],
                [
                    "202201",
                    56
                ]
            ],
            "rank_gap":-18
        },
        {
            "index":326,
            "아파트명":"종우라이프타운",
            "투자타입":"재건축",
            "전용면적(m2)":"101.04",
            "전용면적(평)":"30평",
            "법정동주소":"경상남도 통영시 봉평동 156",
            "도로명주소":"경상남도 통영시 미수해안로 167",
            "세대수":0,
            "입주년차":"--",
            "용적률점수":0,
            "건폐율점수":0,
            "세대당주차수":"--",
            "난방방식":"--",
            "공급면적":90,
            "전용률":80,
            "욕실수":"--",
            "현관타입":"--",
            "주거총점":8.5,
            "지역구공급총점":0.0,
            "역세권":"NA",
            "30분내 이동가능 거점":"NA",
            "1시간내 이동가능 거점":"NA",
            "교통총점":"NA",
            "백화점":0,
            "아울렛몰":0,
            "대형마트":80,
            "은행":0,
            "병원":10,
            "종합병원":80,
            "공원":80,
            "혐오시설":0,
            "인프라총점":31.4,
            "초등학군":89.99,
            "중학군":38.34,
            "학군총점":48.67,
            "인구수":13.06,
            "인구증감":-10.98,
            "인구총점":5.848,
            "일자리":7.02,
            "소득수준":51.77,
            "일자리총점":20.445,
            "가치 총점":27.7025,
            "매매실거래년":20211129.0,
            "매매실거래가":12950.0,
            "전세실거래년":20201024.0,
            "전세실거래가":10000.0,
            "전세가율":77.22,
            "장기전세가율평균":71.24,
            "전세가율거품지수":-5.98,
            "검색코드":16903,
            "세대수":174.0,
            "준공년월":"1990-05-24",
            "준공년차":33.0,
            "가까운역이름":"NA",
            "가까운역거리":"NA",
            "역세권여부":"NA",
            "30분이내주요거점역":"NA",
            "30분거점역이름":"NA",
            "1시간이내주요거점역":"NA",
            "1시간거점역이름":"NA",
            "3km이내백화점수":0,
            "5km이내아울렛몰수":0,
            "1km이내대형먀트수":1,
            "500m이내은행수":0,
            "500m이내병원수":3,
            "5km이내대형병원수":1,
            "500m이내공원수":1,
            "3km이내혐오시설수":0,
            "초등학교학업성취도":89.99,
            "중학교학업성취도":63.9,
            "용적률":0,
            "건폐율":0,
            "Y":34.832255,
            "X":128.415199,
            "rank":73.0,
            "area_info":"30평(101.04), 30평(101.51)",
            "last_sales":"2021-11-29,12950.0,30평(101.04)",
            "rank_history":[
                [
                    "202203",
                    73
                ],
                [
                    "202202",
                    55
                ],
                [
                    "202201",
                    54
                ]
            ],
            "rank_gap":-18
        },
        {
            "index":296,
            "아파트명":"신우파라다이스",
            "투자타입":"일반",
            "전용면적(m2)":"77.25",
            "전용면적(평)":"23평",
            "법정동주소":"경상남도 통영시 미수동 397-3",
            "도로명주소":"경상남도 통영시 미우지해안로 17",
            "세대수":0,
            "입주년차":20,
            "용적률점수":"--",
            "건폐율점수":"--",
            "세대당주차수":0,
            "난방방식":30,
            "공급면적":"--",
            "전용률":"--",
            "욕실수":50,
            "현관타입":100,
            "주거총점":22.0,
            "지역구공급총점":0.0,
            "역세권":"NA",
            "30분내 이동가능 거점":"NA",
            "1시간내 이동가능 거점":"NA",
            "교통총점":"NA",
            "백화점":0,
            "아울렛몰":0,
            "대형마트":0,
            "은행":0,
            "병원":10,
            "종합병원":80,
            "공원":80,
            "혐오시설":0,
            "인프라총점":19.4,
            "초등학군":89.99,
            "중학군":38.34,
            "학군총점":48.67,
            "인구수":13.06,
            "인구증감":-10.98,
            "인구총점":5.848,
            "일자리":7.02,
            "소득수준":51.77,
            "일자리총점":20.445,
            "가치 총점":27.6275,
            "매매실거래년":20220129.0,
            "매매실거래가":21200.0,
            "전세실거래년":20160328.0,
            "전세실거래가":9000.0,
            "전세가율":87.38,
            "장기전세가율평균":71.24,
            "전세가율거품지수":-16.14,
            "검색코드":16895,
            "세대수":197.0,
            "준공년월":"2002-11-27",
            "준공년차":21.0,
            "가까운역이름":"NA",
            "가까운역거리":"NA",
            "역세권여부":"NA",
            "30분이내주요거점역":"NA",
            "30분거점역이름":"NA",
            "1시간이내주요거점역":"NA",
            "1시간거점역이름":"NA",
            "3km이내백화점수":0,
            "5km이내아울렛몰수":0,
            "1km이내대형먀트수":0,
            "500m이내은행수":0,
            "500m이내병원수":4,
            "5km이내대형병원수":1,
            "500m이내공원수":1,
            "3km이내혐오시설수":0,
            "초등학교학업성취도":89.99,
            "중학교학업성취도":63.9,
            "용적률":97,
            "건폐율":30,
            "Y":34.82796,
            "X":128.40362,
            "rank":74.0,
            "area_info":"23평(77.25), 26평(88.04), 32평(106.22), 33평(109.4)",
            "last_sales":"2022-01-29,21200.0,32평(106.22)",
            "rank_history":[
                [
                    "202203",
                    74
                ],
                [
                    "202202",
                    56
                ],
                [
                    "202201",
                    57
                ]
            ],
            "rank_gap":-18
        },
        {
            "index":92,
            "아파트명":"도남청솔",
            "투자타입":"일반",
            "전용면적(m2)":"81.57",
            "전용면적(평)":"24평",
            "법정동주소":"경상남도 통영시 도남동 410-1",
            "도로명주소":"경상남도 통영시 도남로 190",
            "세대수":0,
            "입주년차":20,
            "용적률점수":"--",
            "건폐율점수":"--",
            "세대당주차수":0,
            "난방방식":30,
            "공급면적":"--",
            "전용률":"--",
            "욕실수":50,
            "현관타입":100,
            "주거총점":22.0,
            "지역구공급총점":0.0,
            "역세권":"NA",
            "30분내 이동가능 거점":"NA",
            "1시간내 이동가능 거점":"NA",
            "교통총점":"NA",
            "백화점":0,
            "아울렛몰":0,
            "대형마트":0,
            "은행":0,
            "병원":0,
            "종합병원":80,
            "공원":100,
            "혐오시설":0,
            "인프라총점":19.0,
            "초등학군":90.0,
            "중학군":38.34,
            "학군총점":48.672,
            "인구수":13.06,
            "인구증감":-10.98,
            "인구총점":5.848,
            "일자리":7.02,
            "소득수준":51.77,
            "일자리총점":20.445,
            "가치 총점":27.468,
            "매매실거래년":20220215.0,
            "매매실거래가":8300.0,
            "전세실거래년":20220215.0,
            "전세실거래가":6700.0,
            "전세가율":80.72,
            "장기전세가율평균":71.24,
            "전세가율거품지수":-9.48,
            "검색코드":106431,
            "세대수":290.0,
            "준공년월":"2002-08-29",
            "준공년차":21.0,
            "가까운역이름":"NA",
            "가까운역거리":"NA",
            "역세권여부":"NA",
            "30분이내주요거점역":"NA",
            "30분거점역이름":"NA",
            "1시간이내주요거점역":"NA",
            "1시간거점역이름":"NA",
            "3km이내백화점수":0,
            "5km이내아울렛몰수":0,
            "1km이내대형먀트수":0,
            "500m이내은행수":0,
            "500m이내병원수":1,
            "5km이내대형병원수":1,
            "500m이내공원수":3,
            "3km이내혐오시설수":0,
            "초등학교학업성취도":90.0,
            "중학교학업성취도":63.9,
            "용적률":174,
            "건폐율":21,
            "Y":34.828536,
            "X":128.424244,
            "rank":75.0,
            "area_info":"24평(81.57)",
            "last_sales":"2022-02-15,8300.0,24평(81.57)",
            "rank_history":[
                [
                    "202203",
                    75
                ],
                [
                    "202202",
                    57
                ],
                [
                    "202201",
                    58
                ]
            ],
            "rank_gap":-18
        },
        {
            "index":441,
            "아파트명":"일성한우리1차",
            "투자타입":"일반",
            "전용면적(m2)":"77.83",
            "전용면적(평)":"23평",
            "법정동주소":"경상남도 통영시 인평동 113-1",
            "도로명주소":"경상남도 통영시 한실1길 21",
            "세대수":0,
            "입주년차":0,
            "용적률점수":"--",
            "건폐율점수":"--",
            "세대당주차수":0,
            "난방방식":30,
            "공급면적":"--",
            "전용률":"--",
            "욕실수":50,
            "현관타입":100,
            "주거총점":18.0,
            "지역구공급총점":0.0,
            "역세권":"NA",
            "30분내 이동가능 거점":"NA",
            "1시간내 이동가능 거점":"NA",
            "교통총점":"NA",
            "백화점":0,
            "아울렛몰":0,
            "대형마트":0,
            "은행":0,
            "병원":0,
            "종합병원":80,
            "공원":80,
            "혐오시설":0,
            "인프라총점":18.4,
            "초등학군":89.99,
            "중학군":46.32,
            "학군총점":55.054,
            "인구수":13.06,
            "인구증감":-10.98,
            "인구총점":5.848,
            "일자리":7.02,
            "소득수준":51.77,
            "일자리총점":20.445,
            "가치 총점":27.4235,
            "매매실거래년":20220217.0,
            "매매실거래가":9500.0,
            "전세실거래년":20210306.0,
            "전세실거래가":6500.0,
            "전세가율":68.42,
            "장기전세가율평균":71.24,
            "전세가율거품지수":2.82,
            "검색코드":101988,
            "세대수":189.0,
            "준공년월":"1998-04-02",
            "준공년차":25.0,
            "가까운역이름":"NA",
            "가까운역거리":"NA",
            "역세권여부":"NA",
            "30분이내주요거점역":"NA",
            "30분거점역이름":"NA",
            "1시간이내주요거점역":"NA",
            "1시간거점역이름":"NA",
            "3km이내백화점수":0,
            "5km이내아울렛몰수":0,
            "1km이내대형먀트수":0,
            "500m이내은행수":0,
            "500m이내병원수":0,
            "5km이내대형병원수":1,
            "500m이내공원수":1,
            "3km이내혐오시설수":0,
            "초등학교학업성취도":89.99,
            "중학교학업성취도":75.8,
            "용적률":226,
            "건폐율":28,
            "Y":34.837501,
            "X":128.401799,
            "rank":76.0,
            "area_info":"23평(77.83), 23평(77.57), 33평(109.85), 33평(110.27)",
            "last_sales":"2022-02-17,9500.0,23평(77.83)",
            "rank_history":[
                [
                    "202203",
                    76
                ],
                [
                    "202202",
                    60
                ],
                [
                    "202201",
                    60
                ]
            ],
            "rank_gap":-16
        },
        {
            "index":397,
            "아파트명":"동남전원맨션1차",
            "투자타입":"일반",
            "전용면적(m2)":"74.4",
            "전용면적(평)":"22평",
            "법정동주소":"경상남도 통영시 용남면 동달리 755-3",
            "도로명주소":"경상남도 통영시 남해안대로 416-7",
            "세대수":0,
            "입주년차":0,
            "용적률점수":"--",
            "건폐율점수":"--",
            "세대당주차수":0,
            "난방방식":30,
            "공급면적":"--",
            "전용률":"--",
            "욕실수":50,
            "현관타입":10,
            "주거총점":9.0,
            "지역구공급총점":0.0,
            "역세권":"NA",
            "30분내 이동가능 거점":"NA",
            "1시간내 이동가능 거점":"NA",
            "교통총점":"NA",
            "백화점":0,
            "아울렛몰":0,
            "대형마트":80,
            "은행":0,
            "병원":0,
            "종합병원":80,
            "공원":100,
            "혐오시설":0,
            "인프라총점":31.0,
            "초등학군":89.99,
            "중학군":36.82,
            "학군총점":47.454,
            "인구수":13.06,
            "인구증감":-10.98,
            "인구총점":5.848,
            "일자리":7.02,
            "소득수준":51.77,
            "일자리총점":20.445,
            "가치 총점":27.4135,
            "매매실거래년":20220114.0,
            "매매실거래가":8800.0,
            "전세실거래년":20191129.0,
            "전세실거래가":6000.0,
            "전세가율":68.18,
            "장기전세가율평균":71.24,
            "전세가율거품지수":3.06,
            "검색코드":126117,
            "세대수":90.0,
            "준공년월":"1995-07-04",
            "준공년차":28.0,
            "가까운역이름":"NA",
            "가까운역거리":"NA",
            "역세권여부":"NA",
            "30분이내주요거점역":"NA",
            "30분거점역이름":"NA",
            "1시간이내주요거점역":"NA",
            "1시간거점역이름":"NA",
            "3km이내백화점수":0,
            "5km이내아울렛몰수":0,
            "1km이내대형먀트수":1,
            "500m이내은행수":0,
            "500m이내병원수":0,
            "5km이내대형병원수":1,
            "500m이내공원수":2,
            "3km이내혐오시설수":0,
            "초등학교학업성취도":89.99,
            "중학교학업성취도":60.7,
            "용적률":219,
            "건폐율":29,
            "Y":34.870672,
            "X":128.445019,
            "rank":77.0,
            "area_info":"22평(74.4), 22평(75.05)",
            "last_sales":"2022-01-14,8800.0,22평(74.4)",
            "rank_history":[
                [
                    "202203",
                    77
                ],
                [
                    "202202",
                    9999
                ]
            ],
            "rank_gap":9999
        },
        {
            "index":458,
            "아파트명":"대우정우협동",
            "투자타입":"일반",
            "전용면적(m2)":"72.85",
            "전용면적(평)":"22평",
            "법정동주소":"경상남도 통영시 정량동 267-1",
            "도로명주소":"경상남도 통영시 정량안길 1",
            "세대수":0,
            "입주년차":0,
            "용적률점수":"--",
            "건폐율점수":"--",
            "세대당주차수":0,
            "난방방식":30,
            "공급면적":"--",
            "전용률":"--",
            "욕실수":50,
            "현관타입":10,
            "주거총점":9.0,
            "지역구공급총점":0.0,
            "역세권":"NA",
            "30분내 이동가능 거점":"NA",
            "1시간내 이동가능 거점":"NA",
            "교통총점":"NA",
            "백화점":0,
            "아울렛몰":0,
            "대형마트":80,
            "은행":0,
            "병원":30,
            "종합병원":80,
            "공원":0,
            "혐오시설":0,
            "인프라총점":31.0,
            "초등학군":89.97,
            "중학군":36.82,
            "학군총점":47.45,
            "인구수":13.06,
            "인구증감":-10.98,
            "인구총점":5.848,
            "일자리":7.02,
            "소득수준":51.77,
            "일자리총점":20.445,
            "가치 총점":27.4125,
            "매매실거래년":20211227.0,
            "매매실거래가":6650.0,
            "전세실거래년":null,
            "전세실거래가":null,
            "전세가율":null,
            "장기전세가율평균":71.24,
            "전세가율거품지수":null,
            "검색코드":7772,
            "세대수":196.0,
            "준공년월":"1993-12-27",
            "준공년차":30.0,
            "가까운역이름":"NA",
            "가까운역거리":"NA",
            "역세권여부":"NA",
            "30분이내주요거점역":"NA",
            "30분거점역이름":"NA",
            "1시간이내주요거점역":"NA",
            "1시간거점역이름":"NA",
            "3km이내백화점수":0,
            "5km이내아울렛몰수":0,
            "1km이내대형먀트수":1,
            "500m이내은행수":0,
            "500m이내병원수":6,
            "5km이내대형병원수":1,
            "500m이내공원수":0,
            "3km이내혐오시설수":0,
            "초등학교학업성취도":89.97,
            "중학교학업성취도":60.7,
            "용적률":0,
            "건폐율":0,
            "Y":34.848056,
            "X":128.431211,
            "rank":78.0,
            "area_info":"22평(72.85), 24평(79.76), 24평(81.35), 24평(81.11)",
            "last_sales":"2021-12-27,6650.0,24평(81.35)",
            "rank_history":[
                [
                    "202203",
                    78
                ],
                [
                    "202202",
                    59
                ],
                [
                    "202201",
                    68
                ]
            ],
            "rank_gap":-19
        },
        {
            "index":276,
            "아파트명":"동신1차",
            "투자타입":"재건축",
            "전용면적(m2)":"87.28",
            "전용면적(평)":"26평",
            "법정동주소":"경상남도 통영시 미수동 292",
            "도로명주소":"경상남도 통영시 미수해안로 54-21",
            "세대수":50,
            "입주년차":"--",
            "용적률점수":0,
            "건폐율점수":0,
            "세대당주차수":"--",
            "난방방식":"--",
            "공급면적":70,
            "전용률":80,
            "욕실수":"--",
            "현관타입":"--",
            "주거총점":22.5,
            "지역구공급총점":0.0,
            "역세권":"NA",
            "30분내 이동가능 거점":"NA",
            "1시간내 이동가능 거점":"NA",
            "교통총점":"NA",
            "백화점":0,
            "아울렛몰":0,
            "대형마트":0,
            "은행":0,
            "병원":0,
            "종합병원":80,
            "공원":80,
            "혐오시설":0,
            "인프라총점":18.4,
            "초등학군":89.99,
            "중학군":38.34,
            "학군총점":48.67,
            "인구수":13.06,
            "인구증감":-10.98,
            "인구총점":5.848,
            "일자리":7.02,
            "소득수준":51.77,
            "일자리총점":20.445,
            "가치 총점":27.4025,
            "매매실거래년":20220112.0,
            "매매실거래가":12400.0,
            "전세실거래년":20210302.0,
            "전세실거래가":9000.0,
            "전세가율":81.82,
            "장기전세가율평균":71.24,
            "전세가율거품지수":-10.58,
            "검색코드":7737,
            "세대수":498.0,
            "준공년월":"1991-09-18",
            "준공년차":32.0,
            "가까운역이름":"NA",
            "가까운역거리":"NA",
            "역세권여부":"NA",
            "30분이내주요거점역":"NA",
            "30분거점역이름":"NA",
            "1시간이내주요거점역":"NA",
            "1시간거점역이름":"NA",
            "3km이내백화점수":0,
            "5km이내아울렛몰수":0,
            "1km이내대형먀트수":0,
            "500m이내은행수":0,
            "500m이내병원수":1,
            "5km이내대형병원수":1,
            "500m이내공원수":1,
            "3km이내혐오시설수":0,
            "초등학교학업성취도":89.99,
            "중학교학업성취도":63.9,
            "용적률":0,
            "건폐율":0,
            "Y":34.830765,
            "X":128.407736,
            "rank":79.0,
            "area_info":"26평(87.28), 29평(98.02), 30평(102.26), 44평(147.16)",
            "last_sales":"2022-01-12,12400.0,30평(102.26)",
            "rank_history":[
                [
                    "202203",
                    79
                ],
                [
                    "202202",
                    58
                ],
                [
                    "202201",
                    59
                ]
            ],
            "rank_gap":-21
        },
        {
            "index":310,
            "아파트명":"주공",
            "투자타입":"일반",
            "전용면적(m2)":"71.23",
            "전용면적(평)":"21평",
            "법정동주소":"경상남도 통영시 미수동 454",
            "도로명주소":"경상남도 통영시 미우지5길 35",
            "세대수":30,
            "입주년차":0,
            "용적률점수":"--",
            "건폐율점수":"--",
            "세대당주차수":0,
            "난방방식":30,
            "공급면적":"--",
            "전용률":"--",
            "욕실수":50,
            "현관타입":10,
            "주거총점":19.5,
            "지역구공급총점":0.0,
            "역세권":"NA",
            "30분내 이동가능 거점":"NA",
            "1시간내 이동가능 거점":"NA",
            "교통총점":"NA",
            "백화점":0,
            "아울렛몰":0,
            "대형마트":0,
            "은행":0,
            "병원":10,
            "종합병원":80,
            "공원":80,
            "혐오시설":0,
            "인프라총점":19.4,
            "초등학군":89.99,
            "중학군":38.34,
            "학군총점":48.67,
            "인구수":13.06,
            "인구증감":-10.98,
            "인구총점":5.848,
            "일자리":7.02,
            "소득수준":51.77,
            "일자리총점":20.445,
            "가치 총점":26.7525,
            "매매실거래년":20220127.0,
            "매매실거래가":8800.0,
            "전세실거래년":20201220.0,
            "전세실거래가":4500.0,
            "전세가율":60.0,
            "장기전세가율평균":71.24,
            "전세가율거품지수":11.24,
            "검색코드":7742,
            "세대수":384.0,
            "준공년월":"1995-06-17",
            "준공년차":28.0,
            "가까운역이름":"NA",
            "가까운역거리":"NA",
            "역세권여부":"NA",
            "30분이내주요거점역":"NA",
            "30분거점역이름":"NA",
            "1시간이내주요거점역":"NA",
            "1시간거점역이름":"NA",
            "3km이내백화점수":0,
            "5km이내아울렛몰수":0,
            "1km이내대형먀트수":0,
            "500m이내은행수":0,
            "500m이내병원수":4,
            "5km이내대형병원수":1,
            "500m이내공원수":1,
            "3km이내혐오시설수":0,
            "초등학교학업성취도":89.99,
            "중학교학업성취도":63.9,
            "용적률":164,
            "건폐율":11,
            "Y":34.826248,
            "X":128.399788,
            "rank":80.0,
            "area_info":"21평(71.23), 24평(80.74), 24평(82.56)",
            "last_sales":"2022-01-27,8800.0,24평(82.56)",
            "rank_history":[
                [
                    "202203",
                    80
                ],
                [
                    "202202",
                    61
                ],
                [
                    "202201",
                    62
                ]
            ],
            "rank_gap":-19
        },
        {
            "index":505,
            "아파트명":"종우원에이맨션",
            "투자타입":"일반",
            "전용면적(m2)":"73.1",
            "전용면적(평)":"22평",
            "법정동주소":"경상남도 통영시 정량동 1377",
            "도로명주소":"경상남도 통영시 정동3길 65",
            "세대수":0,
            "입주년차":0,
            "용적률점수":"--",
            "건폐율점수":"--",
            "세대당주차수":0,
            "난방방식":30,
            "공급면적":"--",
            "전용률":"--",
            "욕실수":50,
            "현관타입":100,
            "주거총점":18.0,
            "지역구공급총점":0.0,
            "역세권":"NA",
            "30분내 이동가능 거점":"NA",
            "1시간내 이동가능 거점":"NA",
            "교통총점":"NA",
            "백화점":0,
            "아울렛몰":0,
            "대형마트":0,
            "은행":0,
            "병원":10,
            "종합병원":80,
            "공원":80,
            "혐오시설":0,
            "인프라총점":19.4,
            "초등학군":89.97,
            "중학군":40.12,
            "학군총점":50.09,
            "인구수":13.06,
            "인구증감":-10.98,
            "인구총점":5.848,
            "일자리":7.02,
            "소득수준":51.77,
            "일자리총점":20.445,
            "가치 총점":26.5825,
            "매매실거래년":20210806.0,
            "매매실거래가":8200.0,
            "전세실거래년":20180417.0,
            "전세실거래가":6000.0,
            "전세가율":73.17,
            "장기전세가율평균":71.24,
            "전세가율거품지수":-1.93,
            "검색코드":126559,
            "세대수":52.0,
            "준공년월":"1993-02-02",
            "준공년차":30.0,
            "가까운역이름":"NA",
            "가까운역거리":"NA",
            "역세권여부":"NA",
            "30분이내주요거점역":"NA",
            "30분거점역이름":"NA",
            "1시간이내주요거점역":"NA",
            "1시간거점역이름":"NA",
            "3km이내백화점수":0,
            "5km이내아울렛몰수":0,
            "1km이내대형먀트수":0,
            "500m이내은행수":1,
            "500m이내병원수":4,
            "5km이내대형병원수":1,
            "500m이내공원수":1,
            "3km이내혐오시설수":0,
            "초등학교학업성취도":89.97,
            "중학교학업성취도":65.8,
            "용적률":338,
            "건폐율":27,
            "Y":34.843044,
            "X":128.430957,
            "rank":81.0,
            "area_info":"22평(73.1), 31평(103.53), 51평(170.48)",
            "last_sales":"2021-08-06,8200.0,22평(73.1)",
            "rank_history":[
                [
                    "202203",
                    81
                ],
                [
                    "202202",
                    9999
                ]
            ],
            "rank_gap":9999
        },
        {
            "index":445,
            "아파트명":"대도",
            "투자타입":"재건축",
            "전용면적(m2)":"50.46",
            "전용면적(평)":"15평",
            "법정동주소":"경상남도 통영시 정량동 272-1",
            "도로명주소":"경상남도 통영시 장대4길 2",
            "세대수":0,
            "입주년차":"--",
            "용적률점수":0,
            "건폐율점수":0,
            "세대당주차수":"--",
            "난방방식":"--",
            "공급면적":50,
            "전용률":80,
            "욕실수":"--",
            "현관타입":"--",
            "주거총점":6.5,
            "지역구공급총점":0.0,
            "역세권":"NA",
            "30분내 이동가능 거점":"NA",
            "1시간내 이동가능 거점":"NA",
            "교통총점":"NA",
            "백화점":0,
            "아울렛몰":0,
            "대형마트":80,
            "은행":0,
            "병원":30,
            "종합병원":80,
            "공원":0,
            "혐오시설":0,
            "인프라총점":31.0,
            "초등학군":89.97,
            "중학군":36.82,
            "학군총점":47.45,
            "인구수":13.06,
            "인구증감":-10.98,
            "인구총점":5.848,
            "일자리":7.02,
            "소득수준":51.77,
            "일자리총점":20.445,
            "가치 총점":26.5375,
            "매매실거래년":20210611.0,
            "매매실거래가":5000.0,
            "전세실거래년":null,
            "전세실거래가":null,
            "전세가율":null,
            "장기전세가율평균":71.24,
            "전세가율거품지수":null,
            "검색코드":16922,
            "세대수":125.0,
            "준공년월":"1986-12-22",
            "준공년차":37.0,
            "가까운역이름":"NA",
            "가까운역거리":"NA",
            "역세권여부":"NA",
            "30분이내주요거점역":"NA",
            "30분거점역이름":"NA",
            "1시간이내주요거점역":"NA",
            "1시간거점역이름":"NA",
            "3km이내백화점수":0,
            "5km이내아울렛몰수":0,
            "1km이내대형먀트수":1,
            "500m이내은행수":0,
            "500m이내병원수":5,
            "5km이내대형병원수":1,
            "500m이내공원수":0,
            "3km이내혐오시설수":0,
            "초등학교학업성취도":89.97,
            "중학교학업성취도":60.7,
            "용적률":0,
            "건폐율":0,
            "Y":34.849487,
            "X":128.431929,
            "rank":82.0,
            "area_info":"15평(50.46), 17평(56.55), 17평(56.69), 17평(56.5), 17평(56.51), 17평(57.53), 17평(58.28), 17평(59.36), 18평(61.04)",
            "last_sales":"2021-06-11,5000.0,18평(61.04)",
            "rank_history":[
                [
                    "202203",
                    82
                ],
                [
                    "202202",
                    62
                ],
                [
                    "202201",
                    71
                ]
            ],
            "rank_gap":-20
        },
        {
            "index":462,
            "아파트명":"대일골드맨션",
            "투자타입":"재건축",
            "전용면적(m2)":"81.48",
            "전용면적(평)":"24평",
            "법정동주소":"경상남도 통영시 정량동 252-1",
            "도로명주소":"경상남도 통영시 정량안길 7",
            "세대수":0,
            "입주년차":"--",
            "용적률점수":0,
            "건폐율점수":0,
            "세대당주차수":"--",
            "난방방식":"--",
            "공급면적":70,
            "전용률":60,
            "욕실수":"--",
            "현관타입":"--",
            "주거총점":6.5,
            "지역구공급총점":0.0,
            "역세권":"NA",
            "30분내 이동가능 거점":"NA",
            "1시간내 이동가능 거점":"NA",
            "교통총점":"NA",
            "백화점":0,
            "아울렛몰":0,
            "대형마트":80,
            "은행":0,
            "병원":30,
            "종합병원":80,
            "공원":0,
            "혐오시설":0,
            "인프라총점":31.0,
            "초등학군":89.97,
            "중학군":36.82,
            "학군총점":47.45,
            "인구수":13.06,
            "인구증감":-10.98,
            "인구총점":5.848,
            "일자리":7.02,
            "소득수준":51.77,
            "일자리총점":20.445,
            "가치 총점":26.5375,
            "매매실거래년":20211112.0,
            "매매실거래가":7950.0,
            "전세실거래년":20121107.0,
            "전세실거래가":7500.0,
            "전세가율":108.7,
            "장기전세가율평균":71.24,
            "전세가율거품지수":-37.46,
            "검색코드":122120,
            "세대수":71.0,
            "준공년월":"1991-01-22",
            "준공년차":32.0,
            "가까운역이름":"NA",
            "가까운역거리":"NA",
            "역세권여부":"NA",
            "30분이내주요거점역":"NA",
            "30분거점역이름":"NA",
            "1시간이내주요거점역":"NA",
            "1시간거점역이름":"NA",
            "3km이내백화점수":0,
            "5km이내아울렛몰수":0,
            "1km이내대형먀트수":1,
            "500m이내은행수":0,
            "500m이내병원수":5,
            "5km이내대형병원수":1,
            "500m이내공원수":0,
            "3km이내혐오시설수":0,
            "초등학교학업성취도":89.97,
            "중학교학업성취도":60.7,
            "용적률":0,
            "건폐율":0,
            "Y":34.84862,
            "X":128.430801,
            "rank":82.0,
            "area_info":"24평(81.48), 25평(83.59), 25평(83.48)",
            "last_sales":"2021-11-12,7950.0,25평(83.59)",
            "rank_history":[
                [
                    "202203",
                    82
                ],
                [
                    "202202",
                    9999
                ]
            ],
            "rank_gap":9999
        },
        {
            "index":465,
            "아파트명":"만복제일맨션(159-1)",
            "투자타입":"재건축",
            "전용면적(m2)":"82.57",
            "전용면적(평)":"24평",
            "법정동주소":"경상남도 통영시 정량동 159-1",
            "도로명주소":"경상남도 통영시 통영해안로 480",
            "세대수":0,
            "입주년차":"--",
            "용적률점수":0,
            "건폐율점수":0,
            "세대당주차수":"--",
            "난방방식":"--",
            "공급면적":70,
            "전용률":60,
            "욕실수":"--",
            "현관타입":"--",
            "주거총점":6.5,
            "지역구공급총점":0.0,
            "역세권":"NA",
            "30분내 이동가능 거점":"NA",
            "1시간내 이동가능 거점":"NA",
            "교통총점":"NA",
            "백화점":0,
            "아울렛몰":0,
            "대형마트":80,
            "은행":0,
            "병원":30,
            "종합병원":80,
            "공원":0,
            "혐오시설":0,
            "인프라총점":31.0,
            "초등학군":89.97,
            "중학군":36.82,
            "학군총점":47.45,
            "인구수":13.06,
            "인구증감":-10.98,
            "인구총점":5.848,
            "일자리":7.02,
            "소득수준":51.77,
            "일자리총점":20.445,
            "가치 총점":26.5375,
            "매매실거래년":20210527.0,
            "매매실거래가":11250.0,
            "전세실거래년":20140918.0,
            "전세실거래가":7000.0,
            "전세가율":62.22,
            "장기전세가율평균":71.24,
            "전세가율거품지수":9.02,
            "검색코드":16927,
            "세대수":54.0,
            "준공년월":"1990-08-14",
            "준공년차":33.0,
            "가까운역이름":"NA",
            "가까운역거리":"NA",
            "역세권여부":"NA",
            "30분이내주요거점역":"NA",
            "30분거점역이름":"NA",
            "1시간이내주요거점역":"NA",
            "1시간거점역이름":"NA",
            "3km이내백화점수":0,
            "5km이내아울렛몰수":0,
            "1km이내대형먀트수":1,
            "500m이내은행수":1,
            "500m이내병원수":7,
            "5km이내대형병원수":1,
            "500m이내공원수":0,
            "3km이내혐오시설수":0,
            "초등학교학업성취도":89.97,
            "중학교학업성취도":60.7,
            "용적률":0,
            "건폐율":0,
            "Y":34.851099,
            "X":128.432233,
            "rank":82.0,
            "area_info":"24평(82.57), 29평(97.31), 29평(98.93)",
            "last_sales":"2021-05-27,11250.0,24평(82.57)",
            "rank_history":[
                [
                    "202203",
                    82
                ],
                [
                    "202202",
                    9999
                ]
            ],
            "rank_gap":9999
        },
        {
            "index":424,
            "아파트명":"신우.대영그린",
            "투자타입":"일반",
            "전용면적(m2)":"74.48",
            "전용면적(평)":"22평",
            "법정동주소":"경상남도 통영시 인평동 192-1",
            "도로명주소":"경상남도 통영시 한실6길 16-20",
            "세대수":0,
            "입주년차":0,
            "용적률점수":"--",
            "건폐율점수":"--",
            "세대당주차수":0,
            "난방방식":30,
            "공급면적":"--",
            "전용률":"--",
            "욕실수":50,
            "현관타입":100,
            "주거총점":18.0,
            "지역구공급총점":0.0,
            "역세권":"NA",
            "30분내 이동가능 거점":"NA",
            "1시간내 이동가능 거점":"NA",
            "교통총점":"NA",
            "백화점":0,
            "아울렛몰":0,
            "대형마트":0,
            "은행":0,
            "병원":0,
            "종합병원":80,
            "공원":0,
            "혐오시설":0,
            "인프라총점":16.0,
            "초등학군":90.0,
            "중학군":46.32,
            "학군총점":55.056,
            "인구수":13.06,
            "인구증감":-10.98,
            "인구총점":5.848,
            "일자리":7.02,
            "소득수준":51.77,
            "일자리총점":20.445,
            "가치 총점":26.464,
            "매매실거래년":20170726.0,
            "매매실거래가":11200.0,
            "전세실거래년":null,
            "전세실거래가":null,
            "전세가율":null,
            "장기전세가율평균":71.24,
            "전세가율거품지수":null,
            "검색코드":123314,
            "세대수":62.0,
            "준공년월":"1995-04-10",
            "준공년차":28.0,
            "가까운역이름":"NA",
            "가까운역거리":"NA",
            "역세권여부":"NA",
            "30분이내주요거점역":"NA",
            "30분거점역이름":"NA",
            "1시간이내주요거점역":"NA",
            "1시간거점역이름":"NA",
            "3km이내백화점수":0,
            "5km이내아울렛몰수":0,
            "1km이내대형먀트수":0,
            "500m이내은행수":0,
            "500m이내병원수":1,
            "5km이내대형병원수":1,
            "500m이내공원수":0,
            "3km이내혐오시설수":0,
            "초등학교학업성취도":90.0,
            "중학교학업성취도":75.8,
            "용적률":183,
            "건폐율":19,
            "Y":34.841344,
            "X":128.39955,
            "rank":83.0,
            "area_info":"22평(74.48), 23평(76.39), 30평(101.97), 31평(103.26)",
            "last_sales":"2017-07-26,11200.0,31평(103.26)",
            "rank_history":[
                [
                    "202203",
                    83
                ],
                [
                    "202202",
                    9999
                ]
            ],
            "rank_gap":9999
        },
        {
            "index":431,
            "아파트명":"신우한실",
            "투자타입":"일반",
            "전용면적(m2)":"85.87",
            "전용면적(평)":"25평",
            "법정동주소":"경상남도 통영시 인평동 430-5",
            "도로명주소":"경상남도 통영시 한실6길 10",
            "세대수":0,
            "입주년차":0,
            "용적률점수":"--",
            "건폐율점수":"--",
            "세대당주차수":0,
            "난방방식":30,
            "공급면적":"--",
            "전용률":"--",
            "욕실수":50,
            "현관타입":100,
            "주거총점":18.0,
            "지역구공급총점":0.0,
            "역세권":"NA",
            "30분내 이동가능 거점":"NA",
            "1시간내 이동가능 거점":"NA",
            "교통총점":"NA",
            "백화점":0,
            "아울렛몰":0,
            "대형마트":0,
            "은행":0,
            "병원":0,
            "종합병원":80,
            "공원":0,
            "혐오시설":0,
            "인프라총점":16.0,
            "초등학군":90.0,
            "중학군":46.32,
            "학군총점":55.056,
            "인구수":13.06,
            "인구증감":-10.98,
            "인구총점":5.848,
            "일자리":7.02,
            "소득수준":51.77,
            "일자리총점":20.445,
            "가치 총점":26.464,
            "매매실거래년":20211009.0,
            "매매실거래가":6300.0,
            "전세실거래년":20201201.0,
            "전세실거래가":5000.0,
            "전세가율":79.37,
            "장기전세가율평균":71.24,
            "전세가율거품지수":-8.13,
            "검색코드":112620,
            "세대수":98.0,
            "준공년월":"1993-12-20",
            "준공년차":30.0,
            "가까운역이름":"NA",
            "가까운역거리":"NA",
            "역세권여부":"NA",
            "30분이내주요거점역":"NA",
            "30분거점역이름":"NA",
            "1시간이내주요거점역":"NA",
            "1시간거점역이름":"NA",
            "3km이내백화점수":0,
            "5km이내아울렛몰수":0,
            "1km이내대형먀트수":0,
            "500m이내은행수":0,
            "500m이내병원수":1,
            "5km이내대형병원수":1,
            "500m이내공원수":0,
            "3km이내혐오시설수":0,
            "초등학교학업성취도":90.0,
            "중학교학업성취도":75.8,
            "용적률":0,
            "건폐율":0,
            "Y":34.840467,
            "X":128.399178,
            "rank":83.0,
            "area_info":"25평(85.87), 29평(97.52), 35평(117.32), 36평(121.97)",
            "last_sales":"2021-10-09,6300.0,25평(85.87)",
            "rank_history":[
                [
                    "202203",
                    83
                ],
                [
                    "202202",
                    9999
                ]
            ],
            "rank_gap":9999
        },
        {
            "index":147,
            "아파트명":"동원비치2차",
            "투자타입":"일반",
            "전용면적(m2)":"66.25",
            "전용면적(평)":"20평",
            "법정동주소":"경상남도 통영시 동호동 360",
            "도로명주소":"경상남도 통영시 장좌로 145",
            "세대수":0,
            "입주년차":20,
            "용적률점수":"--",
            "건폐율점수":"--",
            "세대당주차수":0,
            "난방방식":30,
            "공급면적":"--",
            "전용률":"--",
            "욕실수":50,
            "현관타입":100,
            "주거총점":22.0,
            "지역구공급총점":0.0,
            "역세권":"NA",
            "30분내 이동가능 거점":"NA",
            "1시간내 이동가능 거점":"NA",
            "교통총점":"NA",
            "백화점":0,
            "아울렛몰":0,
            "대형마트":0,
            "은행":0,
            "병원":0,
            "종합병원":80,
            "공원":0,
            "혐오시설":0,
            "인프라총점":16.0,
            "초등학군":89.97,
            "중학군":38.34,
            "학군총점":48.666,
            "인구수":13.06,
            "인구증감":-10.98,
            "인구총점":5.848,
            "일자리":7.02,
            "소득수준":51.77,
            "일자리총점":20.445,
            "가치 총점":26.2665,
            "매매실거래년":20220209.0,
            "매매실거래가":11500.0,
            "전세실거래년":20200805.0,
            "전세실거래가":6000.0,
            "전세가율":85.71,
            "장기전세가율평균":71.24,
            "전세가율거품지수":-14.47,
            "검색코드":104964,
            "세대수":202.0,
            "준공년월":"2001-06-04",
            "준공년차":22.0,
            "가까운역이름":"NA",
            "가까운역거리":"NA",
            "역세권여부":"NA",
            "30분이내주요거점역":"NA",
            "30분거점역이름":"NA",
            "1시간이내주요거점역":"NA",
            "1시간거점역이름":"NA",
            "3km이내백화점수":0,
            "5km이내아울렛몰수":0,
            "1km이내대형먀트수":0,
            "500m이내은행수":0,
            "500m이내병원수":0,
            "5km이내대형병원수":1,
            "500m이내공원수":0,
            "3km이내혐오시설수":0,
            "초등학교학업성취도":89.97,
            "중학교학업성취도":63.9,
            "용적률":299,
            "건폐율":40,
            "Y":34.840065,
            "X":128.434767,
            "rank":84.0,
            "area_info":"20평(66.25), 21평(71.98), 21평(72.39), 24평(80.17), 29평(98.72), 30평(101.98), 31평(102.51)",
            "last_sales":"2022-02-09,11500.0,31평(102.51)",
            "rank_history":[
                [
                    "202203",
                    84
                ],
                [
                    "202202",
                    63
                ],
                [
                    "202201",
                    64
                ]
            ],
            "rank_gap":-21
        },
        {
            "index":110,
            "아파트명":"종우",
            "투자타입":"재건축",
            "전용면적(m2)":"61.92",
            "전용면적(평)":"18평",
            "법정동주소":"경상남도 통영시 도남동 388",
            "도로명주소":"경상남도 통영시 데메4길 6",
            "세대수":0,
            "입주년차":"--",
            "용적률점수":20,
            "건폐율점수":20,
            "세대당주차수":"--",
            "난방방식":"--",
            "공급면적":50,
            "전용률":80,
            "욕실수":"--",
            "현관타입":"--",
            "주거총점":18.5,
            "지역구공급총점":0.0,
            "역세권":"NA",
            "30분내 이동가능 거점":"NA",
            "1시간내 이동가능 거점":"NA",
            "교통총점":"NA",
            "백화점":0,
            "아울렛몰":0,
            "대형마트":0,
            "은행":0,
            "병원":0,
            "종합병원":80,
            "공원":100,
            "혐오시설":0,
            "인프라총점":19.0,
            "초등학군":90.0,
            "중학군":38.34,
            "학군총점":48.672,
            "인구수":13.06,
            "인구증감":-10.98,
            "인구총점":5.848,
            "일자리":7.02,
            "소득수준":51.77,
            "일자리총점":20.445,
            "가치 총점":26.243,
            "매매실거래년":20211108.0,
            "매매실거래가":5000.0,
            "전세실거래년":20200201.0,
            "전세실거래가":3500.0,
            "전세가율":70.0,
            "장기전세가율평균":71.24,
            "전세가율거품지수":1.24,
            "검색코드":7733,
            "세대수":140.0,
            "준공년월":"1988-01-05",
            "준공년차":35.0,
            "가까운역이름":"NA",
            "가까운역거리":"NA",
            "역세권여부":"NA",
            "30분이내주요거점역":"NA",
            "30분거점역이름":"NA",
            "1시간이내주요거점역":"NA",
            "1시간거점역이름":"NA",
            "3km이내백화점수":0,
            "5km이내아울렛몰수":0,
            "1km이내대형먀트수":0,
            "500m이내은행수":0,
            "500m이내병원수":1,
            "5km이내대형병원수":1,
            "500m이내공원수":3,
            "3km이내혐오시설수":0,
            "초등학교학업성취도":90.0,
            "중학교학업성취도":63.9,
            "용적률":207,
            "건폐율":41,
            "Y":34.829234,
            "X":128.423307,
            "rank":85.0,
            "area_info":"18평(61.92), 19평(64.54), 20평(66.65)",
            "last_sales":"2021-11-08,5000.0,18평(61.92)",
            "rank_history":[
                [
                    "202203",
                    85
                ],
                [
                    "202202",
                    64
                ],
                [
                    "202201",
                    63
                ]
            ],
            "rank_gap":-21
        },
        {
            "index":118,
            "아파트명":"통영성원",
            "투자타입":"일반",
            "전용면적(m2)":"53.57",
            "전용면적(평)":"16평",
            "법정동주소":"경상남도 통영시 도남동 362-1",
            "도로명주소":"경상남도 통영시 서송정길 6",
            "세대수":0,
            "입주년차":0,
            "용적률점수":"--",
            "건폐율점수":"--",
            "세대당주차수":0,
            "난방방식":30,
            "공급면적":"--",
            "전용률":"--",
            "욕실수":50,
            "현관타입":100,
            "주거총점":18.0,
            "지역구공급총점":0.0,
            "역세권":"NA",
            "30분내 이동가능 거점":"NA",
            "1시간내 이동가능 거점":"NA",
            "교통총점":"NA",
            "백화점":0,
            "아울렛몰":0,
            "대형마트":0,
            "은행":0,
            "병원":0,
            "종합병원":80,
            "공원":100,
            "혐오시설":0,
            "인프라총점":19.0,
            "초등학군":90.0,
            "중학군":38.34,
            "학군총점":48.672,
            "인구수":13.06,
            "인구증감":-10.98,
            "인구총점":5.848,
            "일자리":7.02,
            "소득수준":51.77,
            "일자리총점":20.445,
            "가치 총점":26.068,
            "매매실거래년":20211223.0,
            "매매실거래가":6800.0,
            "전세실거래년":20200123.0,
            "전세실거래가":3000.0,
            "전세가율":63.83,
            "장기전세가율평균":71.24,
            "전세가율거품지수":7.41,
            "검색코드":16854,
            "세대수":134.0,
            "준공년월":"1996-03-28",
            "준공년차":27.0,
            "가까운역이름":"NA",
            "가까운역거리":"NA",
            "역세권여부":"NA",
            "30분이내주요거점역":"NA",
            "30분거점역이름":"NA",
            "1시간이내주요거점역":"NA",
            "1시간거점역이름":"NA",
            "3km이내백화점수":0,
            "5km이내아울렛몰수":0,
            "1km이내대형먀트수":0,
            "500m이내은행수":0,
            "500m이내병원수":1,
            "5km이내대형병원수":1,
            "500m이내공원수":3,
            "3km이내혐오시설수":0,
            "초등학교학업성취도":90.0,
            "중학교학업성취도":63.9,
            "용적률":185,
            "건폐율":0,
            "Y":34.830257,
            "X":128.421869,
            "rank":86.0,
            "area_info":"16평(53.57), 20평(68.33)",
            "last_sales":"2021-12-23,6800.0,20평(68.33)",
            "rank_history":[
                [
                    "202203",
                    86
                ],
                [
                    "202202",
                    65
                ],
                [
                    "202201",
                    65
                ]
            ],
            "rank_gap":-21
        },
        {
            "index":484,
            "아파트명":"삼익비치맨션",
            "투자타입":"재건축",
            "전용면적(m2)":"80.57",
            "전용면적(평)":"24평",
            "법정동주소":"경상남도 통영시 정량동 1127",
            "도로명주소":"경상남도 통영시 항북길 12-27",
            "세대수":0,
            "입주년차":"--",
            "용적률점수":0,
            "건폐율점수":0,
            "세대당주차수":"--",
            "난방방식":"--",
            "공급면적":50,
            "전용률":80,
            "욕실수":"--",
            "현관타입":"--",
            "주거총점":6.5,
            "지역구공급총점":0.0,
            "역세권":"NA",
            "30분내 이동가능 거점":"NA",
            "1시간내 이동가능 거점":"NA",
            "교통총점":"NA",
            "백화점":0,
            "아울렛몰":0,
            "대형마트":80,
            "은행":0,
            "병원":10,
            "종합병원":80,
            "공원":0,
            "혐오시설":0,
            "인프라총점":29.0,
            "초등학군":89.97,
            "중학군":36.82,
            "학군총점":47.45,
            "인구수":13.06,
            "인구증감":-10.98,
            "인구총점":5.848,
            "일자리":7.02,
            "소득수준":51.77,
            "일자리총점":20.445,
            "가치 총점":25.7375,
            "매매실거래년":20211124.0,
            "매매실거래가":9300.0,
            "전세실거래년":20211109.0,
            "전세실거래가":6000.0,
            "전세가율":64.52,
            "장기전세가율평균":71.24,
            "전세가율거품지수":6.72,
            "검색코드":16935,
            "세대수":225.0,
            "준공년월":"1987-08-01",
            "준공년차":36.0,
            "가까운역이름":"NA",
            "가까운역거리":"NA",
            "역세권여부":"NA",
            "30분이내주요거점역":"NA",
            "30분거점역이름":"NA",
            "1시간이내주요거점역":"NA",
            "1시간거점역이름":"NA",
            "3km이내백화점수":0,
            "5km이내아울렛몰수":0,
            "1km이내대형먀트수":1,
            "500m이내은행수":1,
            "500m이내병원수":4,
            "5km이내대형병원수":1,
            "500m이내공원수":0,
            "3km이내혐오시설수":0,
            "초등학교학업성취도":89.97,
            "중학교학업성취도":60.7,
            "용적률":0,
            "건폐율":0,
            "Y":34.847102,
            "X":128.430637,
            "rank":87.0,
            "area_info":"24평(80.57), 28평(92.83), 32평(106.23), 50평(166.77)",
            "last_sales":"2021-11-24,9300.0,24평(80.57)",
            "rank_history":[
                [
                    "202203",
                    87
                ],
                [
                    "202202",
                    67
                ],
                [
                    "202201",
                    76
                ]
            ],
            "rank_gap":-20
        },
        {
            "index":313,
            "아파트명":"천우운하맨션",
            "투자타입":"재건축",
            "전용면적(m2)":"60.33",
            "전용면적(평)":"18평",
            "법정동주소":"경상남도 통영시 미수동 22-1",
            "도로명주소":"경상남도 통영시 운하1길 25",
            "세대수":0,
            "입주년차":"--",
            "용적률점수":0,
            "건폐율점수":0,
            "세대당주차수":"--",
            "난방방식":"--",
            "공급면적":50,
            "전용률":60,
            "욕실수":"--",
            "현관타입":"--",
            "주거총점":5.5,
            "지역구공급총점":0.0,
            "역세권":"NA",
            "30분내 이동가능 거점":"NA",
            "1시간내 이동가능 거점":"NA",
            "교통총점":"NA",
            "백화점":0,
            "아울렛몰":0,
            "대형마트":80,
            "은행":0,
            "병원":10,
            "종합병원":80,
            "공원":0,
            "혐오시설":0,
            "인프라총점":29.0,
            "초등학군":89.99,
            "중학군":38.34,
            "학군총점":48.67,
            "인구수":13.06,
            "인구증감":-10.98,
            "인구총점":5.848,
            "일자리":7.02,
            "소득수준":51.77,
            "일자리총점":20.445,
            "가치 총점":25.6925,
            "매매실거래년":20220213.0,
            "매매실거래가":7200.0,
            "전세실거래년":20170511.0,
            "전세실거래가":6500.0,
            "전세가율":104.84,
            "장기전세가율평균":71.24,
            "전세가율거품지수":-33.6,
            "검색코드":16896,
            "세대수":157.0,
            "준공년월":"1992-03-11",
            "준공년차":31.0,
            "가까운역이름":"NA",
            "가까운역거리":"NA",
            "역세권여부":"NA",
            "30분이내주요거점역":"NA",
            "30분거점역이름":"NA",
            "1시간이내주요거점역":"NA",
            "1시간거점역이름":"NA",
            "3km이내백화점수":0,
            "5km이내아울렛몰수":0,
            "1km이내대형먀트수":1,
            "500m이내은행수":0,
            "500m이내병원수":3,
            "5km이내대형병원수":1,
            "500m이내공원수":0,
            "3km이내혐오시설수":0,
            "초등학교학업성취도":89.99,
            "중학교학업성취도":63.9,
            "용적률":0,
            "건폐율":0,
            "Y":34.832065,
            "X":128.412684,
            "rank":88.0,
            "area_info":"18평(60.33), 19평(65.9), 23평(79.15)",
            "last_sales":"2022-02-13,7200.0,23평(79.15)",
            "rank_history":[
                [
                    "202203",
                    88
                ],
                [
                    "202202",
                    66
                ],
                [
                    "202201",
                    81
                ]
            ],
            "rank_gap":-22
        },
        {
            "index":87,
            "아파트명":"한창그린파크",
            "투자타입":"일반",
            "전용면적(m2)":"69.26",
            "전용면적(평)":"20평",
            "법정동주소":"경상남도 통영시 광도면 죽림리 622",
            "도로명주소":"경상남도 통영시 남해안대로 869",
            "세대수":0,
            "입주년차":0,
            "용적률점수":"--",
            "건폐율점수":"--",
            "세대당주차수":0,
            "난방방식":30,
            "공급면적":"--",
            "전용률":"--",
            "욕실수":50,
            "현관타입":10,
            "주거총점":9.0,
            "지역구공급총점":0.0,
            "역세권":"NA",
            "30분내 이동가능 거점":"NA",
            "1시간내 이동가능 거점":"NA",
            "교통총점":"NA",
            "백화점":0,
            "아울렛몰":0,
            "대형마트":0,
            "은행":0,
            "병원":0,
            "종합병원":80,
            "공원":100,
            "혐오시설":0,
            "인프라총점":19.0,
            "초등학군":90.01,
            "중학군":50.52,
            "학군총점":58.418,
            "인구수":13.06,
            "인구증감":-10.98,
            "인구총점":5.848,
            "일자리":7.02,
            "소득수준":51.77,
            "일자리총점":20.445,
            "가치 총점":25.3545,
            "매매실거래년":20210710.0,
            "매매실거래가":9000.0,
            "전세실거래년":20160411.0,
            "전세실거래가":7000.0,
            "전세가율":77.78,
            "장기전세가율평균":71.24,
            "전세가율거품지수":-6.54,
            "검색코드":101745,
            "세대수":66.0,
            "준공년월":"1995-12-23",
            "준공년차":28.0,
            "가까운역이름":"NA",
            "가까운역거리":"NA",
            "역세권여부":"NA",
            "30분이내주요거점역":"NA",
            "30분거점역이름":"NA",
            "1시간이내주요거점역":"NA",
            "1시간거점역이름":"NA",
            "3km이내백화점수":0,
            "5km이내아울렛몰수":0,
            "1km이내대형먀트수":0,
            "500m이내은행수":0,
            "500m이내병원수":1,
            "5km이내대형병원수":1,
            "500m이내공원수":2,
            "3km이내혐오시설수":0,
            "초등학교학업성취도":90.01,
            "중학교학업성취도":84.2,
            "용적률":211,
            "건폐율":26,
            "Y":34.871343,
            "X":128.415221,
            "rank":89.0,
            "area_info":"20평(69.26), 25평(83.92), 26평(86.47)",
            "last_sales":"2021-07-10,9000.0,20평(69.26)",
            "rank_history":[
                [
                    "202203",
                    89
                ],
                [
                    "202202",
                    9999
                ]
            ],
            "rank_gap":9999
        },
        {
            "index":157,
            "아파트명":"만복동호비취맨션",
            "투자타입":"일반",
            "전용면적(m2)":"80.63",
            "전용면적(평)":"24평",
            "법정동주소":"경상남도 통영시 동호동 361",
            "도로명주소":"경상남도 통영시 장좌로 131-7",
            "세대수":0,
            "입주년차":0,
            "용적률점수":"--",
            "건폐율점수":"--",
            "세대당주차수":0,
            "난방방식":30,
            "공급면적":"--",
            "전용률":"--",
            "욕실수":50,
            "현관타입":100,
            "주거총점":18.0,
            "지역구공급총점":0.0,
            "역세권":"NA",
            "30분내 이동가능 거점":"NA",
            "1시간내 이동가능 거점":"NA",
            "교통총점":"NA",
            "백화점":0,
            "아울렛몰":0,
            "대형마트":0,
            "은행":0,
            "병원":0,
            "종합병원":80,
            "공원":0,
            "혐오시설":0,
            "인프라총점":16.0,
            "초등학군":89.97,
            "중학군":38.34,
            "학군총점":48.666,
            "인구수":13.06,
            "인구증감":-10.98,
            "인구총점":5.848,
            "일자리":7.02,
            "소득수준":51.77,
            "일자리총점":20.445,
            "가치 총점":24.8665,
            "매매실거래년":20211015.0,
            "매매실거래가":9000.0,
            "전세실거래년":20141120.0,
            "전세실거래가":6800.0,
            "전세가율":117.24,
            "장기전세가율평균":71.24,
            "전세가율거품지수":-46.0,
            "검색코드":106436,
            "세대수":122.0,
            "준공년월":"1993-01-21",
            "준공년차":30.0,
            "가까운역이름":"NA",
            "가까운역거리":"NA",
            "역세권여부":"NA",
            "30분이내주요거점역":"NA",
            "30분거점역이름":"NA",
            "1시간이내주요거점역":"NA",
            "1시간거점역이름":"NA",
            "3km이내백화점수":0,
            "5km이내아울렛몰수":0,
            "1km이내대형먀트수":0,
            "500m이내은행수":1,
            "500m이내병원수":1,
            "5km이내대형병원수":1,
            "500m이내공원수":0,
            "3km이내혐오시설수":0,
            "초등학교학업성취도":89.97,
            "중학교학업성취도":63.9,
            "용적률":0,
            "건폐율":0,
            "Y":34.840671,
            "X":128.434114,
            "rank":90.0,
            "area_info":"24평(80.63), 27평(91.32), 31평(104.15)",
            "last_sales":"2021-10-15,9000.0,31평(104.15)",
            "rank_history":[
                [
                    "202203",
                    90
                ],
                [
                    "202202",
                    68
                ],
                [
                    "202201",
                    66
                ]
            ],
            "rank_gap":-22
        },
        {
            "index":508,
            "아파트명":"한창마운트맨션",
            "투자타입":"일반",
            "전용면적(m2)":"86.15",
            "전용면적(평)":"26평",
            "법정동주소":"경상남도 통영시 정량동 864-1",
            "도로명주소":"경상남도 통영시 멘데산업길 11",
            "세대수":0,
            "입주년차":0,
            "용적률점수":"--",
            "건폐율점수":"--",
            "세대당주차수":0,
            "난방방식":30,
            "공급면적":"--",
            "전용률":"--",
            "욕실수":50,
            "현관타입":100,
            "주거총점":18.0,
            "지역구공급총점":0.0,
            "역세권":"NA",
            "30분내 이동가능 거점":"NA",
            "1시간내 이동가능 거점":"NA",
            "교통총점":"NA",
            "백화점":0,
            "아울렛몰":0,
            "대형마트":0,
            "은행":0,
            "병원":0,
            "종합병원":80,
            "공원":0,
            "혐오시설":0,
            "인프라총점":16.0,
            "초등학군":89.97,
            "중학군":36.82,
            "학군총점":47.45,
            "인구수":13.06,
            "인구증감":-10.98,
            "인구총점":5.848,
            "일자리":7.02,
            "소득수준":51.77,
            "일자리총점":20.445,
            "가치 총점":24.5625,
            "매매실거래년":20220121.0,
            "매매실거래가":11000.0,
            "전세실거래년":20180531.0,
            "전세실거래가":6500.0,
            "전세가율":50.78,
            "장기전세가율평균":71.24,
            "전세가율거품지수":20.46,
            "검색코드":16939,
            "세대수":90.0,
            "준공년월":"1994-04-06",
            "준공년차":29.0,
            "가까운역이름":"NA",
            "가까운역거리":"NA",
            "역세권여부":"NA",
            "30분이내주요거점역":"NA",
            "30분거점역이름":"NA",
            "1시간이내주요거점역":"NA",
            "1시간거점역이름":"NA",
            "3km이내백화점수":0,
            "5km이내아울렛몰수":0,
            "1km이내대형먀트수":0,
            "500m이내은행수":1,
            "500m이내병원수":1,
            "5km이내대형병원수":1,
            "500m이내공원수":0,
            "3km이내혐오시설수":0,
            "초등학교학업성취도":89.97,
            "중학교학업성취도":60.7,
            "용적률":0,
            "건폐율":0,
            "Y":34.845123,
            "X":128.434553,
            "rank":91.0,
            "area_info":"26평(86.15), 29평(96.64), 30평(102.02)",
            "last_sales":"2022-01-21,11000.0,30평(102.02)",
            "rank_history":[
                [
                    "202203",
                    91
                ],
                [
                    "202202",
                    9999
                ]
            ],
            "rank_gap":9999
        },
        {
            "index":468,
            "아파트명":"삼성타워",
            "투자타입":"일반",
            "전용면적(m2)":"42.53",
            "전용면적(평)":"12평",
            "법정동주소":"경상남도 통영시 정량동 1158-35",
            "도로명주소":"경상남도 통영시 통영해안로 398",
            "세대수":0,
            "입주년차":0,
            "용적률점수":"--",
            "건폐율점수":"--",
            "세대당주차수":0,
            "난방방식":30,
            "공급면적":"--",
            "전용률":"--",
            "욕실수":50,
            "현관타입":10,
            "주거총점":9.0,
            "지역구공급총점":0.0,
            "역세권":"NA",
            "30분내 이동가능 거점":"NA",
            "1시간내 이동가능 거점":"NA",
            "교통총점":"NA",
            "백화점":0,
            "아울렛몰":0,
            "대형마트":0,
            "은행":0,
            "병원":10,
            "종합병원":80,
            "공원":80,
            "혐오시설":0,
            "인프라총점":19.4,
            "초등학군":89.97,
            "중학군":40.12,
            "학군총점":50.09,
            "인구수":13.06,
            "인구증감":-10.98,
            "인구총점":5.848,
            "일자리":7.02,
            "소득수준":51.77,
            "일자리총점":20.445,
            "가치 총점":23.4325,
            "매매실거래년":20170607.0,
            "매매실거래가":15000.0,
            "전세실거래년":null,
            "전세실거래가":null,
            "전세가율":null,
            "장기전세가율평균":71.24,
            "전세가율거품지수":null,
            "검색코드":16929,
            "세대수":106.0,
            "준공년월":"1993-01-28",
            "준공년차":30.0,
            "가까운역이름":"NA",
            "가까운역거리":"NA",
            "역세권여부":"NA",
            "30분이내주요거점역":"NA",
            "30분거점역이름":"NA",
            "1시간이내주요거점역":"NA",
            "1시간거점역이름":"NA",
            "3km이내백화점수":0,
            "5km이내아울렛몰수":0,
            "1km이내대형먀트수":0,
            "500m이내은행수":1,
            "500m이내병원수":4,
            "5km이내대형병원수":1,
            "500m이내공원수":1,
            "3km이내혐오시설수":0,
            "초등학교학업성취도":89.97,
            "중학교학업성취도":65.8,
            "용적률":633,
            "건폐율":69,
            "Y":34.84509,
            "X":128.43081,
            "rank":92.0,
            "area_info":"12평(42.53), 15평(50.21), 17평(57.45), 19평(65.69), 22평(75.53), 23평(76.09), 23평(78.35), 27평(91.01), 30평(99.83), 32평(105.93), 32평(106.29), 32평(106.61), 35평(117.0), 38평(126.61), 40평(134.18), 43평(145.15)",
            "last_sales":"2017-06-07,15000.0,43평(145.15)",
            "rank_history":[
                [
                    "202203",
                    92
                ],
                [
                    "202202",
                    69
                ],
                [
                    "202201",
                    69
                ]
            ],
            "rank_gap":-23
        },
        {
            "index":454,
            "아파트명":"대우미리내",
            "투자타입":"일반",
            "전용면적(m2)":"80.75",
            "전용면적(평)":"24평",
            "법정동주소":"경상남도 통영시 정량동 1123",
            "도로명주소":"경상남도 통영시 항북길 12-13",
            "세대수":0,
            "입주년차":0,
            "용적률점수":"--",
            "건폐율점수":"--",
            "세대당주차수":30,
            "난방방식":30,
            "공급면적":"--",
            "전용률":"--",
            "욕실수":50,
            "현관타입":10,
            "주거총점":13.5,
            "지역구공급총점":0.0,
            "역세권":"NA",
            "30분내 이동가능 거점":"NA",
            "1시간내 이동가능 거점":"NA",
            "교통총점":"NA",
            "백화점":0,
            "아울렛몰":0,
            "대형마트":0,
            "은행":0,
            "병원":10,
            "종합병원":80,
            "공원":0,
            "혐오시설":0,
            "인프라총점":17.0,
            "초등학군":89.97,
            "중학군":36.82,
            "학군총점":47.45,
            "인구수":13.06,
            "인구증감":-10.98,
            "인구총점":5.848,
            "일자리":7.02,
            "소득수준":51.77,
            "일자리총점":20.445,
            "가치 총점":23.3875,
            "매매실거래년":20211023.0,
            "매매실거래가":8300.0,
            "전세실거래년":20110228.0,
            "전세실거래가":1500.0,
            "전세가율":18.07,
            "장기전세가율평균":71.24,
            "전세가율거품지수":53.17,
            "검색코드":16925,
            "세대수":86.0,
            "준공년월":"1997-01-24",
            "준공년차":26.0,
            "가까운역이름":"NA",
            "가까운역거리":"NA",
            "역세권여부":"NA",
            "30분이내주요거점역":"NA",
            "30분거점역이름":"NA",
            "1시간이내주요거점역":"NA",
            "1시간거점역이름":"NA",
            "3km이내백화점수":0,
            "5km이내아울렛몰수":0,
            "1km이내대형먀트수":0,
            "500m이내은행수":1,
            "500m이내병원수":4,
            "5km이내대형병원수":1,
            "500m이내공원수":0,
            "3km이내혐오시설수":0,
            "초등학교학업성취도":89.97,
            "중학교학업성취도":60.7,
            "용적률":0,
            "건폐율":0,
            "Y":34.846679,
            "X":128.43046,
            "rank":93.0,
            "area_info":"24평(80.75), 33평(110.36), 33평(110.14), 47평(155.42)",
            "last_sales":"2021-10-23,8300.0,24평(80.75)",
            "rank_history":[
                [
                    "202203",
                    93
                ],
                [
                    "202202",
                    9999
                ]
            ],
            "rank_gap":9999
        },
        {
            "index":113,
            "아파트명":"진보소라",
            "투자타입":"일반",
            "전용면적(m2)":"70.68",
            "전용면적(평)":"21평",
            "법정동주소":"경상남도 통영시 도남동 491-23",
            "도로명주소":"경상남도 통영시 데메2길 12-9",
            "세대수":0,
            "입주년차":0,
            "용적률점수":"--",
            "건폐율점수":"--",
            "세대당주차수":0,
            "난방방식":30,
            "공급면적":"--",
            "전용률":"--",
            "욕실수":50,
            "현관타입":10,
            "주거총점":9.0,
            "지역구공급총점":0.0,
            "역세권":"NA",
            "30분내 이동가능 거점":"NA",
            "1시간내 이동가능 거점":"NA",
            "교통총점":"NA",
            "백화점":0,
            "아울렛몰":0,
            "대형마트":0,
            "은행":0,
            "병원":10,
            "종합병원":80,
            "공원":100,
            "혐오시설":0,
            "인프라총점":20.0,
            "초등학군":90.0,
            "중학군":38.34,
            "학군총점":48.672,
            "인구수":13.06,
            "인구증감":-10.98,
            "인구총점":5.848,
            "일자리":7.02,
            "소득수준":51.77,
            "일자리총점":20.445,
            "가치 총점":23.318,
            "매매실거래년":20211216.0,
            "매매실거래가":7000.0,
            "전세실거래년":20200902.0,
            "전세실거래가":5500.0,
            "전세가율":103.77,
            "장기전세가율평균":71.24,
            "전세가율거품지수":-32.53,
            "검색코드":16864,
            "세대수":70.0,
            "준공년월":"1996-12-26",
            "준공년차":27.0,
            "가까운역이름":"NA",
            "가까운역거리":"NA",
            "역세권여부":"NA",
            "30분이내주요거점역":"NA",
            "30분거점역이름":"NA",
            "1시간이내주요거점역":"NA",
            "1시간거점역이름":"NA",
            "3km이내백화점수":0,
            "5km이내아울렛몰수":0,
            "1km이내대형먀트수":0,
            "500m이내은행수":0,
            "500m이내병원수":3,
            "5km이내대형병원수":1,
            "500m이내공원수":2,
            "3km이내혐오시설수":0,
            "초등학교학업성취도":90.0,
            "중학교학업성취도":63.9,
            "용적률":242,
            "건폐율":34,
            "Y":34.829392,
            "X":128.419383,
            "rank":94.0,
            "area_info":"21평(70.68), 24평(82.61), 24평(82.51), 24평(82.16), 24평(82.34)",
            "last_sales":"2021-12-16,7000.0,24평(82.34)",
            "rank_history":[
                [
                    "202203",
                    94
                ],
                [
                    "202202",
                    9999
                ]
            ],
            "rank_gap":9999
        },
        {
            "index":428,
            "아파트명":"신우한솔",
            "투자타입":"일반",
            "전용면적(m2)":"53.25",
            "전용면적(평)":"16평",
            "법정동주소":"경상남도 통영시 인평동 429",
            "도로명주소":"경상남도 통영시 한실6길 7",
            "세대수":0,
            "입주년차":0,
            "용적률점수":"--",
            "건폐율점수":"--",
            "세대당주차수":0,
            "난방방식":30,
            "공급면적":"--",
            "전용률":"--",
            "욕실수":50,
            "현관타입":10,
            "주거총점":9.0,
            "지역구공급총점":0.0,
            "역세권":"NA",
            "30분내 이동가능 거점":"NA",
            "1시간내 이동가능 거점":"NA",
            "교통총점":"NA",
            "백화점":0,
            "아울렛몰":0,
            "대형마트":0,
            "은행":0,
            "병원":0,
            "종합병원":80,
            "공원":0,
            "혐오시설":0,
            "인프라총점":16.0,
            "초등학군":90.0,
            "중학군":46.32,
            "학군총점":55.056,
            "인구수":13.06,
            "인구증감":-10.98,
            "인구총점":5.848,
            "일자리":7.02,
            "소득수준":51.77,
            "일자리총점":20.445,
            "가치 총점":23.314,
            "매매실거래년":20211214.0,
            "매매실거래가":4500.0,
            "전세실거래년":20211130.0,
            "전세실거래가":4000.0,
            "전세가율":88.89,
            "장기전세가율평균":71.24,
            "전세가율거품지수":-17.65,
            "검색코드":122627,
            "세대수":66.0,
            "준공년월":"1995-03-11",
            "준공년차":28.0,
            "가까운역이름":"NA",
            "가까운역거리":"NA",
            "역세권여부":"NA",
            "30분이내주요거점역":"NA",
            "30분거점역이름":"NA",
            "1시간이내주요거점역":"NA",
            "1시간거점역이름":"NA",
            "3km이내백화점수":0,
            "5km이내아울렛몰수":0,
            "1km이내대형먀트수":0,
            "500m이내은행수":0,
            "500m이내병원수":1,
            "5km이내대형병원수":1,
            "500m이내공원수":0,
            "3km이내혐오시설수":0,
            "초등학교학업성취도":90.0,
            "중학교학업성취도":75.8,
            "용적률":193,
            "건폐율":28,
            "Y":34.840815,
            "X":128.398677,
            "rank":95.0,
            "area_info":"16평(53.25), 16평(53.25), 16평(53.25)",
            "last_sales":"2021-12-14,4500.0,16평(53.25)",
            "rank_history":[
                [
                    "202203",
                    95
                ],
                [
                    "202202",
                    9999
                ]
            ],
            "rank_gap":9999
        },
        {
            "index":501,
            "아파트명":"종우에이원맨션",
            "투자타입":"재건축",
            "전용면적(m2)":"103.94",
            "전용면적(평)":"31평",
            "법정동주소":"경상남도 통영시 정량동 1371",
            "도로명주소":"경상남도 통영시 정동4길 32",
            "세대수":0,
            "입주년차":"--",
            "용적률점수":0,
            "건폐율점수":0,
            "세대당주차수":"--",
            "난방방식":"--",
            "공급면적":90,
            "전용률":80,
            "욕실수":"--",
            "현관타입":"--",
            "주거총점":8.5,
            "지역구공급총점":0.0,
            "역세권":"NA",
            "30분내 이동가능 거점":"NA",
            "1시간내 이동가능 거점":"NA",
            "교통총점":"NA",
            "백화점":0,
            "아울렛몰":0,
            "대형마트":0,
            "은행":0,
            "병원":10,
            "종합병원":80,
            "공원":80,
            "혐오시설":0,
            "인프라총점":19.4,
            "초등학군":89.97,
            "중학군":40.12,
            "학군총점":50.09,
            "인구수":13.06,
            "인구증감":-10.98,
            "인구총점":5.848,
            "일자리":7.02,
            "소득수준":51.77,
            "일자리총점":20.445,
            "가치 총점":23.2575,
            "매매실거래년":20220108.0,
            "매매실거래가":14200.0,
            "전세실거래년":20160408.0,
            "전세실거래가":9000.0,
            "전세가율":63.38,
            "장기전세가율평균":71.24,
            "전세가율거품지수":7.86,
            "검색코드":16938,
            "세대수":74.0,
            "준공년월":"1992-04-06",
            "준공년차":31.0,
            "가까운역이름":"NA",
            "가까운역거리":"NA",
            "역세권여부":"NA",
            "30분이내주요거점역":"NA",
            "30분거점역이름":"NA",
            "1시간이내주요거점역":"NA",
            "1시간거점역이름":"NA",
            "3km이내백화점수":0,
            "5km이내아울렛몰수":0,
            "1km이내대형먀트수":0,
            "500m이내은행수":1,
            "500m이내병원수":4,
            "5km이내대형병원수":1,
            "500m이내공원수":1,
            "3km이내혐오시설수":0,
            "초등학교학업성취도":89.97,
            "중학교학업성취도":65.8,
            "용적률":0,
            "건폐율":0,
            "Y":34.844195,
            "X":128.432022,
            "rank":96.0,
            "area_info":"31평(103.94), 52평(173.57), 57평(189.73), 57평(191.0)",
            "last_sales":"2022-01-08,14200.0,31평(103.94)",
            "rank_history":[
                [
                    "202203",
                    96
                ],
                [
                    "202202",
                    9999
                ]
            ],
            "rank_gap":9999
        },
        {
            "index":120,
            "아파트명":"통영성원2차",
            "투자타입":"일반",
            "전용면적(m2)":"56.17",
            "전용면적(평)":"16평",
            "법정동주소":"경상남도 통영시 도남동 484-4",
            "도로명주소":"경상남도 통영시 데메4길 68",
            "세대수":0,
            "입주년차":0,
            "용적률점수":"--",
            "건폐율점수":"--",
            "세대당주차수":0,
            "난방방식":30,
            "공급면적":"--",
            "전용률":"--",
            "욕실수":50,
            "현관타입":10,
            "주거총점":9.0,
            "지역구공급총점":0.0,
            "역세권":"NA",
            "30분내 이동가능 거점":"NA",
            "1시간내 이동가능 거점":"NA",
            "교통총점":"NA",
            "백화점":0,
            "아울렛몰":0,
            "대형마트":0,
            "은행":0,
            "병원":0,
            "종합병원":80,
            "공원":100,
            "혐오시설":0,
            "인프라총점":19.0,
            "초등학군":90.0,
            "중학군":38.34,
            "학군총점":48.672,
            "인구수":13.06,
            "인구증감":-10.98,
            "인구총점":5.848,
            "일자리":7.02,
            "소득수준":51.77,
            "일자리총점":20.445,
            "가치 총점":22.918,
            "매매실거래년":20220126.0,
            "매매실거래가":5700.0,
            "전세실거래년":20131012.0,
            "전세실거래가":3500.0,
            "전세가율":87.5,
            "장기전세가율평균":71.24,
            "전세가율거품지수":-16.26,
            "검색코드":16855,
            "세대수":242.0,
            "준공년월":"1996-03-28",
            "준공년차":27.0,
            "가까운역이름":"NA",
            "가까운역거리":"NA",
            "역세권여부":"NA",
            "30분이내주요거점역":"NA",
            "30분거점역이름":"NA",
            "1시간이내주요거점역":"NA",
            "1시간거점역이름":"NA",
            "3km이내백화점수":0,
            "5km이내아울렛몰수":0,
            "1km이내대형먀트수":0,
            "500m이내은행수":0,
            "500m이내병원수":1,
            "5km이내대형병원수":1,
            "500m이내공원수":2,
            "3km이내혐오시설수":0,
            "초등학교학업성취도":90.0,
            "중학교학업성취도":63.9,
            "용적률":169,
            "건폐율":89,
            "Y":34.827055,
            "X":128.42241,
            "rank":97.0,
            "area_info":"16평(56.17), 21평(70.5)",
            "last_sales":"2022-01-26,5700.0,21평(70.5)",
            "rank_history":[
                [
                    "202203",
                    97
                ],
                [
                    "202202",
                    70
                ],
                [
                    "202201",
                    70
                ]
            ],
            "rank_gap":-27
        },
        {
            "index":488,
            "아파트명":"송림하이츠맨션",
            "투자타입":"재건축",
            "전용면적(m2)":"109.78",
            "전용면적(평)":"33평",
            "법정동주소":"경상남도 통영시 정량동 1379",
            "도로명주소":"경상남도 통영시 정동2길 52",
            "세대수":0,
            "입주년차":"--",
            "용적률점수":0,
            "건폐율점수":0,
            "세대당주차수":"--",
            "난방방식":"--",
            "공급면적":90,
            "전용률":60,
            "욕실수":"--",
            "현관타입":"--",
            "주거총점":7.5,
            "지역구공급총점":0.0,
            "역세권":"NA",
            "30분내 이동가능 거점":"NA",
            "1시간내 이동가능 거점":"NA",
            "교통총점":"NA",
            "백화점":0,
            "아울렛몰":0,
            "대형마트":0,
            "은행":0,
            "병원":10,
            "종합병원":80,
            "공원":80,
            "혐오시설":0,
            "인프라총점":19.4,
            "초등학군":89.97,
            "중학군":40.12,
            "학군총점":50.09,
            "인구수":13.06,
            "인구증감":-10.98,
            "인구총점":5.848,
            "일자리":7.02,
            "소득수준":51.77,
            "일자리총점":20.445,
            "가치 총점":22.9075,
            "매매실거래년":20211105.0,
            "매매실거래가":16000.0,
            "전세실거래년":20210315.0,
            "전세실거래가":3500.0,
            "전세가율":21.88,
            "장기전세가율평균":71.24,
            "전세가율거품지수":49.36,
            "검색코드":16936,
            "세대수":76.0,
            "준공년월":"1991-09-20",
            "준공년차":32.0,
            "가까운역이름":"NA",
            "가까운역거리":"NA",
            "역세권여부":"NA",
            "30분이내주요거점역":"NA",
            "30분거점역이름":"NA",
            "1시간이내주요거점역":"NA",
            "1시간거점역이름":"NA",
            "3km이내백화점수":0,
            "5km이내아울렛몰수":0,
            "1km이내대형먀트수":0,
            "500m이내은행수":1,
            "500m이내병원수":4,
            "5km이내대형병원수":1,
            "500m이내공원수":1,
            "3km이내혐오시설수":0,
            "초등학교학업성취도":89.97,
            "중학교학업성취도":65.8,
            "용적률":0,
            "건폐율":0,
            "Y":34.84405,
            "X":128.43055,
            "rank":98.0,
            "area_info":"33평(109.78)",
            "last_sales":"2021-11-05,16000.0,33평(109.78)",
            "rank_history":[
                [
                    "202203",
                    98
                ],
                [
                    "202202",
                    9999
                ]
            ],
            "rank_gap":9999
        },
        {
            "index":280,
            "아파트명":"미수동신2차",
            "투자타입":"일반",
            "전용면적(m2)":"51.75",
            "전용면적(평)":"15평",
            "법정동주소":"경상남도 통영시 미수동 292-107",
            "도로명주소":"경상남도 통영시 미수해안로 52",
            "세대수":0,
            "입주년차":0,
            "용적률점수":"--",
            "건폐율점수":"--",
            "세대당주차수":0,
            "난방방식":30,
            "공급면적":"--",
            "전용률":"--",
            "욕실수":50,
            "현관타입":10,
            "주거총점":9.0,
            "지역구공급총점":0.0,
            "역세권":"NA",
            "30분내 이동가능 거점":"NA",
            "1시간내 이동가능 거점":"NA",
            "교통총점":"NA",
            "백화점":0,
            "아울렛몰":0,
            "대형마트":0,
            "은행":0,
            "병원":0,
            "종합병원":80,
            "공원":80,
            "혐오시설":0,
            "인프라총점":18.4,
            "초등학군":89.99,
            "중학군":38.34,
            "학군총점":48.67,
            "인구수":13.06,
            "인구증감":-10.98,
            "인구총점":5.848,
            "일자리":7.02,
            "소득수준":51.77,
            "일자리총점":20.445,
            "가치 총점":22.6775,
            "매매실거래년":20220115.0,
            "매매실거래가":7800.0,
            "전세실거래년":20200904.0,
            "전세실거래가":5000.0,
            "전세가율":59.52,
            "장기전세가율평균":71.24,
            "전세가율거품지수":11.72,
            "검색코드":7740,
            "세대수":239.0,
            "준공년월":"1996-08-19",
            "준공년차":27.0,
            "가까운역이름":"NA",
            "가까운역거리":"NA",
            "역세권여부":"NA",
            "30분이내주요거점역":"NA",
            "30분거점역이름":"NA",
            "1시간이내주요거점역":"NA",
            "1시간거점역이름":"NA",
            "3km이내백화점수":0,
            "5km이내아울렛몰수":0,
            "1km이내대형먀트수":0,
            "500m이내은행수":0,
            "500m이내병원수":1,
            "5km이내대형병원수":1,
            "500m이내공원수":1,
            "3km이내혐오시설수":0,
            "초등학교학업성취도":89.99,
            "중학교학업성취도":63.9,
            "용적률":0,
            "건폐율":0,
            "Y":34.83001,
            "X":128.40675,
            "rank":99.0,
            "area_info":"15평(51.75), 19평(64.37), 22평(75.06)",
            "last_sales":"2022-01-15,7800.0,22평(75.06)",
            "rank_history":[
                [
                    "202203",
                    99
                ],
                [
                    "202202",
                    71
                ],
                [
                    "202201",
                    72
                ]
            ],
            "rank_gap":-28
        },
        {
            "index":420,
            "아파트명":"건우로얄맨션",
            "투자타입":"재건축",
            "전용면적(m2)":"70.98",
            "전용면적(평)":"21평",
            "법정동주소":"경상남도 통영시 인평동 433",
            "도로명주소":"경상남도 통영시 한실7길 13",
            "세대수":0,
            "입주년차":"--",
            "용적률점수":0,
            "건폐율점수":0,
            "세대당주차수":"--",
            "난방방식":"--",
            "공급면적":50,
            "전용률":80,
            "욕실수":"--",
            "현관타입":"--",
            "주거총점":6.5,
            "지역구공급총점":0.0,
            "역세권":"NA",
            "30분내 이동가능 거점":"NA",
            "1시간내 이동가능 거점":"NA",
            "교통총점":"NA",
            "백화점":0,
            "아울렛몰":0,
            "대형마트":0,
            "은행":0,
            "병원":0,
            "종합병원":80,
            "공원":0,
            "혐오시설":0,
            "인프라총점":16.0,
            "초등학군":90.0,
            "중학군":46.32,
            "학군총점":55.056,
            "인구수":13.06,
            "인구증감":-10.98,
            "인구총점":5.848,
            "일자리":7.02,
            "소득수준":51.77,
            "일자리총점":20.445,
            "가치 총점":22.439,
            "매매실거래년":20210708.0,
            "매매실거래가":4900.0,
            "전세실거래년":20130307.0,
            "전세실거래가":5000.0,
            "전세가율":102.04,
            "장기전세가율평균":71.24,
            "전세가율거품지수":-30.8,
            "검색코드":101987,
            "세대수":70.0,
            "준공년월":"1989-08-02",
            "준공년차":34.0,
            "가까운역이름":"NA",
            "가까운역거리":"NA",
            "역세권여부":"NA",
            "30분이내주요거점역":"NA",
            "30분거점역이름":"NA",
            "1시간이내주요거점역":"NA",
            "1시간거점역이름":"NA",
            "3km이내백화점수":0,
            "5km이내아울렛몰수":0,
            "1km이내대형먀트수":0,
            "500m이내은행수":0,
            "500m이내병원수":1,
            "5km이내대형병원수":1,
            "500m이내공원수":0,
            "3km이내혐오시설수":0,
            "초등학교학업성취도":90.0,
            "중학교학업성취도":75.8,
            "용적률":0,
            "건폐율":0,
            "Y":34.839671,
            "X":128.397021,
            "rank":100.0,
            "area_info":"21평(70.98), 27평(90.32), 27평(90.22), 27평(91.37)",
            "last_sales":"2021-07-08,4900.0,21평(70.98)",
            "rank_history":[
                [
                    "202203",
                    100
                ],
                [
                    "202202",
                    9999
                ]
            ],
            "rank_gap":9999
        },
        {
            "index":319,
            "아파트명":"대성",
            "투자타입":"재건축",
            "전용면적(m2)":"70.58",
            "전용면적(평)":"21평",
            "법정동주소":"경상남도 통영시 봉평동 135-1",
            "도로명주소":"경상남도 통영시 봉수로 21-19",
            "세대수":0,
            "입주년차":"--",
            "용적률점수":0,
            "건폐율점수":0,
            "세대당주차수":"--",
            "난방방식":"--",
            "공급면적":50,
            "전용률":80,
            "욕실수":"--",
            "현관타입":"--",
            "주거총점":6.5,
            "지역구공급총점":0.0,
            "역세권":"NA",
            "30분내 이동가능 거점":"NA",
            "1시간내 이동가능 거점":"NA",
            "교통총점":"NA",
            "백화점":0,
            "아울렛몰":0,
            "대형마트":0,
            "은행":0,
            "병원":10,
            "종합병원":80,
            "공원":80,
            "혐오시설":0,
            "인프라총점":19.4,
            "초등학군":90.0,
            "중학군":38.34,
            "학군총점":48.672,
            "인구수":13.06,
            "인구증감":-10.98,
            "인구총점":5.848,
            "일자리":7.02,
            "소득수준":51.77,
            "일자리총점":20.445,
            "가치 총점":22.203,
            "매매실거래년":20201020.0,
            "매매실거래가":6000.0,
            "전세실거래년":null,
            "전세실거래가":null,
            "전세가율":null,
            "장기전세가율평균":71.24,
            "전세가율거품지수":null,
            "검색코드":16901,
            "세대수":190.0,
            "준공년월":"1984-06-30",
            "준공년차":39.0,
            "가까운역이름":"NA",
            "가까운역거리":"NA",
            "역세권여부":"NA",
            "30분이내주요거점역":"NA",
            "30분거점역이름":"NA",
            "1시간이내주요거점역":"NA",
            "1시간거점역이름":"NA",
            "3km이내백화점수":0,
            "5km이내아울렛몰수":0,
            "1km이내대형먀트수":0,
            "500m이내은행수":0,
            "500m이내병원수":3,
            "5km이내대형병원수":1,
            "500m이내공원수":1,
            "3km이내혐오시설수":0,
            "초등학교학업성취도":90.0,
            "중학교학업성취도":63.9,
            "용적률":0,
            "건폐율":0,
            "Y":34.830216,
            "X":128.415506,
            "rank":101.0,
            "area_info":"21평(70.58), 21평(72.47), 21평(72.2), 22평(73.55), 23평(76.88), 24평(80.21), 24평(81.38)",
            "last_sales":"2020-10-20,6000.0,24평(81.38)",
            "rank_history":[
                [
                    "202203",
                    101
                ],
                [
                    "202202",
                    72
                ],
                [
                    "202201",
                    73
                ]
            ],
            "rank_gap":-29
        },
        {
            "index":271,
            "아파트명":"대우공원",
            "투자타입":"재건축",
            "전용면적(m2)":"51.24",
            "전용면적(평)":"15평",
            "법정동주소":"경상남도 통영시 미수동 382-2",
            "도로명주소":"경상남도 통영시 선금산2길 28",
            "세대수":0,
            "입주년차":"--",
            "용적률점수":0,
            "건폐율점수":0,
            "세대당주차수":"--",
            "난방방식":"--",
            "공급면적":50,
            "전용률":60,
            "욕실수":"--",
            "현관타입":"--",
            "주거총점":5.5,
            "지역구공급총점":0.0,
            "역세권":"NA",
            "30분내 이동가능 거점":"NA",
            "1시간내 이동가능 거점":"NA",
            "교통총점":"NA",
            "백화점":0,
            "아울렛몰":0,
            "대형마트":0,
            "은행":0,
            "병원":10,
            "종합병원":80,
            "공원":100,
            "혐오시설":0,
            "인프라총점":20.0,
            "초등학군":89.99,
            "중학군":38.34,
            "학군총점":48.67,
            "인구수":13.06,
            "인구증감":-10.98,
            "인구총점":5.848,
            "일자리":7.02,
            "소득수준":51.77,
            "일자리총점":20.445,
            "가치 총점":22.0925,
            "매매실거래년":20220218.0,
            "매매실거래가":4000.0,
            "전세실거래년":20201203.0,
            "전세실거래가":3000.0,
            "전세가율":50.0,
            "장기전세가율평균":71.24,
            "전세가율거품지수":21.24,
            "검색코드":16894,
            "세대수":190.0,
            "준공년월":"1991-02-04",
            "준공년차":32.0,
            "가까운역이름":"NA",
            "가까운역거리":"NA",
            "역세권여부":"NA",
            "30분이내주요거점역":"NA",
            "30분거점역이름":"NA",
            "1시간이내주요거점역":"NA",
            "1시간거점역이름":"NA",
            "3km이내백화점수":0,
            "5km이내아울렛몰수":0,
            "1km이내대형먀트수":0,
            "500m이내은행수":0,
            "500m이내병원수":4,
            "5km이내대형병원수":1,
            "500m이내공원수":2,
            "3km이내혐오시설수":0,
            "초등학교학업성취도":89.99,
            "중학교학업성취도":63.9,
            "용적률":0,
            "건폐율":0,
            "Y":34.825656,
            "X":128.404442,
            "rank":102.0,
            "area_info":"15평(51.24), 16평(53.96), 17평(57.5), 19평(63.77), 20평(66.89)",
            "last_sales":"2022-02-18,4000.0,20평(66.89)",
            "rank_history":[
                [
                    "202203",
                    102
                ],
                [
                    "202202",
                    76
                ],
                [
                    "202201",
                    78
                ]
            ],
            "rank_gap":-26
        },
        {
            "index":269,
            "아파트명":"대우2차",
            "투자타입":"재건축",
            "전용면적(m2)":"72.11",
            "전용면적(평)":"21평",
            "법정동주소":"경상남도 통영시 미수동 589-1",
            "도로명주소":"경상남도 통영시 미수로 91",
            "세대수":0,
            "입주년차":"--",
            "용적률점수":0,
            "건폐율점수":0,
            "세대당주차수":"--",
            "난방방식":"--",
            "공급면적":50,
            "전용률":60,
            "욕실수":"--",
            "현관타입":"--",
            "주거총점":5.5,
            "지역구공급총점":0.0,
            "역세권":"NA",
            "30분내 이동가능 거점":"NA",
            "1시간내 이동가능 거점":"NA",
            "교통총점":"NA",
            "백화점":0,
            "아울렛몰":0,
            "대형마트":0,
            "은행":0,
            "병원":10,
            "종합병원":80,
            "공원":100,
            "혐오시설":0,
            "인프라총점":20.0,
            "초등학군":89.99,
            "중학군":38.34,
            "학군총점":48.67,
            "인구수":13.06,
            "인구증감":-10.98,
            "인구총점":5.848,
            "일자리":7.02,
            "소득수준":51.77,
            "일자리총점":20.445,
            "가치 총점":22.0925,
            "매매실거래년":20220216.0,
            "매매실거래가":6000.0,
            "전세실거래년":20201207.0,
            "전세실거래가":5000.0,
            "전세가율":83.33,
            "장기전세가율평균":71.24,
            "전세가율거품지수":-12.09,
            "검색코드":16890,
            "세대수":154.0,
            "준공년월":"1991-11-22",
            "준공년차":32.0,
            "가까운역이름":"NA",
            "가까운역거리":"NA",
            "역세권여부":"NA",
            "30분이내주요거점역":"NA",
            "30분거점역이름":"NA",
            "1시간이내주요거점역":"NA",
            "1시간거점역이름":"NA",
            "3km이내백화점수":0,
            "5km이내아울렛몰수":0,
            "1km이내대형먀트수":0,
            "500m이내은행수":0,
            "500m이내병원수":3,
            "5km이내대형병원수":1,
            "500m이내공원수":2,
            "3km이내혐오시설수":0,
            "초등학교학업성취도":89.99,
            "중학교학업성취도":63.9,
            "용적률":0,
            "건폐율":0,
            "Y":34.82411,
            "X":128.3999,
            "rank":102.0,
            "area_info":"21평(72.11), 23평(79.29)",
            "last_sales":"2022-02-16,6000.0,21평(72.11)",
            "rank_history":[
                [
                    "202203",
                    102
                ],
                [
                    "202202",
                    73
                ],
                [
                    "202201",
                    75
                ]
            ],
            "rank_gap":-29
        },
        {
            "index":435,
            "아파트명":"신우한아름맨션",
            "투자타입":"재건축",
            "전용면적(m2)":"69.72",
            "전용면적(평)":"21평",
            "법정동주소":"경상남도 통영시 인평동 378-4",
            "도로명주소":"경상남도 통영시 한실7길 51",
            "세대수":0,
            "입주년차":"--",
            "용적률점수":0,
            "건폐율점수":0,
            "세대당주차수":"--",
            "난방방식":"--",
            "공급면적":50,
            "전용률":60,
            "욕실수":"--",
            "현관타입":"--",
            "주거총점":5.5,
            "지역구공급총점":0.0,
            "역세권":"NA",
            "30분내 이동가능 거점":"NA",
            "1시간내 이동가능 거점":"NA",
            "교통총점":"NA",
            "백화점":0,
            "아울렛몰":0,
            "대형마트":0,
            "은행":0,
            "병원":0,
            "종합병원":80,
            "공원":0,
            "혐오시설":0,
            "인프라총점":16.0,
            "초등학군":90.0,
            "중학군":46.32,
            "학군총점":55.056,
            "인구수":13.06,
            "인구증감":-10.98,
            "인구총점":5.848,
            "일자리":7.02,
            "소득수준":51.77,
            "일자리총점":20.445,
            "가치 총점":22.089,
            "매매실거래년":20220225.0,
            "매매실거래가":5800.0,
            "전세실거래년":null,
            "전세실거래가":null,
            "전세가율":null,
            "장기전세가율평균":71.24,
            "전세가율거품지수":null,
            "검색코드":16919,
            "세대수":102.0,
            "준공년월":"1992-12-19",
            "준공년차":31.0,
            "가까운역이름":"NA",
            "가까운역거리":"NA",
            "역세권여부":"NA",
            "30분이내주요거점역":"NA",
            "30분거점역이름":"NA",
            "1시간이내주요거점역":"NA",
            "1시간거점역이름":"NA",
            "3km이내백화점수":0,
            "5km이내아울렛몰수":0,
            "1km이내대형먀트수":0,
            "500m이내은행수":0,
            "500m이내병원수":1,
            "5km이내대형병원수":1,
            "500m이내공원수":0,
            "3km이내혐오시설수":0,
            "초등학교학업성취도":90.0,
            "중학교학업성취도":75.8,
            "용적률":0,
            "건폐율":0,
            "Y":34.840037,
            "X":128.395546,
            "rank":103.0,
            "area_info":"21평(69.72), 23평(77.52), 24평(79.8)",
            "last_sales":"2022-02-25,5800.0,21평(69.72)",
            "rank_history":[
                [
                    "202203",
                    103
                ],
                [
                    "202202",
                    75
                ],
                [
                    "202201",
                    77
                ]
            ],
            "rank_gap":-28
        },
        {
            "index":93,
            "아파트명":"세인맨션",
            "투자타입":"재건축",
            "전용면적(m2)":"58.05",
            "전용면적(평)":"17평",
            "법정동주소":"경상남도 통영시 도남동 364",
            "도로명주소":"경상남도 통영시 데메4길 45",
            "세대수":0,
            "입주년차":"--",
            "용적률점수":0,
            "건폐율점수":0,
            "세대당주차수":"--",
            "난방방식":"--",
            "공급면적":50,
            "전용률":80,
            "욕실수":"--",
            "현관타입":"--",
            "주거총점":6.5,
            "지역구공급총점":0.0,
            "역세권":"NA",
            "30분내 이동가능 거점":"NA",
            "1시간내 이동가능 거점":"NA",
            "교통총점":"NA",
            "백화점":0,
            "아울렛몰":0,
            "대형마트":0,
            "은행":0,
            "병원":0,
            "종합병원":80,
            "공원":100,
            "혐오시설":0,
            "인프라총점":19.0,
            "초등학군":90.0,
            "중학군":38.34,
            "학군총점":48.672,
            "인구수":13.06,
            "인구증감":-10.98,
            "인구총점":5.848,
            "일자리":7.02,
            "소득수준":51.77,
            "일자리총점":20.445,
            "가치 총점":22.043,
            "매매실거래년":20220125.0,
            "매매실거래가":4150.0,
            "전세실거래년":20220104.0,
            "전세실거래가":3500.0,
            "전세가율":70.71,
            "장기전세가율평균":71.24,
            "전세가율거품지수":0.53,
            "검색코드":16856,
            "세대수":144.0,
            "준공년월":"1988-09-08",
            "준공년차":35.0,
            "가까운역이름":"NA",
            "가까운역거리":"NA",
            "역세권여부":"NA",
            "30분이내주요거점역":"NA",
            "30분거점역이름":"NA",
            "1시간이내주요거점역":"NA",
            "1시간거점역이름":"NA",
            "3km이내백화점수":0,
            "5km이내아울렛몰수":0,
            "1km이내대형먀트수":0,
            "500m이내은행수":0,
            "500m이내병원수":1,
            "5km이내대형병원수":1,
            "500m이내공원수":2,
            "3km이내혐오시설수":0,
            "초등학교학업성취도":90.0,
            "중학교학업성취도":63.9,
            "용적률":0,
            "건폐율":0,
            "Y":34.827186,
            "X":128.423614,
            "rank":104.0,
            "area_info":"17평(58.05), 18평(61.72), 19평(65.81)",
            "last_sales":"2022-01-25,4150.0,18평(61.72)",
            "rank_history":[
                [
                    "202203",
                    104
                ],
                [
                    "202202",
                    74
                ],
                [
                    "202201",
                    74
                ]
            ],
            "rank_gap":-30
        },
        {
            "index":96,
            "아파트명":"우주",
            "투자타입":"재건축",
            "전용면적(m2)":"47.96",
            "전용면적(평)":"14평",
            "법정동주소":"경상남도 통영시 도남동 365-1",
            "도로명주소":"경상남도 통영시 데메4길 32",
            "세대수":0,
            "입주년차":"--",
            "용적률점수":0,
            "건폐율점수":0,
            "세대당주차수":"--",
            "난방방식":"--",
            "공급면적":50,
            "전용률":80,
            "욕실수":"--",
            "현관타입":"--",
            "주거총점":6.5,
            "지역구공급총점":0.0,
            "역세권":"NA",
            "30분내 이동가능 거점":"NA",
            "1시간내 이동가능 거점":"NA",
            "교통총점":"NA",
            "백화점":0,
            "아울렛몰":0,
            "대형마트":0,
            "은행":0,
            "병원":0,
            "종합병원":80,
            "공원":100,
            "혐오시설":0,
            "인프라총점":19.0,
            "초등학군":90.0,
            "중학군":38.34,
            "학군총점":48.672,
            "인구수":13.06,
            "인구증감":-10.98,
            "인구총점":5.848,
            "일자리":7.02,
            "소득수준":51.77,
            "일자리총점":20.445,
            "가치 총점":22.043,
            "매매실거래년":20191030.0,
            "매매실거래가":6400.0,
            "전세실거래년":20130520.0,
            "전세실거래가":2500.0,
            "전세가율":75.76,
            "장기전세가율평균":71.24,
            "전세가율거품지수":-4.52,
            "검색코드":16857,
            "세대수":144.0,
            "준공년월":"1986-12-19",
            "준공년차":37.0,
            "가까운역이름":"NA",
            "가까운역거리":"NA",
            "역세권여부":"NA",
            "30분이내주요거점역":"NA",
            "30분거점역이름":"NA",
            "1시간이내주요거점역":"NA",
            "1시간거점역이름":"NA",
            "3km이내백화점수":0,
            "5km이내아울렛몰수":0,
            "1km이내대형먀트수":0,
            "500m이내은행수":0,
            "500m이내병원수":1,
            "5km이내대형병원수":1,
            "500m이내공원수":3,
            "3km이내혐오시설수":0,
            "초등학교학업성취도":90.0,
            "중학교학업성취도":63.9,
            "용적률":0,
            "건폐율":0,
            "Y":34.828323,
            "X":128.423259,
            "rank":104.0,
            "area_info":"14평(47.96), 15평(51.77), 18평(61.76), 19평(64.37)",
            "last_sales":"2019-10-30,6400.0,19평(64.37)",
            "rank_history":[
                [
                    "202203",
                    104
                ],
                [
                    "202202",
                    74
                ],
                [
                    "202201",
                    74
                ]
            ],
            "rank_gap":-30
        },
        {
            "index":100,
            "아파트명":"일성",
            "투자타입":"재건축",
            "전용면적(m2)":"55.92",
            "전용면적(평)":"16평",
            "법정동주소":"경상남도 통영시 도남동 406",
            "도로명주소":"경상남도 통영시 도남로 200",
            "세대수":0,
            "입주년차":"--",
            "용적률점수":0,
            "건폐율점수":0,
            "세대당주차수":"--",
            "난방방식":"--",
            "공급면적":50,
            "전용률":80,
            "욕실수":"--",
            "현관타입":"--",
            "주거총점":6.5,
            "지역구공급총점":0.0,
            "역세권":"NA",
            "30분내 이동가능 거점":"NA",
            "1시간내 이동가능 거점":"NA",
            "교통총점":"NA",
            "백화점":0,
            "아울렛몰":0,
            "대형마트":0,
            "은행":0,
            "병원":0,
            "종합병원":80,
            "공원":100,
            "혐오시설":0,
            "인프라총점":19.0,
            "초등학군":90.0,
            "중학군":38.34,
            "학군총점":48.672,
            "인구수":13.06,
            "인구증감":-10.98,
            "인구총점":5.848,
            "일자리":7.02,
            "소득수준":51.77,
            "일자리총점":20.445,
            "가치 총점":22.043,
            "매매실거래년":20210821.0,
            "매매실거래가":3900.0,
            "전세실거래년":20141029.0,
            "전세실거래가":3500.0,
            "전세가율":89.74,
            "장기전세가율평균":71.24,
            "전세가율거품지수":-18.5,
            "검색코드":16860,
            "세대수":86.0,
            "준공년월":"1988-01-25",
            "준공년차":35.0,
            "가까운역이름":"NA",
            "가까운역거리":"NA",
            "역세권여부":"NA",
            "30분이내주요거점역":"NA",
            "30분거점역이름":"NA",
            "1시간이내주요거점역":"NA",
            "1시간거점역이름":"NA",
            "3km이내백화점수":0,
            "5km이내아울렛몰수":0,
            "1km이내대형먀트수":0,
            "500m이내은행수":0,
            "500m이내병원수":1,
            "5km이내대형병원수":1,
            "500m이내공원수":2,
            "3km이내혐오시설수":0,
            "초등학교학업성취도":90.0,
            "중학교학업성취도":63.9,
            "용적률":0,
            "건폐율":0,
            "Y":34.828947,
            "X":128.425481,
            "rank":104.0,
            "area_info":"16평(55.92), 17평(57.28), 17평(59.06), 17평(59.07), 18평(61.19), 18평(61.13), 19평(64.03), 19평(64.25), 20평(67.86), 20평(67.92)",
            "last_sales":"2021-08-21,3900.0,16평(55.92)",
            "rank_history":[
                [
                    "202203",
                    104
                ],
                [
                    "202202",
                    9999
                ]
            ],
            "rank_gap":9999
        },
        {
            "index":90,
            "아파트명":"황리호산그린나래",
            "투자타입":"일반",
            "전용면적(m2)":"45.69",
            "전용면적(평)":"13평",
            "법정동주소":"경상남도 통영시 광도면 황리 1216-1",
            "도로명주소":"경상남도 통영시 안정로 959",
            "세대수":0,
            "입주년차":40,
            "용적률점수":"--",
            "건폐율점수":"--",
            "세대당주차수":0,
            "난방방식":30,
            "공급면적":"--",
            "전용률":"--",
            "욕실수":50,
            "현관타입":100,
            "주거총점":26.0,
            "지역구공급총점":0.0,
            "역세권":"NA",
            "30분내 이동가능 거점":"NA",
            "1시간내 이동가능 거점":"NA",
            "교통총점":"NA",
            "백화점":0,
            "아울렛몰":0,
            "대형마트":0,
            "은행":0,
            "병원":0,
            "종합병원":0,
            "공원":0,
            "혐오시설":0,
            "인프라총점":0.0,
            "초등학군":90.0,
            "중학군":42.0,
            "학군총점":51.6,
            "인구수":13.06,
            "인구증감":-10.98,
            "인구총점":5.848,
            "일자리":7.02,
            "소득수준":51.77,
            "일자리총점":20.445,
            "가치 총점":22.0,
            "매매실거래년":20200427.0,
            "매매실거래가":4200.0,
            "전세실거래년":20210306.0,
            "전세실거래가":2000.0,
            "전세가율":47.62,
            "장기전세가율평균":71.24,
            "전세가율거품지수":23.62,
            "검색코드":127600,
            "세대수":56.0,
            "준공년월":"2008-10-30",
            "준공년차":15.0,
            "가까운역이름":"NA",
            "가까운역거리":"NA",
            "역세권여부":"NA",
            "30분이내주요거점역":"NA",
            "30분거점역이름":"NA",
            "1시간이내주요거점역":"NA",
            "1시간거점역이름":"NA",
            "3km이내백화점수":0,
            "5km이내아울렛몰수":0,
            "1km이내대형먀트수":0,
            "500m이내은행수":0,
            "500m이내병원수":0,
            "5km이내대형병원수":0,
            "500m이내공원수":0,
            "3km이내혐오시설수":0,
            "초등학교학업성취도":90.0,
            "중학교학업성취도":70.0,
            "용적률":589,
            "건폐율":67,
            "Y":34.959958,
            "X":128.409578,
            "rank":105.0,
            "area_info":"13평(45.69), 14평(47.28)",
            "last_sales":"2020-04-27,4200.0,13평(45.69)",
            "rank_history":[
                [
                    "202203",
                    105
                ],
                [
                    "202202",
                    9999
                ]
            ],
            "rank_gap":9999
        },
        {
            "index":154,
            "아파트명":"동원비치맨션",
            "투자타입":"일반",
            "전용면적(m2)":"83.63",
            "전용면적(평)":"25평",
            "법정동주소":"경상남도 통영시 동호동 359",
            "도로명주소":"경상남도 통영시 동호안길 86",
            "세대수":0,
            "입주년차":0,
            "용적률점수":"--",
            "건폐율점수":"--",
            "세대당주차수":0,
            "난방방식":30,
            "공급면적":"--",
            "전용률":"--",
            "욕실수":50,
            "현관타입":10,
            "주거총점":9.0,
            "지역구공급총점":0.0,
            "역세권":"NA",
            "30분내 이동가능 거점":"NA",
            "1시간내 이동가능 거점":"NA",
            "교통총점":"NA",
            "백화점":0,
            "아울렛몰":0,
            "대형마트":0,
            "은행":0,
            "병원":0,
            "종합병원":80,
            "공원":0,
            "혐오시설":0,
            "인프라총점":16.0,
            "초등학군":89.97,
            "중학군":38.34,
            "학군총점":48.666,
            "인구수":13.06,
            "인구증감":-10.98,
            "인구총점":5.848,
            "일자리":7.02,
            "소득수준":51.77,
            "일자리총점":20.445,
            "가치 총점":21.7165,
            "매매실거래년":20220221.0,
            "매매실거래가":8500.0,
            "전세실거래년":20201128.0,
            "전세실거래가":5000.0,
            "전세가율":86.96,
            "장기전세가율평균":71.24,
            "전세가율거품지수":-15.72,
            "검색코드":16872,
            "세대수":152.0,
            "준공년월":"1995-05-27",
            "준공년차":28.0,
            "가까운역이름":"NA",
            "가까운역거리":"NA",
            "역세권여부":"NA",
            "30분이내주요거점역":"NA",
            "30분거점역이름":"NA",
            "1시간이내주요거점역":"NA",
            "1시간거점역이름":"NA",
            "3km이내백화점수":0,
            "5km이내아울렛몰수":0,
            "1km이내대형먀트수":0,
            "500m이내은행수":0,
            "500m이내병원수":0,
            "5km이내대형병원수":1,
            "500m이내공원수":0,
            "3km이내혐오시설수":0,
            "초등학교학업성취도":89.97,
            "중학교학업성취도":63.9,
            "용적률":291,
            "건폐율":32,
            "Y":34.839099,
            "X":128.435319,
            "rank":106.0,
            "area_info":"25평(83.63), 28평(95.4), 31평(105.34)",
            "last_sales":"2022-02-21,8500.0,31평(105.34)",
            "rank_history":[
                [
                    "202203",
                    106
                ],
                [
                    "202202",
                    77
                ],
                [
                    "202201",
                    79
                ]
            ],
            "rank_gap":-29
        },
        {
            "index":438,
            "아파트명":"인평충무주공",
            "투자타입":"재건축",
            "전용면적(m2)":"49.48",
            "전용면적(평)":"14평",
            "법정동주소":"경상남도 통영시 인평동 402",
            "도로명주소":"경상남도 통영시 평인일주로 82",
            "세대수":0,
            "입주년차":"--",
            "용적률점수":0,
            "건폐율점수":0,
            "세대당주차수":"--",
            "난방방식":"--",
            "공급면적":50,
            "전용률":60,
            "욕실수":"--",
            "현관타입":"--",
            "주거총점":5.5,
            "지역구공급총점":0.0,
            "역세권":"NA",
            "30분내 이동가능 거점":"NA",
            "1시간내 이동가능 거점":"NA",
            "교통총점":"NA",
            "백화점":0,
            "아울렛몰":0,
            "대형마트":0,
            "은행":0,
            "병원":0,
            "종합병원":80,
            "공원":0,
            "혐오시설":0,
            "인프라총점":16.0,
            "초등학군":90.0,
            "중학군":43.08,
            "학군총점":52.464,
            "인구수":13.06,
            "인구증감":-10.98,
            "인구총점":5.848,
            "일자리":7.02,
            "소득수준":51.77,
            "일자리총점":20.445,
            "가치 총점":21.441,
            "매매실거래년":20220219.0,
            "매매실거래가":3200.0,
            "전세실거래년":20220124.0,
            "전세실거래가":3000.0,
            "전세가율":93.75,
            "장기전세가율평균":71.24,
            "전세가율거품지수":-22.51,
            "검색코드":16920,
            "세대수":220.0,
            "준공년월":"1989-09-30",
            "준공년차":34.0,
            "가까운역이름":"NA",
            "가까운역거리":"NA",
            "역세권여부":"NA",
            "30분이내주요거점역":"NA",
            "30분거점역이름":"NA",
            "1시간이내주요거점역":"NA",
            "1시간거점역이름":"NA",
            "3km이내백화점수":0,
            "5km이내아울렛몰수":0,
            "1km이내대형먀트수":0,
            "500m이내은행수":0,
            "500m이내병원수":1,
            "5km이내대형병원수":1,
            "500m이내공원수":0,
            "3km이내혐오시설수":0,
            "초등학교학업성취도":90.0,
            "중학교학업성취도":71.8,
            "용적률":0,
            "건폐율":0,
            "Y":34.842204,
            "X":128.397033,
            "rank":107.0,
            "area_info":"14평(49.48), 15평(49.91), 17평(57.57)",
            "last_sales":"2022-02-19,3200.0,14평(49.48)",
            "rank_history":[
                [
                    "202203",
                    107
                ],
                [
                    "202202",
                    78
                ],
                [
                    "202201",
                    80
                ]
            ],
            "rank_gap":-29
        },
        {
            "index":300,
            "아파트명":"유성타워맨션",
            "투자타입":"재건축",
            "전용면적(m2)":"74.86",
            "전용면적(평)":"22평",
            "법정동주소":"경상남도 통영시 미수동 645",
            "도로명주소":"경상남도 통영시 미수로 64-10",
            "세대수":0,
            "입주년차":"--",
            "용적률점수":0,
            "건폐율점수":0,
            "세대당주차수":"--",
            "난방방식":"--",
            "공급면적":50,
            "전용률":80,
            "욕실수":"--",
            "현관타입":"--",
            "주거총점":6.5,
            "지역구공급총점":0.0,
            "역세권":"NA",
            "30분내 이동가능 거점":"NA",
            "1시간내 이동가능 거점":"NA",
            "교통총점":"NA",
            "백화점":0,
            "아울렛몰":0,
            "대형마트":0,
            "은행":0,
            "병원":0,
            "종합병원":0,
            "공원":100,
            "혐오시설":0,
            "인프라총점":3.0,
            "초등학군":89.99,
            "중학군":38.34,
            "학군총점":48.67,
            "인구수":13.06,
            "인구증감":-10.98,
            "인구총점":5.848,
            "일자리":7.02,
            "소득수준":51.77,
            "일자리총점":20.445,
            "가치 총점":15.6425,
            "매매실거래년":20220212.0,
            "매매실거래가":8000.0,
            "전세실거래년":20210309.0,
            "전세실거래가":4000.0,
            "전세가율":50.0,
            "장기전세가율평균":71.24,
            "전세가율거품지수":21.24,
            "검색코드":16892,
            "세대수":180.0,
            "준공년월":"1991-03-27",
            "준공년차":32.0,
            "가까운역이름":"NA",
            "가까운역거리":"NA",
            "역세권여부":"NA",
            "30분이내주요거점역":"NA",
            "30분거점역이름":"NA",
            "1시간이내주요거점역":"NA",
            "1시간거점역이름":"NA",
            "3km이내백화점수":0,
            "5km이내아울렛몰수":0,
            "1km이내대형먀트수":0,
            "500m이내은행수":0,
            "500m이내병원수":1,
            "5km이내대형병원수":0,
            "500m이내공원수":2,
            "3km이내혐오시설수":0,
            "초등학교학업성취도":89.99,
            "중학교학업성취도":63.9,
            "용적률":0,
            "건폐율":0,
            "Y":34.822091,
            "X":128.397581,
            "rank":108.0,
            "area_info":"22평(74.86)",
            "last_sales":"2022-02-12,8000.0,22평(74.86)",
            "rank_history":[
                [
                    "202203",
                    108
                ],
                [
                    "202202",
                    79
                ],
                [
                    "202201",
                    82
                ]
            ],
            "rank_gap":-29
        }
    ]
}