{
    "schema":{
        "fields":[
            {
                "name":"index",
                "type":"integer"
            },
            {
                "name":"아파트명",
                "type":"string"
            },
            {
                "name":"투자타입",
                "type":"string"
            },
            {
                "name":"전용면적(m2)",
                "type":"string"
            },
            {
                "name":"전용면적(평)",
                "type":"string"
            },
            {
                "name":"법정동주소",
                "type":"string"
            },
            {
                "name":"도로명주소",
                "type":"string"
            },
            {
                "name":"세대수",
                "type":"integer"
            },
            {
                "name":"입주년차",
                "type":"string"
            },
            {
                "name":"용적률점수",
                "type":"string"
            },
            {
                "name":"건폐율점수",
                "type":"string"
            },
            {
                "name":"세대당주차수",
                "type":"string"
            },
            {
                "name":"난방방식",
                "type":"string"
            },
            {
                "name":"공급면적",
                "type":"string"
            },
            {
                "name":"전용률",
                "type":"string"
            },
            {
                "name":"욕실수",
                "type":"string"
            },
            {
                "name":"현관타입",
                "type":"string"
            },
            {
                "name":"주거총점",
                "type":"number"
            },
            {
                "name":"지역구공급총점",
                "type":"number"
            },
            {
                "name":"역세권",
                "type":"string"
            },
            {
                "name":"30분내 이동가능 거점",
                "type":"string"
            },
            {
                "name":"1시간내 이동가능 거점",
                "type":"string"
            },
            {
                "name":"교통총점",
                "type":"string"
            },
            {
                "name":"백화점",
                "type":"integer"
            },
            {
                "name":"아울렛몰",
                "type":"integer"
            },
            {
                "name":"대형마트",
                "type":"integer"
            },
            {
                "name":"은행",
                "type":"integer"
            },
            {
                "name":"병원",
                "type":"integer"
            },
            {
                "name":"종합병원",
                "type":"integer"
            },
            {
                "name":"공원",
                "type":"integer"
            },
            {
                "name":"혐오시설",
                "type":"integer"
            },
            {
                "name":"인프라총점",
                "type":"number"
            },
            {
                "name":"초등학군",
                "type":"number"
            },
            {
                "name":"중학군",
                "type":"number"
            },
            {
                "name":"학군총점",
                "type":"number"
            },
            {
                "name":"인구수",
                "type":"number"
            },
            {
                "name":"인구증감",
                "type":"number"
            },
            {
                "name":"인구총점",
                "type":"number"
            },
            {
                "name":"일자리",
                "type":"number"
            },
            {
                "name":"소득수준",
                "type":"number"
            },
            {
                "name":"일자리총점",
                "type":"number"
            },
            {
                "name":"가치 총점",
                "type":"number"
            },
            {
                "name":"매매실거래년",
                "type":"string"
            },
            {
                "name":"매매실거래가",
                "type":"number"
            },
            {
                "name":"전세실거래년",
                "type":"number"
            },
            {
                "name":"전세실거래가",
                "type":"number"
            },
            {
                "name":"전세가율",
                "type":"number"
            },
            {
                "name":"장기전세가율평균",
                "type":"number"
            },
            {
                "name":"전세가율거품지수",
                "type":"number"
            },
            {
                "name":"검색코드",
                "type":"integer"
            },
            {
                "name":"세대수",
                "type":"number"
            },
            {
                "name":"준공년월",
                "type":"string"
            },
            {
                "name":"준공년차",
                "type":"number"
            },
            {
                "name":"가까운역이름",
                "type":"string"
            },
            {
                "name":"가까운역거리",
                "type":"string"
            },
            {
                "name":"역세권여부",
                "type":"string"
            },
            {
                "name":"30분이내주요거점역",
                "type":"string"
            },
            {
                "name":"30분거점역이름",
                "type":"string"
            },
            {
                "name":"1시간이내주요거점역",
                "type":"string"
            },
            {
                "name":"1시간거점역이름",
                "type":"string"
            },
            {
                "name":"3km이내백화점수",
                "type":"integer"
            },
            {
                "name":"5km이내아울렛몰수",
                "type":"integer"
            },
            {
                "name":"1km이내대형먀트수",
                "type":"integer"
            },
            {
                "name":"500m이내은행수",
                "type":"integer"
            },
            {
                "name":"500m이내병원수",
                "type":"integer"
            },
            {
                "name":"5km이내대형병원수",
                "type":"integer"
            },
            {
                "name":"500m이내공원수",
                "type":"integer"
            },
            {
                "name":"3km이내혐오시설수",
                "type":"integer"
            },
            {
                "name":"초등학교학업성취도",
                "type":"number"
            },
            {
                "name":"중학교학업성취도",
                "type":"number"
            },
            {
                "name":"용적률",
                "type":"integer"
            },
            {
                "name":"건폐율",
                "type":"integer"
            },
            {
                "name":"Y",
                "type":"number"
            },
            {
                "name":"X",
                "type":"number"
            },
            {
                "name":"rank",
                "type":"number"
            },
            {
                "name":"area_info",
                "type":"string"
            },
            {
                "name":"last_sales",
                "type":"string"
            },
            {
                "name":"rank_history",
                "type":"string"
            },
            {
                "name":"rank_gap",
                "type":"integer"
            }
        ],
        "primaryKey":[
            "index"
        ],
        "pandas_version":"1.4.0"
    },
    "data":[
        {
            "index":14,
            "아파트명":"삼천포예미지",
            "투자타입":"일반",
            "전용면적(m2)":"84.65",
            "전용면적(평)":"25평",
            "법정동주소":"경상남도 사천시 동금동 20-4",
            "도로명주소":"경상남도 사천시 신항로 64",
            "세대수":50,
            "입주년차":100,
            "용적률점수":"--",
            "건폐율점수":"--",
            "세대당주차수":30,
            "난방방식":30,
            "공급면적":"--",
            "전용률":"--",
            "욕실수":100,
            "현관타입":100,
            "주거총점":65.0,
            "지역구공급총점":0.0,
            "역세권":"NA",
            "30분내 이동가능 거점":"NA",
            "1시간내 이동가능 거점":"NA",
            "교통총점":"NA",
            "백화점":0,
            "아울렛몰":0,
            "대형마트":100,
            "은행":0,
            "병원":0,
            "종합병원":0,
            "공원":0,
            "혐오시설":0,
            "인프라총점":15.0,
            "초등학군":90.01,
            "중학군":45.78,
            "학군총점":54.626,
            "인구수":11.17,
            "인구증감":-1.81,
            "인구총점":7.276,
            "일자리":8.14,
            "소득수준":73.29,
            "일자리총점":27.685,
            "가치 총점":42.4065,
            "매매실거래년":20220223.0,
            "매매실거래가":27500.0,
            "전세실거래년":20210803.0,
            "전세실거래가":16000.0,
            "전세가율":73.73,
            "장기전세가율평균":73.17,
            "전세가율거품지수":-0.56,
            "검색코드":119094,
            "세대수":617.0,
            "준공년월":"2019-12-09",
            "준공년차":4.0,
            "가까운역이름":"NA",
            "가까운역거리":"NA",
            "역세권여부":"NA",
            "30분이내주요거점역":"NA",
            "30분거점역이름":"NA",
            "1시간이내주요거점역":"NA",
            "1시간거점역이름":"NA",
            "3km이내백화점수":0,
            "5km이내아울렛몰수":0,
            "1km이내대형먀트수":2,
            "500m이내은행수":1,
            "500m이내병원수":0,
            "5km이내대형병원수":0,
            "500m이내공원수":0,
            "3km이내혐오시설수":0,
            "초등학교학업성취도":90.01,
            "중학교학업성취도":76.3,
            "용적률":231,
            "건폐율":20,
            "Y":34.933522,
            "X":128.086048,
            "rank":1.0,
            "area_info":"25평(84.65), 25평(85.5), 26평(86.45), 29평(97.99), 33평(110.46), 33평(111.74), 38평(128.33), 41평(138.04)",
            "last_sales":"2022-02-23,27500.0,33평(111.74)",
            "rank_history":[
                [
                    "202203",
                    1
                ],
                [
                    "202202",
                    1
                ],
                [
                    "202201",
                    1
                ]
            ],
            "rank_gap":0
        },
        {
            "index":215,
            "아파트명":"사천KCC스위첸",
            "투자타입":"일반",
            "전용면적(m2)":"79.12",
            "전용면적(평)":"23평",
            "법정동주소":"경상남도 사천시 정동면 예수리 847",
            "도로명주소":"경상남도 사천시 반룡1로 52",
            "세대수":100,
            "입주년차":100,
            "용적률점수":"--",
            "건폐율점수":"--",
            "세대당주차수":30,
            "난방방식":30,
            "공급면적":"--",
            "전용률":"--",
            "욕실수":100,
            "현관타입":100,
            "주거총점":82.5,
            "지역구공급총점":0.0,
            "역세권":"NA",
            "30분내 이동가능 거점":"NA",
            "1시간내 이동가능 거점":"NA",
            "교통총점":"NA",
            "백화점":0,
            "아울렛몰":0,
            "대형마트":0,
            "은행":0,
            "병원":0,
            "종합병원":0,
            "공원":0,
            "혐오시설":0,
            "인프라총점":0.0,
            "초등학군":89.99,
            "중학군":42.42,
            "학군총점":51.934,
            "인구수":11.17,
            "인구증감":-1.81,
            "인구총점":7.276,
            "일자리":8.14,
            "소득수준":73.29,
            "일자리총점":27.685,
            "가치 총점":41.8585,
            "매매실거래년":20220104.0,
            "매매실거래가":34500.0,
            "전세실거래년":null,
            "전세실거래가":null,
            "전세가율":null,
            "장기전세가율평균":73.17,
            "전세가율거품지수":null,
            "검색코드":117833,
            "세대수":1738.0,
            "준공년월":"2020-06-01",
            "준공년차":3.0,
            "가까운역이름":"NA",
            "가까운역거리":"NA",
            "역세권여부":"NA",
            "30분이내주요거점역":"NA",
            "30분거점역이름":"NA",
            "1시간이내주요거점역":"NA",
            "1시간거점역이름":"NA",
            "3km이내백화점수":0,
            "5km이내아울렛몰수":0,
            "1km이내대형먀트수":0,
            "500m이내은행수":0,
            "500m이내병원수":0,
            "5km이내대형병원수":0,
            "500m이내공원수":0,
            "3km이내혐오시설수":0,
            "초등학교학업성취도":89.99,
            "중학교학업성취도":70.7,
            "용적률":0,
            "건폐율":0,
            "Y":35.062394,
            "X":128.085923,
            "rank":2.0,
            "area_info":"23평(79.12), 29평(98.97), 29평(98.24), 32평(107.24), 33평(111.26), 33평(112.07), 40평(134.17)",
            "last_sales":"2022-01-04,34500.0,40평(134.17)",
            "rank_history":[
                [
                    "202203",
                    2
                ],
                [
                    "202202",
                    2
                ],
                [
                    "202201",
                    2
                ]
            ],
            "rank_gap":0
        },
        {
            "index":182,
            "아파트명":"사천용강동서희스타힐스",
            "투자타입":"일반",
            "전용면적(m2)":"84.17",
            "전용면적(평)":"25평",
            "법정동주소":"경상남도 사천시 용강동 925",
            "도로명주소":"경상남도 사천시 중앙로 258",
            "세대수":50,
            "입주년차":100,
            "용적률점수":"--",
            "건폐율점수":"--",
            "세대당주차수":30,
            "난방방식":30,
            "공급면적":"--",
            "전용률":"--",
            "욕실수":100,
            "현관타입":100,
            "주거총점":65.0,
            "지역구공급총점":0.0,
            "역세권":"NA",
            "30분내 이동가능 거점":"NA",
            "1시간내 이동가능 거점":"NA",
            "교통총점":"NA",
            "백화점":0,
            "아울렛몰":0,
            "대형마트":80,
            "은행":0,
            "병원":0,
            "종합병원":0,
            "공원":0,
            "혐오시설":0,
            "인프라총점":12.0,
            "초등학군":90.04,
            "중학군":42.48,
            "학군총점":51.992,
            "인구수":11.17,
            "인구증감":-1.81,
            "인구총점":7.276,
            "일자리":8.14,
            "소득수준":73.29,
            "일자리총점":27.685,
            "가치 총점":40.548,
            "매매실거래년":"18000101",
            "매매실거래가":null,
            "전세실거래년":null,
            "전세실거래가":null,
            "전세가율":null,
            "장기전세가율평균":73.17,
            "전세가율거품지수":null,
            "검색코드":126502,
            "세대수":418.0,
            "준공년월":"2021-06-01",
            "준공년차":2.0,
            "가까운역이름":"NA",
            "가까운역거리":"NA",
            "역세권여부":"NA",
            "30분이내주요거점역":"NA",
            "30분거점역이름":"NA",
            "1시간이내주요거점역":"NA",
            "1시간거점역이름":"NA",
            "3km이내백화점수":0,
            "5km이내아울렛몰수":0,
            "1km이내대형먀트수":1,
            "500m이내은행수":0,
            "500m이내병원수":0,
            "5km이내대형병원수":0,
            "500m이내공원수":0,
            "3km이내혐오시설수":0,
            "초등학교학업성취도":90.04,
            "중학교학업성취도":70.0,
            "용적률":0,
            "건폐율":0,
            "Y":34.949582,
            "X":128.081593,
            "rank":3.0,
            "area_info":"25평(84.17), 29평(96.87), 29평(97.05), 33평(109.61)",
            "last_sales":"1800-01-01,nan,25평(84.17)",
            "rank_history":[
                [
                    "202203",
                    3
                ],
                [
                    "202202",
                    3
                ],
                [
                    "202201",
                    3
                ]
            ],
            "rank_gap":0
        },
        {
            "index":179,
            "아파트명":"대경파미르",
            "투자타입":"일반",
            "전용면적(m2)":"98.9",
            "전용면적(평)":"29평",
            "법정동주소":"경상남도 사천시 용강동 501",
            "도로명주소":"경상남도 사천시 상강청길 14",
            "세대수":50,
            "입주년차":60,
            "용적률점수":"--",
            "건폐율점수":"--",
            "세대당주차수":30,
            "난방방식":30,
            "공급면적":"--",
            "전용률":"--",
            "욕실수":100,
            "현관타입":100,
            "주거총점":57.0,
            "지역구공급총점":0.0,
            "역세권":"NA",
            "30분내 이동가능 거점":"NA",
            "1시간내 이동가능 거점":"NA",
            "교통총점":"NA",
            "백화점":0,
            "아울렛몰":0,
            "대형마트":100,
            "은행":0,
            "병원":0,
            "종합병원":0,
            "공원":0,
            "혐오시설":0,
            "인프라총점":15.0,
            "초등학군":90.04,
            "중학군":42.48,
            "학군총점":51.992,
            "인구수":11.17,
            "인구증감":-1.81,
            "인구총점":7.276,
            "일자리":8.14,
            "소득수준":73.29,
            "일자리총점":27.685,
            "가치 총점":38.948,
            "매매실거래년":20220126.0,
            "매매실거래가":20500.0,
            "전세실거래년":20220115.0,
            "전세실거래가":10000.0,
            "전세가율":54.64,
            "장기전세가율평균":73.17,
            "전세가율거품지수":18.53,
            "검색코드":106099,
            "세대수":474.0,
            "준공년월":"2013-10-30",
            "준공년차":10.0,
            "가까운역이름":"NA",
            "가까운역거리":"NA",
            "역세권여부":"NA",
            "30분이내주요거점역":"NA",
            "30분거점역이름":"NA",
            "1시간이내주요거점역":"NA",
            "1시간거점역이름":"NA",
            "3km이내백화점수":0,
            "5km이내아울렛몰수":0,
            "1km이내대형먀트수":3,
            "500m이내은행수":0,
            "500m이내병원수":0,
            "5km이내대형병원수":0,
            "500m이내공원수":0,
            "3km이내혐오시설수":0,
            "초등학교학업성취도":90.04,
            "중학교학업성취도":70.0,
            "용적률":223,
            "건폐율":24,
            "Y":34.947285,
            "X":128.086039,
            "rank":4.0,
            "area_info":"29평(98.9), 33평(110.93), 45평(151.52)",
            "last_sales":"2022-01-26,20500.0,33평(110.93)",
            "rank_history":[
                [
                    "202203",
                    4
                ],
                [
                    "202202",
                    4
                ],
                [
                    "202201",
                    4
                ]
            ],
            "rank_gap":0
        },
        {
            "index":199,
            "아파트명":"덕산아내",
            "투자타입":"일반",
            "전용면적(m2)":"102.13",
            "전용면적(평)":"30평",
            "법정동주소":"경상남도 사천시 용현면 덕곡리 559",
            "도로명주소":"경상남도 사천시 용현로 87",
            "세대수":50,
            "입주년차":60,
            "용적률점수":"--",
            "건폐율점수":"--",
            "세대당주차수":30,
            "난방방식":30,
            "공급면적":"--",
            "전용률":"--",
            "욕실수":100,
            "현관타입":100,
            "주거총점":57.0,
            "지역구공급총점":0.0,
            "역세권":"NA",
            "30분내 이동가능 거점":"NA",
            "1시간내 이동가능 거점":"NA",
            "교통총점":"NA",
            "백화점":0,
            "아울렛몰":0,
            "대형마트":80,
            "은행":0,
            "병원":0,
            "종합병원":0,
            "공원":100,
            "혐오시설":0,
            "인프라총점":15.0,
            "초등학군":90.03,
            "중학군":39.9,
            "학군총점":49.926,
            "인구수":11.17,
            "인구증감":-1.81,
            "인구총점":7.276,
            "일자리":8.14,
            "소득수준":73.29,
            "일자리총점":27.685,
            "가치 총점":38.4315,
            "매매실거래년":20220214.0,
            "매매실거래가":17800.0,
            "전세실거래년":20210614.0,
            "전세실거래가":10000.0,
            "전세가율":65.36,
            "장기전세가율평균":73.17,
            "전세가율거품지수":7.81,
            "검색코드":114669,
            "세대수":484.0,
            "준공년월":"2011-04-04",
            "준공년차":12.0,
            "가까운역이름":"NA",
            "가까운역거리":"NA",
            "역세권여부":"NA",
            "30분이내주요거점역":"NA",
            "30분거점역이름":"NA",
            "1시간이내주요거점역":"NA",
            "1시간거점역이름":"NA",
            "3km이내백화점수":0,
            "5km이내아울렛몰수":0,
            "1km이내대형먀트수":1,
            "500m이내은행수":1,
            "500m이내병원수":1,
            "5km이내대형병원수":0,
            "500m이내공원수":2,
            "3km이내혐오시설수":0,
            "초등학교학업성취도":90.03,
            "중학교학업성취도":66.1,
            "용적률":197,
            "건폐율":20,
            "Y":35.007221,
            "X":128.06271,
            "rank":5.0,
            "area_info":"30평(102.13), 34평(112.68)",
            "last_sales":"2022-02-14,17800.0,34평(112.68)",
            "rank_history":[
                [
                    "202203",
                    5
                ],
                [
                    "202202",
                    5
                ],
                [
                    "202201",
                    5
                ]
            ],
            "rank_gap":0
        },
        {
            "index":54,
            "아파트명":"사천LIG리가",
            "투자타입":"일반",
            "전용면적(m2)":"108.22",
            "전용면적(평)":"32평",
            "법정동주소":"경상남도 사천시 사남면 월성리 30-2",
            "도로명주소":"경상남도 사천시 월성1길 89",
            "세대수":90,
            "입주년차":60,
            "용적률점수":"--",
            "건폐율점수":"--",
            "세대당주차수":30,
            "난방방식":30,
            "공급면적":"--",
            "전용률":"--",
            "욕실수":100,
            "현관타입":100,
            "주거총점":71.0,
            "지역구공급총점":0.0,
            "역세권":"NA",
            "30분내 이동가능 거점":"NA",
            "1시간내 이동가능 거점":"NA",
            "교통총점":"NA",
            "백화점":0,
            "아울렛몰":0,
            "대형마트":0,
            "은행":0,
            "병원":0,
            "종합병원":0,
            "공원":0,
            "혐오시설":0,
            "인프라총점":0.0,
            "초등학군":89.99,
            "중학군":39.9,
            "학군총점":49.918,
            "인구수":11.17,
            "인구증감":-1.81,
            "인구총점":7.276,
            "일자리":8.14,
            "소득수준":73.29,
            "일자리총점":27.685,
            "가치 총점":37.3295,
            "매매실거래년":20220217.0,
            "매매실거래가":28000.0,
            "전세실거래년":20220212.0,
            "전세실거래가":22000.0,
            "전세가율":97.78,
            "장기전세가율평균":73.17,
            "전세가율거품지수":-24.61,
            "검색코드":101934,
            "세대수":902.0,
            "준공년월":"2010-05-24",
            "준공년차":13.0,
            "가까운역이름":"NA",
            "가까운역거리":"NA",
            "역세권여부":"NA",
            "30분이내주요거점역":"NA",
            "30분거점역이름":"NA",
            "1시간이내주요거점역":"NA",
            "1시간거점역이름":"NA",
            "3km이내백화점수":0,
            "5km이내아울렛몰수":0,
            "1km이내대형먀트수":0,
            "500m이내은행수":0,
            "500m이내병원수":0,
            "5km이내대형병원수":0,
            "500m이내공원수":0,
            "3km이내혐오시설수":0,
            "초등학교학업성취도":89.99,
            "중학교학업성취도":66.1,
            "용적률":222,
            "건폐율":23,
            "Y":35.063003,
            "X":128.07671,
            "rank":6.0,
            "area_info":"32평(108.22), 32평(108.53), 32평(108.7), 45평(150.66), 47평(158.39), 56평(186.83)",
            "last_sales":"2022-02-17,28000.0,45평(150.66)",
            "rank_history":[
                [
                    "202203",
                    6
                ],
                [
                    "202202",
                    6
                ],
                [
                    "202201",
                    6
                ]
            ],
            "rank_gap":0
        },
        {
            "index":237,
            "아파트명":"유토피아맨션",
            "투자타입":"재건축",
            "전용면적(m2)":"58.54",
            "전용면적(평)":"17평",
            "법정동주소":"경상남도 사천시 정동면 고읍리 602-20",
            "도로명주소":"경상남도 사천시 진삼로 1378-9",
            "세대수":0,
            "입주년차":"--",
            "용적률점수":100,
            "건폐율점수":80,
            "세대당주차수":"--",
            "난방방식":"--",
            "공급면적":50,
            "전용률":80,
            "욕실수":"--",
            "현관타입":"--",
            "주거총점":62.5,
            "지역구공급총점":0.0,
            "역세권":"NA",
            "30분내 이동가능 거점":"NA",
            "1시간내 이동가능 거점":"NA",
            "교통총점":"NA",
            "백화점":0,
            "아울렛몰":0,
            "대형마트":0,
            "은행":0,
            "병원":30,
            "종합병원":0,
            "공원":80,
            "혐오시설":0,
            "인프라총점":5.4,
            "초등학군":90.02,
            "중학군":42.42,
            "학군총점":51.94,
            "인구수":11.17,
            "인구증감":-1.81,
            "인구총점":7.276,
            "일자리":8.14,
            "소득수준":73.29,
            "일자리총점":27.685,
            "가치 총점":37.02,
            "매매실거래년":20190701.0,
            "매매실거래가":5200.0,
            "전세실거래년":20210913.0,
            "전세실거래가":5000.0,
            "전세가율":96.15,
            "장기전세가율평균":73.17,
            "전세가율거품지수":-22.98,
            "검색코드":117003,
            "세대수":50.0,
            "준공년월":"1989-05-03",
            "준공년차":34.0,
            "가까운역이름":"NA",
            "가까운역거리":"NA",
            "역세권여부":"NA",
            "30분이내주요거점역":"NA",
            "30분거점역이름":"NA",
            "1시간이내주요거점역":"NA",
            "1시간거점역이름":"NA",
            "3km이내백화점수":0,
            "5km이내아울렛몰수":0,
            "1km이내대형먀트수":0,
            "500m이내은행수":0,
            "500m이내병원수":5,
            "5km이내대형병원수":0,
            "500m이내공원수":1,
            "3km이내혐오시설수":0,
            "초등학교학업성취도":90.02,
            "중학교학업성취도":70.7,
            "용적률":119,
            "건폐율":23,
            "Y":35.074533,
            "X":128.084179,
            "rank":7.0,
            "area_info":"17평(58.54), 27평(90.85)",
            "last_sales":"2019-07-01,5200.0,17평(58.54)",
            "rank_history":[
                [
                    "202203",
                    7
                ],
                [
                    "202202",
                    9999
                ]
            ],
            "rank_gap":9999
        },
        {
            "index":73,
            "아파트명":"사천푸르지오",
            "투자타입":"일반",
            "전용면적(m2)":"85.04",
            "전용면적(평)":"25평",
            "법정동주소":"경상남도 사천시 사남면 월성리 451",
            "도로명주소":"경상남도 사천시 조동길 61",
            "세대수":90,
            "입주년차":40,
            "용적률점수":"--",
            "건폐율점수":"--",
            "세대당주차수":30,
            "난방방식":30,
            "공급면적":"--",
            "전용률":"--",
            "욕실수":100,
            "현관타입":100,
            "주거총점":67.0,
            "지역구공급총점":0.0,
            "역세권":"NA",
            "30분내 이동가능 거점":"NA",
            "1시간내 이동가능 거점":"NA",
            "교통총점":"NA",
            "백화점":0,
            "아울렛몰":0,
            "대형마트":0,
            "은행":0,
            "병원":0,
            "종합병원":0,
            "공원":80,
            "혐오시설":0,
            "인프라총점":2.4,
            "초등학군":89.99,
            "중학군":39.9,
            "학군총점":49.918,
            "인구수":11.17,
            "인구증감":-1.81,
            "인구총점":7.276,
            "일자리":8.14,
            "소득수준":73.29,
            "일자리총점":27.685,
            "가치 총점":36.8895,
            "매매실거래년":20220217.0,
            "매매실거래가":19000.0,
            "전세실거래년":20220212.0,
            "전세실거래가":14000.0,
            "전세가율":89.17,
            "장기전세가율평균":73.17,
            "전세가율거품지수":-16.0,
            "검색코드":19188,
            "세대수":998.0,
            "준공년월":"2006-06-23",
            "준공년차":17.0,
            "가까운역이름":"NA",
            "가까운역거리":"NA",
            "역세권여부":"NA",
            "30분이내주요거점역":"NA",
            "30분거점역이름":"NA",
            "1시간이내주요거점역":"NA",
            "1시간거점역이름":"NA",
            "3km이내백화점수":0,
            "5km이내아울렛몰수":0,
            "1km이내대형먀트수":0,
            "500m이내은행수":0,
            "500m이내병원수":1,
            "5km이내대형병원수":0,
            "500m이내공원수":1,
            "3km이내혐오시설수":0,
            "초등학교학업성취도":89.99,
            "중학교학업성취도":66.1,
            "용적률":172,
            "건폐율":15,
            "Y":35.061595,
            "X":128.065339,
            "rank":8.0,
            "area_info":"25평(85.04), 31평(103.24), 34평(115.25), 44평(147.69), 53평(176.94)",
            "last_sales":"2022-02-17,19000.0,34평(115.25)",
            "rank_history":[
                [
                    "202203",
                    8
                ],
                [
                    "202202",
                    7
                ],
                [
                    "202201",
                    8
                ]
            ],
            "rank_gap":-1
        },
        {
            "index":11,
            "아파트명":"사천피닉스센트럴마크",
            "투자타입":"일반",
            "전용면적(m2)":"79.42",
            "전용면적(평)":"24평",
            "법정동주소":"경상남도 사천시 동금동 83-8",
            "도로명주소":"경상남도 사천시 동금1길 9-5",
            "세대수":0,
            "입주년차":80,
            "용적률점수":"--",
            "건폐율점수":"--",
            "세대당주차수":30,
            "난방방식":30,
            "공급면적":"--",
            "전용률":"--",
            "욕실수":100,
            "현관타입":100,
            "주거총점":43.5,
            "지역구공급총점":0.0,
            "역세권":"NA",
            "30분내 이동가능 거점":"NA",
            "1시간내 이동가능 거점":"NA",
            "교통총점":"NA",
            "백화점":0,
            "아울렛몰":0,
            "대형마트":100,
            "은행":0,
            "병원":60,
            "종합병원":0,
            "공원":80,
            "혐오시설":0,
            "인프라총점":23.4,
            "초등학군":90.0,
            "중학군":38.58,
            "학군총점":48.864,
            "인구수":11.17,
            "인구증감":-1.81,
            "인구총점":7.276,
            "일자리":8.14,
            "소득수준":73.29,
            "일자리총점":27.685,
            "가치 총점":36.801,
            "매매실거래년":20220207.0,
            "매매실거래가":15920.0,
            "전세실거래년":null,
            "전세실거래가":null,
            "전세가율":null,
            "장기전세가율평균":73.17,
            "전세가율거품지수":null,
            "검색코드":111851,
            "세대수":140.0,
            "준공년월":"2018-07-12",
            "준공년차":5.0,
            "가까운역이름":"NA",
            "가까운역거리":"NA",
            "역세권여부":"NA",
            "30분이내주요거점역":"NA",
            "30분거점역이름":"NA",
            "1시간이내주요거점역":"NA",
            "1시간거점역이름":"NA",
            "3km이내백화점수":0,
            "5km이내아울렛몰수":0,
            "1km이내대형먀트수":2,
            "500m이내은행수":1,
            "500m이내병원수":26,
            "5km이내대형병원수":0,
            "500m이내공원수":1,
            "3km이내혐오시설수":0,
            "초등학교학업성취도":90.0,
            "중학교학업성취도":64.3,
            "용적률":815,
            "건폐율":60,
            "Y":34.933378,
            "X":128.078494,
            "rank":9.0,
            "area_info":"24평(79.42), 32평(106.37), 35평(118.75)",
            "last_sales":"2022-02-07,15920.0,24평(79.42)",
            "rank_history":[
                [
                    "202203",
                    9
                ],
                [
                    "202202",
                    8
                ],
                [
                    "202201",
                    7
                ]
            ],
            "rank_gap":-1
        },
        {
            "index":193,
            "아파트명":"정우하이뷰",
            "투자타입":"일반",
            "전용면적(m2)":"85.4",
            "전용면적(평)":"25평",
            "법정동주소":"경상남도 사천시 용강동 924",
            "도로명주소":"경상남도 사천시 용강길 53",
            "세대수":0,
            "입주년차":100,
            "용적률점수":"--",
            "건폐율점수":"--",
            "세대당주차수":30,
            "난방방식":30,
            "공급면적":"--",
            "전용률":"--",
            "욕실수":100,
            "현관타입":100,
            "주거총점":47.5,
            "지역구공급총점":0.0,
            "역세권":"NA",
            "30분내 이동가능 거점":"NA",
            "1시간내 이동가능 거점":"NA",
            "교통총점":"NA",
            "백화점":0,
            "아울렛몰":0,
            "대형마트":100,
            "은행":0,
            "병원":0,
            "종합병원":0,
            "공원":0,
            "혐오시설":0,
            "인프라총점":15.0,
            "초등학군":90.04,
            "중학군":42.48,
            "학군총점":51.992,
            "인구수":11.17,
            "인구증감":-1.81,
            "인구총점":7.276,
            "일자리":8.14,
            "소득수준":73.29,
            "일자리총점":27.685,
            "가치 총점":35.623,
            "매매실거래년":20210528.0,
            "매매실거래가":17500.0,
            "전세실거래년":20211003.0,
            "전세실거래가":15000.0,
            "전세가율":85.71,
            "장기전세가율평균":73.17,
            "전세가율거품지수":-12.54,
            "검색코드":117556,
            "세대수":84.0,
            "준공년월":"2019-01-01",
            "준공년차":4.0,
            "가까운역이름":"NA",
            "가까운역거리":"NA",
            "역세권여부":"NA",
            "30분이내주요거점역":"NA",
            "30분거점역이름":"NA",
            "1시간이내주요거점역":"NA",
            "1시간거점역이름":"NA",
            "3km이내백화점수":0,
            "5km이내아울렛몰수":0,
            "1km이내대형먀트수":2,
            "500m이내은행수":0,
            "500m이내병원수":0,
            "5km이내대형병원수":0,
            "500m이내공원수":0,
            "3km이내혐오시설수":0,
            "초등학교학업성취도":90.04,
            "중학교학업성취도":70.0,
            "용적률":214,
            "건폐율":25,
            "Y":34.947769,
            "X":128.084022,
            "rank":10.0,
            "area_info":"25평(85.4), 25평(85.27), 32평(108.66)",
            "last_sales":"2021-05-28,17500.0,25평(85.4)",
            "rank_history":[
                [
                    "202203",
                    10
                ],
                [
                    "202202",
                    9999
                ]
            ],
            "rank_gap":9999
        },
        {
            "index":23,
            "아파트명":"해변",
            "투자타입":"재건축",
            "전용면적(m2)":"57.45",
            "전용면적(평)":"17평",
            "법정동주소":"경상남도 사천시 동금동 158-15",
            "도로명주소":"경상남도 사천시 통창동길 7",
            "세대수":0,
            "입주년차":"--",
            "용적률점수":100,
            "건폐율점수":60,
            "세대당주차수":"--",
            "난방방식":"--",
            "공급면적":50,
            "전용률":80,
            "욕실수":"--",
            "현관타입":"--",
            "주거총점":58.5,
            "지역구공급총점":0.0,
            "역세권":"NA",
            "30분내 이동가능 거점":"NA",
            "1시간내 이동가능 거점":"NA",
            "교통총점":"NA",
            "백화점":0,
            "아울렛몰":0,
            "대형마트":0,
            "은행":0,
            "병원":10,
            "종합병원":0,
            "공원":80,
            "혐오시설":0,
            "인프라총점":3.4,
            "초등학군":90.01,
            "중학군":45.78,
            "학군총점":54.626,
            "인구수":11.17,
            "인구증감":-1.81,
            "인구총점":7.276,
            "일자리":8.14,
            "소득수준":73.29,
            "일자리총점":27.685,
            "가치 총점":35.4915,
            "매매실거래년":"18000101",
            "매매실거래가":null,
            "전세실거래년":null,
            "전세실거래가":null,
            "전세가율":null,
            "장기전세가율평균":73.17,
            "전세가율거품지수":null,
            "검색코드":137683,
            "세대수":52.0,
            "준공년월":"1988-05-11",
            "준공년차":35.0,
            "가까운역이름":"NA",
            "가까운역거리":"NA",
            "역세권여부":"NA",
            "30분이내주요거점역":"NA",
            "30분거점역이름":"NA",
            "1시간이내주요거점역":"NA",
            "1시간거점역이름":"NA",
            "3km이내백화점수":0,
            "5km이내아울렛몰수":0,
            "1km이내대형먀트수":0,
            "500m이내은행수":0,
            "500m이내병원수":2,
            "5km이내대형병원수":0,
            "500m이내공원수":1,
            "3km이내혐오시설수":0,
            "초등학교학업성취도":90.01,
            "중학교학업성취도":76.3,
            "용적률":68,
            "건폐율":34,
            "Y":34.929509,
            "X":128.082108,
            "rank":11.0,
            "area_info":"17평(57.45), 19평(64.3), 22평(73.3)",
            "last_sales":"1800-01-01,nan,17평(57.45)",
            "rank_history":[
                [
                    "202203",
                    11
                ],
                [
                    "202202",
                    9999
                ]
            ],
            "rank_gap":9999
        },
        {
            "index":104,
            "아파트명":"사천꿈에그린",
            "투자타입":"일반",
            "전용면적(m2)":"106.25",
            "전용면적(평)":"32평",
            "법정동주소":"경상남도 사천시 사천읍 사주리 482",
            "도로명주소":"경상남도 사천시 진삼로 1315",
            "세대수":50,
            "입주년차":80,
            "용적률점수":"--",
            "건폐율점수":"--",
            "세대당주차수":30,
            "난방방식":30,
            "공급면적":"--",
            "전용률":"--",
            "욕실수":100,
            "현관타입":100,
            "주거총점":61.0,
            "지역구공급총점":0.0,
            "역세권":"NA",
            "30분내 이동가능 거점":"NA",
            "1시간내 이동가능 거점":"NA",
            "교통총점":"NA",
            "백화점":0,
            "아울렛몰":0,
            "대형마트":0,
            "은행":0,
            "병원":0,
            "종합병원":0,
            "공원":80,
            "혐오시설":0,
            "인프라총점":2.4,
            "초등학군":90.02,
            "중학군":42.42,
            "학군총점":51.94,
            "인구수":11.17,
            "인구증감":-1.81,
            "인구총점":7.276,
            "일자리":8.14,
            "소득수준":73.29,
            "일자리총점":27.685,
            "가치 총점":35.295,
            "매매실거래년":20220222.0,
            "매매실거래가":25300.0,
            "전세실거래년":null,
            "전세실거래가":null,
            "전세가율":null,
            "장기전세가율평균":73.17,
            "전세가율거품지수":null,
            "검색코드":114670,
            "세대수":454.0,
            "준공년월":"2018-12-14",
            "준공년차":5.0,
            "가까운역이름":"NA",
            "가까운역거리":"NA",
            "역세권여부":"NA",
            "30분이내주요거점역":"NA",
            "30분거점역이름":"NA",
            "1시간이내주요거점역":"NA",
            "1시간거점역이름":"NA",
            "3km이내백화점수":0,
            "5km이내아울렛몰수":0,
            "1km이내대형먀트수":0,
            "500m이내은행수":0,
            "500m이내병원수":0,
            "5km이내대형병원수":0,
            "500m이내공원수":1,
            "3km이내혐오시설수":0,
            "초등학교학업성취도":90.02,
            "중학교학업성취도":70.7,
            "용적률":207,
            "건폐율":20,
            "Y":35.070592,
            "X":128.078535,
            "rank":12.0,
            "area_info":"32평(106.25), 32평(106.35), 32평(106.94), 32평(107.11)",
            "last_sales":"2022-02-22,25300.0,32평(107.11)",
            "rank_history":[
                [
                    "202203",
                    12
                ],
                [
                    "202202",
                    9
                ],
                [
                    "202201",
                    11
                ]
            ],
            "rank_gap":-3
        },
        {
            "index":3,
            "아파트명":"가양라끄빌5차",
            "투자타입":"일반",
            "전용면적(m2)":"114.36",
            "전용면적(평)":"34평",
            "법정동주소":"경상남도 사천시 동금동 582",
            "도로명주소":"경상남도 사천시 숲뫼길 11",
            "세대수":0,
            "입주년차":80,
            "용적률점수":"--",
            "건폐율점수":"--",
            "세대당주차수":60,
            "난방방식":30,
            "공급면적":"--",
            "전용률":"--",
            "욕실수":100,
            "현관타입":100,
            "주거총점":48.0,
            "지역구공급총점":0.0,
            "역세권":"NA",
            "30분내 이동가능 거점":"NA",
            "1시간내 이동가능 거점":"NA",
            "교통총점":"NA",
            "백화점":0,
            "아울렛몰":0,
            "대형마트":80,
            "은행":0,
            "병원":0,
            "종합병원":0,
            "공원":0,
            "혐오시설":0,
            "인프라총점":12.0,
            "초등학군":90.01,
            "중학군":45.78,
            "학군총점":54.626,
            "인구수":11.17,
            "인구증감":-1.81,
            "인구총점":7.276,
            "일자리":8.14,
            "소득수준":73.29,
            "일자리총점":27.685,
            "가치 총점":35.2565,
            "매매실거래년":20220124.0,
            "매매실거래가":28000.0,
            "전세실거래년":20200322.0,
            "전세실거래가":15000.0,
            "전세가율":53.57,
            "장기전세가율평균":73.17,
            "전세가율거품지수":19.6,
            "검색코드":118271,
            "세대수":114.0,
            "준공년월":"2017-12-22",
            "준공년차":6.0,
            "가까운역이름":"NA",
            "가까운역거리":"NA",
            "역세권여부":"NA",
            "30분이내주요거점역":"NA",
            "30분거점역이름":"NA",
            "1시간이내주요거점역":"NA",
            "1시간거점역이름":"NA",
            "3km이내백화점수":0,
            "5km이내아울렛몰수":0,
            "1km이내대형먀트수":1,
            "500m이내은행수":0,
            "500m이내병원수":0,
            "5km이내대형병원수":0,
            "500m이내공원수":0,
            "3km이내혐오시설수":0,
            "초등학교학업성취도":90.01,
            "중학교학업성취도":76.3,
            "용적률":231,
            "건폐율":20,
            "Y":34.932435,
            "X":128.086434,
            "rank":13.0,
            "area_info":"34평(114.36)",
            "last_sales":"2022-01-24,28000.0,34평(114.36)",
            "rank_history":[
                [
                    "202203",
                    13
                ],
                [
                    "202202",
                    10
                ],
                [
                    "202201",
                    9
                ]
            ],
            "rank_gap":-3
        },
        {
            "index":260,
            "아파트명":"가양라끄빌2차",
            "투자타입":"일반",
            "전용면적(m2)":"107.82",
            "전용면적(평)":"32평",
            "법정동주소":"경상남도 사천시 향촌동 919-24",
            "도로명주소":"경상남도 사천시 숲뫼길 100-16",
            "세대수":0,
            "입주년차":60,
            "용적률점수":"--",
            "건폐율점수":"--",
            "세대당주차수":30,
            "난방방식":30,
            "공급면적":"--",
            "전용률":"--",
            "욕실수":100,
            "현관타입":100,
            "주거총점":39.5,
            "지역구공급총점":0.0,
            "역세권":"NA",
            "30분내 이동가능 거점":"NA",
            "1시간내 이동가능 거점":"NA",
            "교통총점":"NA",
            "백화점":0,
            "아울렛몰":0,
            "대형마트":100,
            "은행":0,
            "병원":30,
            "종합병원":0,
            "공원":0,
            "혐오시설":0,
            "인프라총점":18.0,
            "초등학군":90.01,
            "중학군":45.78,
            "학군총점":54.626,
            "인구수":11.17,
            "인구증감":-1.81,
            "인구총점":7.276,
            "일자리":8.14,
            "소득수준":73.29,
            "일자리총점":27.685,
            "가치 총점":34.6815,
            "매매실거래년":20220214.0,
            "매매실거래가":18200.0,
            "전세실거래년":20210814.0,
            "전세실거래가":15000.0,
            "전세가율":82.42,
            "장기전세가율평균":73.17,
            "전세가율거품지수":-9.25,
            "검색코드":101840,
            "세대수":73.0,
            "준공년월":"2009-12-24",
            "준공년차":14.0,
            "가까운역이름":"NA",
            "가까운역거리":"NA",
            "역세권여부":"NA",
            "30분이내주요거점역":"NA",
            "30분거점역이름":"NA",
            "1시간이내주요거점역":"NA",
            "1시간거점역이름":"NA",
            "3km이내백화점수":0,
            "5km이내아울렛몰수":0,
            "1km이내대형먀트수":2,
            "500m이내은행수":0,
            "500m이내병원수":6,
            "5km이내대형병원수":0,
            "500m이내공원수":0,
            "3km이내혐오시설수":0,
            "초등학교학업성취도":90.01,
            "중학교학업성취도":76.3,
            "용적률":184,
            "건폐율":19,
            "Y":34.936142,
            "X":128.088119,
            "rank":14.0,
            "area_info":"32평(107.82), 32평(107.65), 33평(109.58), 33평(109.33)",
            "last_sales":"2022-02-14,18200.0,32평(107.82)",
            "rank_history":[
                [
                    "202203",
                    14
                ],
                [
                    "202202",
                    9999
                ]
            ],
            "rank_gap":9999
        },
        {
            "index":35,
            "아파트명":"벌리주공",
            "투자타입":"일반",
            "전용면적(m2)":"53.14",
            "전용면적(평)":"16평",
            "법정동주소":"경상남도 사천시 벌리동 259",
            "도로명주소":"경상남도 사천시 주공1길 50",
            "세대수":50,
            "입주년차":0,
            "용적률점수":"--",
            "건폐율점수":"--",
            "세대당주차수":0,
            "난방방식":30,
            "공급면적":"--",
            "전용률":"--",
            "욕실수":50,
            "현관타입":100,
            "주거총점":35.5,
            "지역구공급총점":0.0,
            "역세권":"NA",
            "30분내 이동가능 거점":"NA",
            "1시간내 이동가능 거점":"NA",
            "교통총점":"NA",
            "백화점":0,
            "아울렛몰":0,
            "대형마트":100,
            "은행":0,
            "병원":60,
            "종합병원":0,
            "공원":0,
            "혐오시설":0,
            "인프라총점":21.0,
            "초등학군":90.0,
            "중학군":45.78,
            "학군총점":54.624,
            "인구수":11.17,
            "인구증감":-1.81,
            "인구총점":7.276,
            "일자리":8.14,
            "소득수준":73.29,
            "일자리총점":27.685,
            "가치 총점":34.481,
            "매매실거래년":20220215.0,
            "매매실거래가":6350.0,
            "전세실거래년":20200622.0,
            "전세실거래가":4500.0,
            "전세가율":70.87,
            "장기전세가율평균":73.17,
            "전세가율거품지수":2.3,
            "검색코드":6959,
            "세대수":516.0,
            "준공년월":"1995-06-21",
            "준공년차":28.0,
            "가까운역이름":"NA",
            "가까운역거리":"NA",
            "역세권여부":"NA",
            "30분이내주요거점역":"NA",
            "30분거점역이름":"NA",
            "1시간이내주요거점역":"NA",
            "1시간거점역이름":"NA",
            "3km이내백화점수":0,
            "5km이내아울렛몰수":0,
            "1km이내대형먀트수":2,
            "500m이내은행수":0,
            "500m이내병원수":15,
            "5km이내대형병원수":0,
            "500m이내공원수":0,
            "3km이내혐오시설수":0,
            "초등학교학업성취도":90.0,
            "중학교학업성취도":76.3,
            "용적률":194,
            "건폐율":16,
            "Y":34.939955,
            "X":128.088145,
            "rank":15.0,
            "area_info":"16평(53.14), 23평(78.98)",
            "last_sales":"2022-02-15,6350.0,16평(53.14)",
            "rank_history":[
                [
                    "202203",
                    15
                ],
                [
                    "202202",
                    11
                ],
                [
                    "202201",
                    12
                ]
            ],
            "rank_gap":-4
        },
        {
            "index":37,
            "아파트명":"벌리호신유리안",
            "투자타입":"일반",
            "전용면적(m2)":"110.91",
            "전용면적(평)":"33평",
            "법정동주소":"경상남도 사천시 벌리동 475-5",
            "도로명주소":"경상남도 사천시 문선1길 89",
            "세대수":0,
            "입주년차":60,
            "용적률점수":"--",
            "건폐율점수":"--",
            "세대당주차수":30,
            "난방방식":30,
            "공급면적":"--",
            "전용률":"--",
            "욕실수":100,
            "현관타입":100,
            "주거총점":39.5,
            "지역구공급총점":0.0,
            "역세권":"NA",
            "30분내 이동가능 거점":"NA",
            "1시간내 이동가능 거점":"NA",
            "교통총점":"NA",
            "백화점":0,
            "아울렛몰":0,
            "대형마트":100,
            "은행":0,
            "병원":60,
            "종합병원":0,
            "공원":0,
            "혐오시설":0,
            "인프라총점":21.0,
            "초등학군":90.0,
            "중학군":38.58,
            "학군총점":48.864,
            "인구수":11.17,
            "인구증감":-1.81,
            "인구총점":7.276,
            "일자리":8.14,
            "소득수준":73.29,
            "일자리총점":27.685,
            "가치 총점":34.441,
            "매매실거래년":20200520.0,
            "매매실거래가":20500.0,
            "전세실거래년":null,
            "전세실거래가":null,
            "전세가율":null,
            "장기전세가율평균":73.17,
            "전세가율거품지수":null,
            "검색코드":103575,
            "세대수":57.0,
            "준공년월":"2010-09-15",
            "준공년차":13.0,
            "가까운역이름":"NA",
            "가까운역거리":"NA",
            "역세권여부":"NA",
            "30분이내주요거점역":"NA",
            "30분거점역이름":"NA",
            "1시간이내주요거점역":"NA",
            "1시간거점역이름":"NA",
            "3km이내백화점수":0,
            "5km이내아울렛몰수":0,
            "1km이내대형먀트수":2,
            "500m이내은행수":1,
            "500m이내병원수":26,
            "5km이내대형병원수":0,
            "500m이내공원수":0,
            "3km이내혐오시설수":0,
            "초등학교학업성취도":90.0,
            "중학교학업성취도":64.3,
            "용적률":228,
            "건폐율":22,
            "Y":34.935489,
            "X":128.080554,
            "rank":16.0,
            "area_info":"33평(110.91)",
            "last_sales":"2020-05-20,20500.0,33평(110.91)",
            "rank_history":[
                [
                    "202203",
                    16
                ],
                [
                    "202202",
                    9999
                ]
            ],
            "rank_gap":9999
        },
        {
            "index":81,
            "아파트명":"사천흥한에르가",
            "투자타입":"일반",
            "전용면적(m2)":"80.35",
            "전용면적(평)":"24평",
            "법정동주소":"경상남도 사천시 사남면 유천리 928",
            "도로명주소":"경상남도 사천시 유천길 281",
            "세대수":50,
            "입주년차":80,
            "용적률점수":"--",
            "건폐율점수":"--",
            "세대당주차수":30,
            "난방방식":30,
            "공급면적":"--",
            "전용률":"--",
            "욕실수":100,
            "현관타입":100,
            "주거총점":61.0,
            "지역구공급총점":0.0,
            "역세권":"NA",
            "30분내 이동가능 거점":"NA",
            "1시간내 이동가능 거점":"NA",
            "교통총점":"NA",
            "백화점":0,
            "아울렛몰":0,
            "대형마트":0,
            "은행":0,
            "병원":0,
            "종합병원":0,
            "공원":0,
            "혐오시설":0,
            "인프라총점":0.0,
            "초등학군":89.99,
            "중학군":42.42,
            "학군총점":51.934,
            "인구수":11.17,
            "인구증감":-1.81,
            "인구총점":7.276,
            "일자리":8.14,
            "소득수준":73.29,
            "일자리총점":27.685,
            "가치 총점":34.3335,
            "매매실거래년":20220130.0,
            "매매실거래가":24000.0,
            "전세실거래년":20211017.0,
            "전세실거래가":13000.0,
            "전세가율":76.7,
            "장기전세가율평균":73.17,
            "전세가율거품지수":-3.53,
            "검색코드":112006,
            "세대수":635.0,
            "준공년월":"2018-03-30",
            "준공년차":5.0,
            "가까운역이름":"NA",
            "가까운역거리":"NA",
            "역세권여부":"NA",
            "30분이내주요거점역":"NA",
            "30분거점역이름":"NA",
            "1시간이내주요거점역":"NA",
            "1시간거점역이름":"NA",
            "3km이내백화점수":0,
            "5km이내아울렛몰수":0,
            "1km이내대형먀트수":0,
            "500m이내은행수":0,
            "500m이내병원수":0,
            "5km이내대형병원수":0,
            "500m이내공원수":0,
            "3km이내혐오시설수":0,
            "초등학교학업성취도":89.99,
            "중학교학업성취도":70.7,
            "용적률":174,
            "건폐율":20,
            "Y":35.074194,
            "X":128.067265,
            "rank":17.0,
            "area_info":"24평(80.35), 24평(80.54), 29평(99.13), 34평(112.99), 56평(187.04)",
            "last_sales":"2022-01-30,24000.0,34평(112.99)",
            "rank_history":[
                [
                    "202203",
                    17
                ],
                [
                    "202202",
                    12
                ],
                [
                    "202201",
                    13
                ]
            ],
            "rank_gap":-5
        },
        {
            "index":60,
            "아파트명":"사천엘크루",
            "투자타입":"일반",
            "전용면적(m2)":"112.17",
            "전용면적(평)":"33평",
            "법정동주소":"경상남도 사천시 사남면 월성리 574",
            "도로명주소":"경상남도 사천시 조동길 49-43",
            "세대수":50,
            "입주년차":60,
            "용적률점수":"--",
            "건폐율점수":"--",
            "세대당주차수":60,
            "난방방식":30,
            "공급면적":"--",
            "전용률":"--",
            "욕실수":100,
            "현관타입":100,
            "주거총점":61.5,
            "지역구공급총점":0.0,
            "역세권":"NA",
            "30분내 이동가능 거점":"NA",
            "1시간내 이동가능 거점":"NA",
            "교통총점":"NA",
            "백화점":0,
            "아울렛몰":0,
            "대형마트":0,
            "은행":0,
            "병원":0,
            "종합병원":0,
            "공원":0,
            "혐오시설":0,
            "인프라총점":0.0,
            "초등학군":89.99,
            "중학군":39.9,
            "학군총점":49.918,
            "인구수":11.17,
            "인구증감":-1.81,
            "인구총점":7.276,
            "일자리":8.14,
            "소득수준":73.29,
            "일자리총점":27.685,
            "가치 총점":34.0045,
            "매매실거래년":20220224.0,
            "매매실거래가":29700.0,
            "전세실거래년":20220127.0,
            "전세실거래가":16800.0,
            "전세가율":76.02,
            "장기전세가율평균":73.17,
            "전세가율거품지수":-2.85,
            "검색코드":103936,
            "세대수":596.0,
            "준공년월":"2012-12-03",
            "준공년차":11.0,
            "가까운역이름":"NA",
            "가까운역거리":"NA",
            "역세권여부":"NA",
            "30분이내주요거점역":"NA",
            "30분거점역이름":"NA",
            "1시간이내주요거점역":"NA",
            "1시간거점역이름":"NA",
            "3km이내백화점수":0,
            "5km이내아울렛몰수":0,
            "1km이내대형먀트수":0,
            "500m이내은행수":0,
            "500m이내병원수":1,
            "5km이내대형병원수":0,
            "500m이내공원수":0,
            "3km이내혐오시설수":0,
            "초등학교학업성취도":89.99,
            "중학교학업성취도":66.1,
            "용적률":211,
            "건폐율":18,
            "Y":35.061341,
            "X":128.068135,
            "rank":18.0,
            "area_info":"33평(112.17), 34평(112.68), 34평(113.62), 34평(114.24), 35평(116.84), 36평(120.25), 37평(123.01), 38평(126.51), 40평(132.61), 40평(133.82), 41평(136.0), 56평(187.34), 59평(195.38)",
            "last_sales":"2022-02-24,29700.0,59평(195.38)",
            "rank_history":[
                [
                    "202203",
                    18
                ],
                [
                    "202202",
                    13
                ],
                [
                    "202201",
                    14
                ]
            ],
            "rank_gap":-5
        },
        {
            "index":201,
            "아파트명":"동강아뜨리에",
            "투자타입":"일반",
            "전용면적(m2)":"66.79",
            "전용면적(평)":"20평",
            "법정동주소":"경상남도 사천시 용현면 신복리 7-1",
            "도로명주소":"경상남도 사천시 죽천강길 56",
            "세대수":90,
            "입주년차":40,
            "용적률점수":"--",
            "건폐율점수":"--",
            "세대당주차수":0,
            "난방방식":30,
            "공급면적":"--",
            "전용률":"--",
            "욕실수":50,
            "현관타입":100,
            "주거총점":57.5,
            "지역구공급총점":0.0,
            "역세권":"NA",
            "30분내 이동가능 거점":"NA",
            "1시간내 이동가능 거점":"NA",
            "교통총점":"NA",
            "백화점":0,
            "아울렛몰":0,
            "대형마트":0,
            "은행":0,
            "병원":0,
            "종합병원":0,
            "공원":0,
            "혐오시설":0,
            "인프라총점":0.0,
            "초등학군":89.99,
            "중학군":39.9,
            "학군총점":49.918,
            "인구수":11.17,
            "인구증감":-1.81,
            "인구총점":7.276,
            "일자리":8.14,
            "소득수준":73.29,
            "일자리총점":27.685,
            "가치 총점":32.6045,
            "매매실거래년":20220219.0,
            "매매실거래가":9600.0,
            "전세실거래년":20211230.0,
            "전세실거래가":5000.0,
            "전세가율":89.29,
            "장기전세가율평균":73.17,
            "전세가율거품지수":-16.12,
            "검색코드":19288,
            "세대수":954.0,
            "준공년월":"2005-05-18",
            "준공년차":18.0,
            "가까운역이름":"NA",
            "가까운역거리":"NA",
            "역세권여부":"NA",
            "30분이내주요거점역":"NA",
            "30분거점역이름":"NA",
            "1시간이내주요거점역":"NA",
            "1시간거점역이름":"NA",
            "3km이내백화점수":0,
            "5km이내아울렛몰수":0,
            "1km이내대형먀트수":0,
            "500m이내은행수":0,
            "500m이내병원수":0,
            "5km이내대형병원수":0,
            "500m이내공원수":0,
            "3km이내혐오시설수":0,
            "초등학교학업성취도":89.99,
            "중학교학업성취도":66.1,
            "용적률":187,
            "건폐율":17,
            "Y":35.045939,
            "X":128.075175,
            "rank":19.0,
            "area_info":"20평(66.79), 21평(70.91), 23평(78.87), 23평(78.08), 31평(105.6), 32평(106.1)",
            "last_sales":"2022-02-19,9600.0,32평(106.1)",
            "rank_history":[
                [
                    "202203",
                    19
                ],
                [
                    "202202",
                    14
                ],
                [
                    "202201",
                    15
                ]
            ],
            "rank_gap":-5
        },
        {
            "index":101,
            "아파트명":"덕진봄",
            "투자타입":"일반",
            "전용면적(m2)":"78.92",
            "전용면적(평)":"23평",
            "법정동주소":"경상남도 사천시 사천읍 선인리 277-5",
            "도로명주소":"경상남도 사천시 옥산로 97",
            "세대수":50,
            "입주년차":60,
            "용적률점수":"--",
            "건폐율점수":"--",
            "세대당주차수":0,
            "난방방식":30,
            "공급면적":"--",
            "전용률":"--",
            "욕실수":50,
            "현관타입":100,
            "주거총점":47.5,
            "지역구공급총점":0.0,
            "역세권":"NA",
            "30분내 이동가능 거점":"NA",
            "1시간내 이동가능 거점":"NA",
            "교통총점":"NA",
            "백화점":0,
            "아울렛몰":0,
            "대형마트":0,
            "은행":0,
            "병원":60,
            "종합병원":0,
            "공원":0,
            "혐오시설":0,
            "인프라총점":6.0,
            "초등학군":89.99,
            "중학군":42.42,
            "학군총점":51.934,
            "인구수":11.17,
            "인구증감":-1.81,
            "인구총점":7.276,
            "일자리":8.14,
            "소득수준":73.29,
            "일자리총점":27.685,
            "가치 총점":32.0085,
            "매매실거래년":20220209.0,
            "매매실거래가":13700.0,
            "전세실거래년":20211218.0,
            "전세실거래가":13000.0,
            "전세가율":94.89,
            "장기전세가율평균":73.17,
            "전세가율거품지수":-21.72,
            "검색코드":114741,
            "세대수":420.0,
            "준공년월":"2012-01-06",
            "준공년차":11.0,
            "가까운역이름":"NA",
            "가까운역거리":"NA",
            "역세권여부":"NA",
            "30분이내주요거점역":"NA",
            "30분거점역이름":"NA",
            "1시간이내주요거점역":"NA",
            "1시간거점역이름":"NA",
            "3km이내백화점수":0,
            "5km이내아울렛몰수":0,
            "1km이내대형먀트수":0,
            "500m이내은행수":0,
            "500m이내병원수":16,
            "5km이내대형병원수":0,
            "500m이내공원수":0,
            "3km이내혐오시설수":0,
            "초등학교학업성취도":89.99,
            "중학교학업성취도":70.7,
            "용적률":204,
            "건폐율":22,
            "Y":35.08028,
            "X":128.092846,
            "rank":20.0,
            "area_info":"23평(78.92), 29평(98.52), 34평(114.05)",
            "last_sales":"2022-02-09,13700.0,23평(78.92)",
            "rank_history":[
                [
                    "202203",
                    20
                ],
                [
                    "202202",
                    15
                ],
                [
                    "202201",
                    10
                ]
            ],
            "rank_gap":-5
        },
        {
            "index":232,
            "아파트명":"송보파인빌",
            "투자타입":"일반",
            "전용면적(m2)":"64.89",
            "전용면적(평)":"19평",
            "법정동주소":"경상남도 사천시 정동면 풍정리 520",
            "도로명주소":"경상남도 사천시 여옥길 36",
            "세대수":80,
            "입주년차":20,
            "용적률점수":"--",
            "건폐율점수":"--",
            "세대당주차수":0,
            "난방방식":30,
            "공급면적":"--",
            "전용률":"--",
            "욕실수":50,
            "현관타입":100,
            "주거총점":50.0,
            "지역구공급총점":0.0,
            "역세권":"NA",
            "30분내 이동가능 거점":"NA",
            "1시간내 이동가능 거점":"NA",
            "교통총점":"NA",
            "백화점":0,
            "아울렛몰":0,
            "대형마트":0,
            "은행":0,
            "병원":0,
            "종합병원":0,
            "공원":0,
            "혐오시설":0,
            "인프라총점":0.0,
            "초등학군":89.98,
            "중학군":50.02,
            "학군총점":58.012,
            "인구수":11.17,
            "인구증감":-1.81,
            "인구총점":7.276,
            "일자리":8.14,
            "소득수준":73.29,
            "일자리총점":27.685,
            "가치 총점":32.003,
            "매매실거래년":20220224.0,
            "매매실거래가":9550.0,
            "전세실거래년":20220216.0,
            "전세실거래가":4800.0,
            "전세가율":104.35,
            "장기전세가율평균":73.17,
            "전세가율거품지수":-31.18,
            "검색코드":100813,
            "세대수":888.0,
            "준공년월":"2001-08-26",
            "준공년차":22.0,
            "가까운역이름":"NA",
            "가까운역거리":"NA",
            "역세권여부":"NA",
            "30분이내주요거점역":"NA",
            "30분거점역이름":"NA",
            "1시간이내주요거점역":"NA",
            "1시간거점역이름":"NA",
            "3km이내백화점수":0,
            "5km이내아울렛몰수":0,
            "1km이내대형먀트수":0,
            "500m이내은행수":0,
            "500m이내병원수":0,
            "5km이내대형병원수":0,
            "500m이내공원수":0,
            "3km이내혐오시설수":0,
            "초등학교학업성취도":89.98,
            "중학교학업성취도":82.5,
            "용적률":197,
            "건폐율":19,
            "Y":35.069179,
            "X":128.111079,
            "rank":21.0,
            "area_info":"19평(64.89), 23평(77.95), 30평(99.67)",
            "last_sales":"2022-02-24,9550.0,30평(99.67)",
            "rank_history":[
                [
                    "202203",
                    21
                ],
                [
                    "202202",
                    16
                ],
                [
                    "202201",
                    16
                ]
            ],
            "rank_gap":-5
        },
        {
            "index":186,
            "아파트명":"사천용강주공",
            "투자타입":"일반",
            "전용면적(m2)":"69.92",
            "전용면적(평)":"21평",
            "법정동주소":"경상남도 사천시 용강동 837-1",
            "도로명주소":"경상남도 사천시 주공로 70",
            "세대수":50,
            "입주년차":20,
            "용적률점수":"--",
            "건폐율점수":"--",
            "세대당주차수":0,
            "난방방식":30,
            "공급면적":"--",
            "전용률":"--",
            "욕실수":50,
            "현관타입":10,
            "주거총점":30.5,
            "지역구공급총점":0.0,
            "역세권":"NA",
            "30분내 이동가능 거점":"NA",
            "1시간내 이동가능 거점":"NA",
            "교통총점":"NA",
            "백화점":0,
            "아울렛몰":0,
            "대형마트":100,
            "은행":0,
            "병원":30,
            "종합병원":0,
            "공원":0,
            "혐오시설":0,
            "인프라총점":18.0,
            "초등학군":89.99,
            "중학군":45.24,
            "학군총점":54.19,
            "인구수":11.17,
            "인구증감":-1.81,
            "인구총점":7.276,
            "일자리":8.14,
            "소득수준":73.29,
            "일자리총점":27.685,
            "가치 총점":31.4225,
            "매매실거래년":20220214.0,
            "매매실거래가":9150.0,
            "전세실거래년":20220124.0,
            "전세실거래가":8000.0,
            "전세가율":87.43,
            "장기전세가율평균":73.17,
            "전세가율거품지수":-14.26,
            "검색코드":16658,
            "세대수":515.0,
            "준공년월":"1999-07-20",
            "준공년차":24.0,
            "가까운역이름":"NA",
            "가까운역거리":"NA",
            "역세권여부":"NA",
            "30분이내주요거점역":"NA",
            "30분거점역이름":"NA",
            "1시간이내주요거점역":"NA",
            "1시간거점역이름":"NA",
            "3km이내백화점수":0,
            "5km이내아울렛몰수":0,
            "1km이내대형먀트수":2,
            "500m이내은행수":0,
            "500m이내병원수":9,
            "5km이내대형병원수":0,
            "500m이내공원수":0,
            "3km이내혐오시설수":0,
            "초등학교학업성취도":89.99,
            "중학교학업성취도":75.4,
            "용적률":0,
            "건폐율":0,
            "Y":34.944877,
            "X":128.088281,
            "rank":22.0,
            "area_info":"21평(69.92)",
            "last_sales":"2022-02-14,9150.0,21평(69.92)",
            "rank_history":[
                [
                    "202203",
                    22
                ],
                [
                    "202202",
                    17
                ],
                [
                    "202201",
                    18
                ]
            ],
            "rank_gap":-5
        },
        {
            "index":252,
            "아파트명":"사천죽림아리안2단지",
            "투자타입":"일반",
            "전용면적(m2)":"90.05",
            "전용면적(평)":"27평",
            "법정동주소":"경상남도 사천시 죽림동 900-4",
            "도로명주소":"경상남도 사천시 죽계1길 6",
            "세대수":0,
            "입주년차":60,
            "용적률점수":"--",
            "건폐율점수":"--",
            "세대당주차수":30,
            "난방방식":30,
            "공급면적":"--",
            "전용률":"--",
            "욕실수":100,
            "현관타입":100,
            "주거총점":39.5,
            "지역구공급총점":0.0,
            "역세권":"NA",
            "30분내 이동가능 거점":"NA",
            "1시간내 이동가능 거점":"NA",
            "교통총점":"NA",
            "백화점":0,
            "아울렛몰":0,
            "대형마트":80,
            "은행":0,
            "병원":0,
            "종합병원":0,
            "공원":0,
            "혐오시설":0,
            "인프라총점":12.0,
            "초등학군":90.03,
            "중학군":41.04,
            "학군총점":50.838,
            "인구수":11.17,
            "인구증감":-1.81,
            "인구총점":7.276,
            "일자리":8.14,
            "소득수준":73.29,
            "일자리총점":27.685,
            "가치 총점":31.3345,
            "매매실거래년":20211214.0,
            "매매실거래가":15000.0,
            "전세실거래년":null,
            "전세실거래가":null,
            "전세가율":null,
            "장기전세가율평균":73.17,
            "전세가율거품지수":null,
            "검색코드":105196,
            "세대수":176.0,
            "준공년월":"2009-11-27",
            "준공년차":14.0,
            "가까운역이름":"NA",
            "가까운역거리":"NA",
            "역세권여부":"NA",
            "30분이내주요거점역":"NA",
            "30분거점역이름":"NA",
            "1시간이내주요거점역":"NA",
            "1시간거점역이름":"NA",
            "3km이내백화점수":0,
            "5km이내아울렛몰수":0,
            "1km이내대형먀트수":1,
            "500m이내은행수":0,
            "500m이내병원수":0,
            "5km이내대형병원수":0,
            "500m이내공원수":0,
            "3km이내혐오시설수":0,
            "초등학교학업성취도":90.03,
            "중학교학업성취도":68.4,
            "용적률":194,
            "건폐율":20,
            "Y":34.964938,
            "X":128.068603,
            "rank":23.0,
            "area_info":"27평(90.05), 30평(101.77), 34평(112.47), 34평(112.93), 34평(112.86)",
            "last_sales":"2021-12-14,15000.0,34평(112.93)",
            "rank_history":[
                [
                    "202203",
                    23
                ],
                [
                    "202202",
                    18
                ],
                [
                    "202201",
                    26
                ]
            ],
            "rank_gap":-5
        },
        {
            "index":250,
            "아파트명":"사천죽림아리안1단지",
            "투자타입":"일반",
            "전용면적(m2)":"89.97",
            "전용면적(평)":"27평",
            "법정동주소":"경상남도 사천시 죽림동 900-4",
            "도로명주소":"경상남도 사천시 죽계1길 6",
            "세대수":0,
            "입주년차":60,
            "용적률점수":"--",
            "건폐율점수":"--",
            "세대당주차수":30,
            "난방방식":30,
            "공급면적":"--",
            "전용률":"--",
            "욕실수":100,
            "현관타입":100,
            "주거총점":39.5,
            "지역구공급총점":0.0,
            "역세권":"NA",
            "30분내 이동가능 거점":"NA",
            "1시간내 이동가능 거점":"NA",
            "교통총점":"NA",
            "백화점":0,
            "아울렛몰":0,
            "대형마트":80,
            "은행":0,
            "병원":0,
            "종합병원":0,
            "공원":0,
            "혐오시설":0,
            "인프라총점":12.0,
            "초등학군":90.03,
            "중학군":41.04,
            "학군총점":50.838,
            "인구수":11.17,
            "인구증감":-1.81,
            "인구총점":7.276,
            "일자리":8.14,
            "소득수준":73.29,
            "일자리총점":27.685,
            "가치 총점":31.3345,
            "매매실거래년":20220217.0,
            "매매실거래가":14000.0,
            "전세실거래년":null,
            "전세실거래가":null,
            "전세가율":null,
            "장기전세가율평균":73.17,
            "전세가율거품지수":null,
            "검색코드":104245,
            "세대수":125.0,
            "준공년월":"2009-12-03",
            "준공년차":14.0,
            "가까운역이름":"NA",
            "가까운역거리":"NA",
            "역세권여부":"NA",
            "30분이내주요거점역":"NA",
            "30분거점역이름":"NA",
            "1시간이내주요거점역":"NA",
            "1시간거점역이름":"NA",
            "3km이내백화점수":0,
            "5km이내아울렛몰수":0,
            "1km이내대형먀트수":1,
            "500m이내은행수":0,
            "500m이내병원수":0,
            "5km이내대형병원수":0,
            "500m이내공원수":0,
            "3km이내혐오시설수":0,
            "초등학교학업성취도":90.03,
            "중학교학업성취도":68.4,
            "용적률":191,
            "건폐율":23,
            "Y":34.964947,
            "X":128.068581,
            "rank":23.0,
            "area_info":"27평(89.97), 30평(101.68)",
            "last_sales":"2022-02-17,14000.0,30평(101.68)",
            "rank_history":[
                [
                    "202203",
                    23
                ],
                [
                    "202202",
                    18
                ],
                [
                    "202201",
                    26
                ]
            ],
            "rank_gap":-5
        },
        {
            "index":269,
            "아파트명":"청림그린피아",
            "투자타입":"일반",
            "전용면적(m2)":"114.99",
            "전용면적(평)":"34평",
            "법정동주소":"경상남도 사천시 향촌동 990-9",
            "도로명주소":"경상남도 사천시 안숲뫼길 19",
            "세대수":0,
            "입주년차":40,
            "용적률점수":"--",
            "건폐율점수":"--",
            "세대당주차수":30,
            "난방방식":30,
            "공급면적":"--",
            "전용률":"--",
            "욕실수":100,
            "현관타입":100,
            "주거총점":35.5,
            "지역구공급총점":0.0,
            "역세권":"NA",
            "30분내 이동가능 거점":"NA",
            "1시간내 이동가능 거점":"NA",
            "교통총점":"NA",
            "백화점":0,
            "아울렛몰":0,
            "대형마트":80,
            "은행":0,
            "병원":0,
            "종합병원":0,
            "공원":0,
            "혐오시설":0,
            "인프라총점":12.0,
            "초등학군":90.01,
            "중학군":45.78,
            "학군총점":54.626,
            "인구수":11.17,
            "인구증감":-1.81,
            "인구총점":7.276,
            "일자리":8.14,
            "소득수준":73.29,
            "일자리총점":27.685,
            "가치 총점":30.8815,
            "매매실거래년":20220124.0,
            "매매실거래가":15000.0,
            "전세실거래년":20191202.0,
            "전세실거래가":8500.0,
            "전세가율":56.67,
            "장기전세가율평균":73.17,
            "전세가율거품지수":16.5,
            "검색코드":104937,
            "세대수":56.0,
            "준공년월":"2005-01-29",
            "준공년차":18.0,
            "가까운역이름":"NA",
            "가까운역거리":"NA",
            "역세권여부":"NA",
            "30분이내주요거점역":"NA",
            "30분거점역이름":"NA",
            "1시간이내주요거점역":"NA",
            "1시간거점역이름":"NA",
            "3km이내백화점수":0,
            "5km이내아울렛몰수":0,
            "1km이내대형먀트수":1,
            "500m이내은행수":0,
            "500m이내병원수":0,
            "5km이내대형병원수":0,
            "500m이내공원수":0,
            "3km이내혐오시설수":0,
            "초등학교학업성취도":90.01,
            "중학교학업성취도":76.3,
            "용적률":199,
            "건폐율":15,
            "Y":34.932644,
            "X":128.088082,
            "rank":24.0,
            "area_info":"34평(114.99)",
            "last_sales":"2022-01-24,15000.0,34평(114.99)",
            "rank_history":[
                [
                    "202203",
                    24
                ],
                [
                    "202202",
                    9999
                ]
            ],
            "rank_gap":9999
        },
        {
            "index":111,
            "아파트명":"사천대화파크리네르",
            "투자타입":"일반",
            "전용면적(m2)":"94.3",
            "전용면적(평)":"28평",
            "법정동주소":"경상남도 사천시 사천읍 구암리 1864",
            "도로명주소":"경상남도 사천시 두량로 10-12",
            "세대수":0,
            "입주년차":80,
            "용적률점수":"--",
            "건폐율점수":"--",
            "세대당주차수":30,
            "난방방식":30,
            "공급면적":"--",
            "전용률":"--",
            "욕실수":100,
            "현관타입":100,
            "주거총점":43.5,
            "지역구공급총점":0.0,
            "역세권":"NA",
            "30분내 이동가능 거점":"NA",
            "1시간내 이동가능 거점":"NA",
            "교통총점":"NA",
            "백화점":0,
            "아울렛몰":0,
            "대형마트":0,
            "은행":0,
            "병원":0,
            "종합병원":0,
            "공원":0,
            "혐오시설":0,
            "인프라총점":0.0,
            "초등학군":90.0,
            "중학군":50.02,
            "학군총점":58.016,
            "인구수":11.17,
            "인구증감":-1.81,
            "인구총점":7.276,
            "일자리":8.14,
            "소득수준":73.29,
            "일자리총점":27.685,
            "가치 총점":29.729,
            "매매실거래년":20171120.0,
            "매매실거래가":22040.0,
            "전세실거래년":null,
            "전세실거래가":null,
            "전세가율":null,
            "장기전세가율평균":73.17,
            "전세가율거품지수":null,
            "검색코드":115897,
            "세대수":80.0,
            "준공년월":"2017-12-22",
            "준공년차":6.0,
            "가까운역이름":"NA",
            "가까운역거리":"NA",
            "역세권여부":"NA",
            "30분이내주요거점역":"NA",
            "30분거점역이름":"NA",
            "1시간이내주요거점역":"NA",
            "1시간거점역이름":"NA",
            "3km이내백화점수":0,
            "5km이내아울렛몰수":0,
            "1km이내대형먀트수":0,
            "500m이내은행수":0,
            "500m이내병원수":0,
            "5km이내대형병원수":0,
            "500m이내공원수":0,
            "3km이내혐오시설수":0,
            "초등학교학업성취도":90.0,
            "중학교학업성취도":82.5,
            "용적률":145,
            "건폐율":19,
            "Y":35.09057,
            "X":128.099329,
            "rank":25.0,
            "area_info":"28평(94.3), 31평(102.91)",
            "last_sales":"2017-11-20,22040.0,31평(102.91)",
            "rank_history":[
                [
                    "202203",
                    25
                ],
                [
                    "202202",
                    9999
                ]
            ],
            "rank_gap":9999
        },
        {
            "index":209,
            "아파트명":"대영풀리비안",
            "투자타입":"일반",
            "전용면적(m2)":"97.69",
            "전용면적(평)":"29평",
            "법정동주소":"경상남도 사천시 정동면 고읍리 545-1",
            "도로명주소":"경상남도 사천시 동계길 48",
            "세대수":0,
            "입주년차":40,
            "용적률점수":"--",
            "건폐율점수":"--",
            "세대당주차수":60,
            "난방방식":30,
            "공급면적":"--",
            "전용률":"--",
            "욕실수":100,
            "현관타입":100,
            "주거총점":40.0,
            "지역구공급총점":0.0,
            "역세권":"NA",
            "30분내 이동가능 거점":"NA",
            "1시간내 이동가능 거점":"NA",
            "교통총점":"NA",
            "백화점":0,
            "아울렛몰":0,
            "대형마트":0,
            "은행":0,
            "병원":60,
            "종합병원":0,
            "공원":0,
            "혐오시설":0,
            "인프라총점":6.0,
            "초등학군":90.02,
            "중학군":42.42,
            "학군총점":51.94,
            "인구수":11.17,
            "인구증감":-1.81,
            "인구총점":7.276,
            "일자리":8.14,
            "소득수준":73.29,
            "일자리총점":27.685,
            "가치 총점":29.385,
            "매매실거래년":20211120.0,
            "매매실거래가":19000.0,
            "전세실거래년":20190417.0,
            "전세실거래가":14000.0,
            "전세가율":79.1,
            "장기전세가율평균":73.17,
            "전세가율거품지수":-5.93,
            "검색코드":100811,
            "세대수":90.0,
            "준공년월":"2005-08-31",
            "준공년차":18.0,
            "가까운역이름":"NA",
            "가까운역거리":"NA",
            "역세권여부":"NA",
            "30분이내주요거점역":"NA",
            "30분거점역이름":"NA",
            "1시간이내주요거점역":"NA",
            "1시간거점역이름":"NA",
            "3km이내백화점수":0,
            "5km이내아울렛몰수":0,
            "1km이내대형먀트수":0,
            "500m이내은행수":0,
            "500m이내병원수":10,
            "5km이내대형병원수":0,
            "500m이내공원수":0,
            "3km이내혐오시설수":0,
            "초등학교학업성취도":90.02,
            "중학교학업성취도":70.7,
            "용적률":0,
            "건폐율":0,
            "Y":35.075391,
            "X":128.086645,
            "rank":26.0,
            "area_info":"29평(97.69), 35평(118.62)",
            "last_sales":"2021-11-20,19000.0,35평(118.62)",
            "rank_history":[
                [
                    "202203",
                    26
                ],
                [
                    "202202",
                    9999
                ]
            ],
            "rank_gap":9999
        },
        {
            "index":89,
            "아파트명":"남한",
            "투자타입":"재건축",
            "전용면적(m2)":"69.9",
            "전용면적(평)":"21평",
            "법정동주소":"경상남도 사천시 사천읍 정의리 32-2",
            "도로명주소":"경상남도 사천시 구암두문로 82-1",
            "세대수":0,
            "입주년차":"--",
            "용적률점수":60,
            "건폐율점수":60,
            "세대당주차수":"--",
            "난방방식":"--",
            "공급면적":50,
            "전용률":100,
            "욕실수":"--",
            "현관타입":"--",
            "주거총점":43.5,
            "지역구공급총점":0.0,
            "역세권":"NA",
            "30분내 이동가능 거점":"NA",
            "1시간내 이동가능 거점":"NA",
            "교통총점":"NA",
            "백화점":0,
            "아울렛몰":0,
            "대형마트":0,
            "은행":0,
            "병원":0,
            "종합병원":0,
            "공원":80,
            "혐오시설":0,
            "인프라총점":2.4,
            "초등학군":90.0,
            "중학군":42.42,
            "학군총점":51.936,
            "인구수":11.17,
            "인구증감":-1.81,
            "인구총점":7.276,
            "일자리":8.14,
            "소득수준":73.29,
            "일자리총점":27.685,
            "가치 총점":29.169,
            "매매실거래년":20211109.0,
            "매매실거래가":6000.0,
            "전세실거래년":20140714.0,
            "전세실거래가":4500.0,
            "전세가율":115.38,
            "장기전세가율평균":73.17,
            "전세가율거품지수":-42.21,
            "검색코드":16656,
            "세대수":54.0,
            "준공년월":"1990-03-08",
            "준공년차":33.0,
            "가까운역이름":"NA",
            "가까운역거리":"NA",
            "역세권여부":"NA",
            "30분이내주요거점역":"NA",
            "30분거점역이름":"NA",
            "1시간이내주요거점역":"NA",
            "1시간거점역이름":"NA",
            "3km이내백화점수":0,
            "5km이내아울렛몰수":0,
            "1km이내대형먀트수":0,
            "500m이내은행수":0,
            "500m이내병원수":0,
            "5km이내대형병원수":0,
            "500m이내공원수":1,
            "3km이내혐오시설수":0,
            "초등학교학업성취도":90.0,
            "중학교학업성취도":70.7,
            "용적률":186,
            "건폐율":33,
            "Y":35.088582,
            "X":128.095433,
            "rank":27.0,
            "area_info":"21평(69.9), 25평(84.78), 26평(89.1), 27평(89.64)",
            "last_sales":"2021-11-09,6000.0,27평(89.64)",
            "rank_history":[
                [
                    "202203",
                    27
                ],
                [
                    "202202",
                    9999
                ]
            ],
            "rank_gap":9999
        },
        {
            "index":196,
            "아파트명":"현대",
            "투자타입":"재건축",
            "전용면적(m2)":"71.89",
            "전용면적(평)":"21평",
            "법정동주소":"경상남도 사천시 용강동 838",
            "도로명주소":"경상남도 사천시 주공로 60",
            "세대수":50,
            "입주년차":"--",
            "용적률점수":0,
            "건폐율점수":0,
            "세대당주차수":"--",
            "난방방식":"--",
            "공급면적":50,
            "전용률":60,
            "욕실수":"--",
            "현관타입":"--",
            "주거총점":20.5,
            "지역구공급총점":0.0,
            "역세권":"NA",
            "30분내 이동가능 거점":"NA",
            "1시간내 이동가능 거점":"NA",
            "교통총점":"NA",
            "백화점":0,
            "아울렛몰":0,
            "대형마트":100,
            "은행":0,
            "병원":60,
            "종합병원":0,
            "공원":0,
            "혐오시설":0,
            "인프라총점":21.0,
            "초등학군":89.99,
            "중학군":45.24,
            "학군총점":54.19,
            "인구수":11.17,
            "인구증감":-1.81,
            "인구총점":7.276,
            "일자리":8.14,
            "소득수준":73.29,
            "일자리총점":27.685,
            "가치 총점":29.1225,
            "매매실거래년":20220118.0,
            "매매실거래가":14000.0,
            "전세실거래년":20210731.0,
            "전세실거래가":7500.0,
            "전세가율":100.0,
            "장기전세가율평균":73.17,
            "전세가율거품지수":-26.83,
            "검색코드":6969,
            "세대수":495.0,
            "준공년월":"1992-04-27",
            "준공년차":31.0,
            "가까운역이름":"NA",
            "가까운역거리":"NA",
            "역세권여부":"NA",
            "30분이내주요거점역":"NA",
            "30분거점역이름":"NA",
            "1시간이내주요거점역":"NA",
            "1시간거점역이름":"NA",
            "3km이내백화점수":0,
            "5km이내아울렛몰수":0,
            "1km이내대형먀트수":2,
            "500m이내은행수":0,
            "500m이내병원수":11,
            "5km이내대형병원수":0,
            "500m이내공원수":0,
            "3km이내혐오시설수":0,
            "초등학교학업성취도":89.99,
            "중학교학업성취도":75.4,
            "용적률":0,
            "건폐율":0,
            "Y":34.943975,
            "X":128.088105,
            "rank":28.0,
            "area_info":"21평(71.89), 26평(86.86), 31평(103.66)",
            "last_sales":"2022-01-18,14000.0,31평(103.66)",
            "rank_history":[
                [
                    "202203",
                    28
                ],
                [
                    "202202",
                    19
                ],
                [
                    "202201",
                    23
                ]
            ],
            "rank_gap":-9
        },
        {
            "index":29,
            "아파트명":"서성파라토피아",
            "투자타입":"재건축",
            "전용면적(m2)":"96.49",
            "전용면적(평)":"29평",
            "법정동주소":"경상남도 사천시 동림동 120",
            "도로명주소":"경상남도 사천시 한내3길 115",
            "세대수":0,
            "입주년차":"--",
            "용적률점수":0,
            "건폐율점수":80,
            "세대당주차수":"--",
            "난방방식":"--",
            "공급면적":70,
            "전용률":60,
            "욕실수":"--",
            "현관타입":"--",
            "주거총점":22.5,
            "지역구공급총점":0.0,
            "역세권":"NA",
            "30분내 이동가능 거점":"NA",
            "1시간내 이동가능 거점":"NA",
            "교통총점":"NA",
            "백화점":0,
            "아울렛몰":0,
            "대형마트":100,
            "은행":0,
            "병원":60,
            "종합병원":0,
            "공원":0,
            "혐오시설":0,
            "인프라총점":21.0,
            "초등학군":90.0,
            "중학군":38.58,
            "학군총점":48.864,
            "인구수":11.17,
            "인구증감":-1.81,
            "인구총점":7.276,
            "일자리":8.14,
            "소득수준":73.29,
            "일자리총점":27.685,
            "가치 총점":28.491,
            "매매실거래년":20210415.0,
            "매매실거래가":7000.0,
            "전세실거래년":20190620.0,
            "전세실거래가":6000.0,
            "전세가율":150.0,
            "장기전세가율평균":73.17,
            "전세가율거품지수":-76.83,
            "검색코드":17287,
            "세대수":129.0,
            "준공년월":"1991-06-26",
            "준공년차":32.0,
            "가까운역이름":"NA",
            "가까운역거리":"NA",
            "역세권여부":"NA",
            "30분이내주요거점역":"NA",
            "30분거점역이름":"NA",
            "1시간이내주요거점역":"NA",
            "1시간거점역이름":"NA",
            "3km이내백화점수":0,
            "5km이내아울렛몰수":0,
            "1km이내대형먀트수":2,
            "500m이내은행수":0,
            "500m이내병원수":16,
            "5km이내대형병원수":0,
            "500m이내공원수":0,
            "3km이내혐오시설수":0,
            "초등학교학업성취도":90.0,
            "중학교학업성취도":64.3,
            "용적률":312,
            "건폐율":21,
            "Y":34.94041,
            "X":128.07711,
            "rank":29.0,
            "area_info":"29평(96.49), 32평(108.3), 32평(108.12), 48평(161.54), 48평(161.36), 49평(163.49)",
            "last_sales":"2021-04-15,7000.0,32평(108.12)",
            "rank_history":[
                [
                    "202203",
                    29
                ],
                [
                    "202202",
                    20
                ],
                [
                    "202201",
                    20
                ]
            ],
            "rank_gap":-9
        },
        {
            "index":124,
            "아파트명":"신원아르시스",
            "투자타입":"일반",
            "전용면적(m2)":"108.03",
            "전용면적(평)":"32평",
            "법정동주소":"경상남도 사천시 사천읍 구암리 1444",
            "도로명주소":"경상남도 사천시 두량로 18",
            "세대수":0,
            "입주년차":60,
            "용적률점수":"--",
            "건폐율점수":"--",
            "세대당주차수":30,
            "난방방식":30,
            "공급면적":"--",
            "전용률":"--",
            "욕실수":100,
            "현관타입":100,
            "주거총점":39.5,
            "지역구공급총점":0.0,
            "역세권":"NA",
            "30분내 이동가능 거점":"NA",
            "1시간내 이동가능 거점":"NA",
            "교통총점":"NA",
            "백화점":0,
            "아울렛몰":0,
            "대형마트":0,
            "은행":0,
            "병원":0,
            "종합병원":0,
            "공원":0,
            "혐오시설":0,
            "인프라총점":0.0,
            "초등학군":90.0,
            "중학군":50.02,
            "학군총점":58.016,
            "인구수":11.17,
            "인구증감":-1.81,
            "인구총점":7.276,
            "일자리":8.14,
            "소득수준":73.29,
            "일자리총점":27.685,
            "가치 총점":28.329,
            "매매실거래년":20220118.0,
            "매매실거래가":13800.0,
            "전세실거래년":20220125.0,
            "전세실거래가":15000.0,
            "전세가율":108.7,
            "장기전세가율평균":73.17,
            "전세가율거품지수":-35.53,
            "검색코드":124639,
            "세대수":160.0,
            "준공년월":"2013-02-22",
            "준공년차":10.0,
            "가까운역이름":"NA",
            "가까운역거리":"NA",
            "역세권여부":"NA",
            "30분이내주요거점역":"NA",
            "30분거점역이름":"NA",
            "1시간이내주요거점역":"NA",
            "1시간거점역이름":"NA",
            "3km이내백화점수":0,
            "5km이내아울렛몰수":0,
            "1km이내대형먀트수":0,
            "500m이내은행수":0,
            "500m이내병원수":0,
            "5km이내대형병원수":0,
            "500m이내공원수":0,
            "3km이내혐오시설수":0,
            "초등학교학업성취도":90.0,
            "중학교학업성취도":82.5,
            "용적률":200,
            "건폐율":24,
            "Y":35.091354,
            "X":128.099239,
            "rank":30.0,
            "area_info":"32평(108.03)",
            "last_sales":"2022-01-18,13800.0,32평(108.03)",
            "rank_history":[
                [
                    "202203",
                    30
                ],
                [
                    "202202",
                    21
                ],
                [
                    "202201",
                    22
                ]
            ],
            "rank_gap":-9
        },
        {
            "index":86,
            "아파트명":"아름드리",
            "투자타입":"일반",
            "전용면적(m2)":"80.91",
            "전용면적(평)":"24평",
            "법정동주소":"경상남도 사천시 사남면 죽천리 866",
            "도로명주소":"경상남도 사천시 상죽길 41-9",
            "세대수":0,
            "입주년차":80,
            "용적률점수":"--",
            "건폐율점수":"--",
            "세대당주차수":30,
            "난방방식":30,
            "공급면적":"--",
            "전용률":"--",
            "욕실수":100,
            "현관타입":100,
            "주거총점":43.5,
            "지역구공급총점":0.0,
            "역세권":"NA",
            "30분내 이동가능 거점":"NA",
            "1시간내 이동가능 거점":"NA",
            "교통총점":"NA",
            "백화점":0,
            "아울렛몰":0,
            "대형마트":0,
            "은행":0,
            "병원":10,
            "종합병원":0,
            "공원":0,
            "혐오시설":0,
            "인프라총점":1.0,
            "초등학군":89.99,
            "중학군":39.9,
            "학군총점":49.918,
            "인구수":11.17,
            "인구증감":-1.81,
            "인구총점":7.276,
            "일자리":8.14,
            "소득수준":73.29,
            "일자리총점":27.685,
            "가치 총점":28.1045,
            "매매실거래년":"18000101",
            "매매실거래가":null,
            "전세실거래년":null,
            "전세실거래가":null,
            "전세가율":null,
            "장기전세가율평균":73.17,
            "전세가율거품지수":null,
            "검색코드":114012,
            "세대수":76.0,
            "준공년월":"2016-09-27",
            "준공년차":7.0,
            "가까운역이름":"NA",
            "가까운역거리":"NA",
            "역세권여부":"NA",
            "30분이내주요거점역":"NA",
            "30분거점역이름":"NA",
            "1시간이내주요거점역":"NA",
            "1시간거점역이름":"NA",
            "3km이내백화점수":0,
            "5km이내아울렛몰수":0,
            "1km이내대형먀트수":0,
            "500m이내은행수":0,
            "500m이내병원수":2,
            "5km이내대형병원수":0,
            "500m이내공원수":0,
            "3km이내혐오시설수":0,
            "초등학교학업성취도":89.99,
            "중학교학업성취도":66.1,
            "용적률":0,
            "건폐율":0,
            "Y":35.051449,
            "X":128.072106,
            "rank":31.0,
            "area_info":"24평(80.91), 25평(83.87), 25평(85.87)",
            "last_sales":"1800-01-01,nan,24평(80.91)",
            "rank_history":[
                [
                    "202203",
                    31
                ],
                [
                    "202202",
                    9999
                ]
            ],
            "rank_gap":9999
        },
        {
            "index":207,
            "아파트명":"HK명가",
            "투자타입":"일반",
            "전용면적(m2)":"96.75",
            "전용면적(평)":"29평",
            "법정동주소":"경상남도 사천시 정동면 고읍리 465-2",
            "도로명주소":"경상남도 사천시 정동중앙로 16-31",
            "세대수":0,
            "입주년차":40,
            "용적률점수":"--",
            "건폐율점수":"--",
            "세대당주차수":30,
            "난방방식":30,
            "공급면적":"--",
            "전용률":"--",
            "욕실수":100,
            "현관타입":100,
            "주거총점":35.5,
            "지역구공급총점":0.0,
            "역세권":"NA",
            "30분내 이동가능 거점":"NA",
            "1시간내 이동가능 거점":"NA",
            "교통총점":"NA",
            "백화점":0,
            "아울렛몰":0,
            "대형마트":0,
            "은행":0,
            "병원":60,
            "종합병원":0,
            "공원":0,
            "혐오시설":0,
            "인프라총점":6.0,
            "초등학군":90.02,
            "중학군":42.42,
            "학군총점":51.94,
            "인구수":11.17,
            "인구증감":-1.81,
            "인구총점":7.276,
            "일자리":8.14,
            "소득수준":73.29,
            "일자리총점":27.685,
            "가치 총점":27.81,
            "매매실거래년":20210722.0,
            "매매실거래가":20750.0,
            "전세실거래년":20210503.0,
            "전세실거래가":11000.0,
            "전세가율":68.75,
            "장기전세가율평균":73.17,
            "전세가율거품지수":4.42,
            "검색코드":19213,
            "세대수":54.0,
            "준공년월":"2004-11-05",
            "준공년차":19.0,
            "가까운역이름":"NA",
            "가까운역거리":"NA",
            "역세권여부":"NA",
            "30분이내주요거점역":"NA",
            "30분거점역이름":"NA",
            "1시간이내주요거점역":"NA",
            "1시간거점역이름":"NA",
            "3km이내백화점수":0,
            "5km이내아울렛몰수":0,
            "1km이내대형먀트수":0,
            "500m이내은행수":1,
            "500m이내병원수":17,
            "5km이내대형병원수":0,
            "500m이내공원수":0,
            "3km이내혐오시설수":0,
            "초등학교학업성취도":90.02,
            "중학교학업성취도":70.7,
            "용적률":208,
            "건폐율":18,
            "Y":35.07658,
            "X":128.08756,
            "rank":32.0,
            "area_info":"29평(96.75), 38평(127.31)",
            "last_sales":"2021-07-22,20750.0,38평(127.31)",
            "rank_history":[
                [
                    "202203",
                    32
                ],
                [
                    "202202",
                    9999
                ]
            ],
            "rank_gap":9999
        },
        {
            "index":48,
            "아파트명":"송림프라자타운",
            "투자타입":"일반",
            "전용면적(m2)":"85.35",
            "전용면적(평)":"25평",
            "법정동주소":"경상남도 사천시 벌리동 123",
            "도로명주소":"경상남도 사천시 벌리6길 29",
            "세대수":0,
            "입주년차":0,
            "용적률점수":"--",
            "건폐율점수":"--",
            "세대당주차수":0,
            "난방방식":30,
            "공급면적":"--",
            "전용률":"--",
            "욕실수":50,
            "현관타입":100,
            "주거총점":18.0,
            "지역구공급총점":0.0,
            "역세권":"NA",
            "30분내 이동가능 거점":"NA",
            "1시간내 이동가능 거점":"NA",
            "교통총점":"NA",
            "백화점":0,
            "아울렛몰":0,
            "대형마트":100,
            "은행":0,
            "병원":60,
            "종합병원":0,
            "공원":0,
            "혐오시설":0,
            "인프라총점":21.0,
            "초등학군":90.0,
            "중학군":38.58,
            "학군총점":48.864,
            "인구수":11.17,
            "인구증감":-1.81,
            "인구총점":7.276,
            "일자리":8.14,
            "소득수준":73.29,
            "일자리총점":27.685,
            "가치 총점":26.916,
            "매매실거래년":20211006.0,
            "매매실거래가":4900.0,
            "전세실거래년":20210615.0,
            "전세실거래가":6000.0,
            "전세가율":122.45,
            "장기전세가율평균":73.17,
            "전세가율거품지수":-49.28,
            "검색코드":117038,
            "세대수":89.0,
            "준공년월":"1994-01-05",
            "준공년차":29.0,
            "가까운역이름":"NA",
            "가까운역거리":"NA",
            "역세권여부":"NA",
            "30분이내주요거점역":"NA",
            "30분거점역이름":"NA",
            "1시간이내주요거점역":"NA",
            "1시간거점역이름":"NA",
            "3km이내백화점수":0,
            "5km이내아울렛몰수":0,
            "1km이내대형먀트수":2,
            "500m이내은행수":0,
            "500m이내병원수":19,
            "5km이내대형병원수":0,
            "500m이내공원수":0,
            "3km이내혐오시설수":0,
            "초등학교학업성취도":90.0,
            "중학교학업성취도":64.3,
            "용적률":0,
            "건폐율":43,
            "Y":34.942292,
            "X":128.082432,
            "rank":33.0,
            "area_info":"25평(85.35), 25평(85.14), 32평(108.31), 34평(114.01), 35평(117.01), 36평(119.79)",
            "last_sales":"2021-10-06,4900.0,25평(85.35)",
            "rank_history":[
                [
                    "202203",
                    33
                ],
                [
                    "202202",
                    9999
                ]
            ],
            "rank_gap":9999
        },
        {
            "index":38,
            "아파트명":"비룡광장타운",
            "투자타입":"일반",
            "전용면적(m2)":"44.61",
            "전용면적(평)":"13평",
            "법정동주소":"경상남도 사천시 벌리동 6-2",
            "도로명주소":"경상남도 사천시 주공로 50",
            "세대수":0,
            "입주년차":0,
            "용적률점수":"--",
            "건폐율점수":"--",
            "세대당주차수":0,
            "난방방식":30,
            "공급면적":"--",
            "전용률":"--",
            "욕실수":50,
            "현관타입":100,
            "주거총점":18.0,
            "지역구공급총점":0.0,
            "역세권":"NA",
            "30분내 이동가능 거점":"NA",
            "1시간내 이동가능 거점":"NA",
            "교통총점":"NA",
            "백화점":0,
            "아울렛몰":0,
            "대형마트":100,
            "은행":0,
            "병원":60,
            "종합병원":0,
            "공원":0,
            "혐오시설":0,
            "인프라총점":21.0,
            "초등학군":89.99,
            "중학군":38.58,
            "학군총점":48.862,
            "인구수":11.17,
            "인구증감":-1.81,
            "인구총점":7.276,
            "일자리":8.14,
            "소득수준":73.29,
            "일자리총점":27.685,
            "가치 총점":26.9155,
            "매매실거래년":20211030.0,
            "매매실거래가":4200.0,
            "전세실거래년":20190507.0,
            "전세실거래가":4000.0,
            "전세가율":95.24,
            "장기전세가율평균":73.17,
            "전세가율거품지수":-22.07,
            "검색코드":123484,
            "세대수":77.0,
            "준공년월":"1994-07-14",
            "준공년차":29.0,
            "가까운역이름":"NA",
            "가까운역거리":"NA",
            "역세권여부":"NA",
            "30분이내주요거점역":"NA",
            "30분거점역이름":"NA",
            "1시간이내주요거점역":"NA",
            "1시간거점역이름":"NA",
            "3km이내백화점수":0,
            "5km이내아울렛몰수":0,
            "1km이내대형먀트수":2,
            "500m이내은행수":0,
            "500m이내병원수":15,
            "5km이내대형병원수":0,
            "500m이내공원수":0,
            "3km이내혐오시설수":0,
            "초등학교학업성취도":89.99,
            "중학교학업성취도":64.3,
            "용적률":385,
            "건폐율":45,
            "Y":34.942697,
            "X":128.087123,
            "rank":34.0,
            "area_info":"13평(44.61), 20평(67.97), 22평(73.92), 29평(96.81), 43평(144.03)",
            "last_sales":"2021-10-30,4200.0,13평(44.61)",
            "rank_history":[
                [
                    "202203",
                    34
                ],
                [
                    "202202",
                    9999
                ]
            ],
            "rank_gap":9999
        },
        {
            "index":190,
            "아파트명":"성은비룡타워",
            "투자타입":"일반",
            "전용면적(m2)":"48.78",
            "전용면적(평)":"14평",
            "법정동주소":"경상남도 사천시 용강동 814-3",
            "도로명주소":"경상남도 사천시 주공로 56",
            "세대수":0,
            "입주년차":0,
            "용적률점수":"--",
            "건폐율점수":"--",
            "세대당주차수":0,
            "난방방식":30,
            "공급면적":"--",
            "전용률":"--",
            "욕실수":50,
            "현관타입":100,
            "주거총점":18.0,
            "지역구공급총점":0.0,
            "역세권":"NA",
            "30분내 이동가능 거점":"NA",
            "1시간내 이동가능 거점":"NA",
            "교통총점":"NA",
            "백화점":0,
            "아울렛몰":0,
            "대형마트":100,
            "은행":0,
            "병원":60,
            "종합병원":0,
            "공원":0,
            "혐오시설":0,
            "인프라총점":21.0,
            "초등학군":89.99,
            "중학군":38.58,
            "학군총점":48.862,
            "인구수":11.17,
            "인구증감":-1.81,
            "인구총점":7.276,
            "일자리":8.14,
            "소득수준":73.29,
            "일자리총점":27.685,
            "가치 총점":26.9155,
            "매매실거래년":20220219.0,
            "매매실거래가":6000.0,
            "전세실거래년":20200218.0,
            "전세실거래가":2000.0,
            "전세가율":48.78,
            "장기전세가율평균":73.17,
            "전세가율거품지수":24.39,
            "검색코드":100808,
            "세대수":84.0,
            "준공년월":"1993-12-29",
            "준공년차":30.0,
            "가까운역이름":"NA",
            "가까운역거리":"NA",
            "역세권여부":"NA",
            "30분이내주요거점역":"NA",
            "30분거점역이름":"NA",
            "1시간이내주요거점역":"NA",
            "1시간거점역이름":"NA",
            "3km이내백화점수":0,
            "5km이내아울렛몰수":0,
            "1km이내대형먀트수":2,
            "500m이내은행수":0,
            "500m이내병원수":15,
            "5km이내대형병원수":0,
            "500m이내공원수":0,
            "3km이내혐오시설수":0,
            "초등학교학업성취도":89.99,
            "중학교학업성취도":64.3,
            "용적률":394,
            "건폐율":30,
            "Y":34.94321,
            "X":128.087239,
            "rank":34.0,
            "area_info":"14평(48.78), 24평(80.38), 33평(112.26)",
            "last_sales":"2022-02-19,6000.0,24평(80.38)",
            "rank_history":[
                [
                    "202203",
                    34
                ],
                [
                    "202202",
                    9999
                ]
            ],
            "rank_gap":9999
        },
        {
            "index":78,
            "아파트명":"사천한주빌라트",
            "투자타입":"일반",
            "전용면적(m2)":"65.15",
            "전용면적(평)":"19평",
            "법정동주소":"경상남도 사천시 사남면 월성리 12-1",
            "도로명주소":"경상남도 사천시 진삼로 1279",
            "세대수":50,
            "입주년차":20,
            "용적률점수":"--",
            "건폐율점수":"--",
            "세대당주차수":0,
            "난방방식":30,
            "공급면적":"--",
            "전용률":"--",
            "욕실수":50,
            "현관타입":100,
            "주거총점":39.5,
            "지역구공급총점":0.0,
            "역세권":"NA",
            "30분내 이동가능 거점":"NA",
            "1시간내 이동가능 거점":"NA",
            "교통총점":"NA",
            "백화점":0,
            "아울렛몰":0,
            "대형마트":0,
            "은행":0,
            "병원":0,
            "종합병원":0,
            "공원":0,
            "혐오시설":0,
            "인프라총점":0.0,
            "초등학군":90.02,
            "중학군":42.42,
            "학군총점":51.94,
            "인구수":11.17,
            "인구증감":-1.81,
            "인구총점":7.276,
            "일자리":8.14,
            "소득수준":73.29,
            "일자리총점":27.685,
            "가치 총점":26.81,
            "매매실거래년":20220221.0,
            "매매실거래가":8700.0,
            "전세실거래년":20220122.0,
            "전세실거래가":7000.0,
            "전세가율":102.94,
            "장기전세가율평균":73.17,
            "전세가율거품지수":-29.77,
            "검색코드":6961,
            "세대수":468.0,
            "준공년월":"1999-04-27",
            "준공년차":24.0,
            "가까운역이름":"NA",
            "가까운역거리":"NA",
            "역세권여부":"NA",
            "30분이내주요거점역":"NA",
            "30분거점역이름":"NA",
            "1시간이내주요거점역":"NA",
            "1시간거점역이름":"NA",
            "3km이내백화점수":0,
            "5km이내아울렛몰수":0,
            "1km이내대형먀트수":0,
            "500m이내은행수":0,
            "500m이내병원수":0,
            "5km이내대형병원수":0,
            "500m이내공원수":0,
            "3km이내혐오시설수":0,
            "초등학교학업성취도":90.02,
            "중학교학업성취도":70.7,
            "용적률":0,
            "건폐율":0,
            "Y":35.067149,
            "X":128.078019,
            "rank":35.0,
            "area_info":"19평(65.15), 23평(76.89), 31평(105.14)",
            "last_sales":"2022-02-21,8700.0,23평(76.89)",
            "rank_history":[
                [
                    "202203",
                    35
                ],
                [
                    "202202",
                    22
                ],
                [
                    "202201",
                    24
                ]
            ],
            "rank_gap":-13
        },
        {
            "index":160,
            "아파트명":"비룡각산타운",
            "투자타입":"일반",
            "전용면적(m2)":"66.09",
            "전용면적(평)":"19평",
            "법정동주소":"경상남도 사천시 선구동 263-5",
            "도로명주소":"경상남도 사천시 새동네1길 61",
            "세대수":0,
            "입주년차":0,
            "용적률점수":"--",
            "건폐율점수":"--",
            "세대당주차수":0,
            "난방방식":30,
            "공급면적":"--",
            "전용률":"--",
            "욕실수":50,
            "현관타입":100,
            "주거총점":18.0,
            "지역구공급총점":0.0,
            "역세권":"NA",
            "30분내 이동가능 거점":"NA",
            "1시간내 이동가능 거점":"NA",
            "교통총점":"NA",
            "백화점":0,
            "아울렛몰":0,
            "대형마트":80,
            "은행":0,
            "병원":60,
            "종합병원":0,
            "공원":80,
            "혐오시설":0,
            "인프라총점":20.4,
            "초등학군":90.04,
            "중학군":38.58,
            "학군총점":48.872,
            "인구수":11.17,
            "인구증감":-1.81,
            "인구총점":7.276,
            "일자리":8.14,
            "소득수준":73.29,
            "일자리총점":27.685,
            "가치 총점":26.678,
            "매매실거래년":20220111.0,
            "매매실거래가":5300.0,
            "전세실거래년":null,
            "전세실거래가":null,
            "전세가율":null,
            "장기전세가율평균":73.17,
            "전세가율거품지수":null,
            "검색코드":116745,
            "세대수":79.0,
            "준공년월":"1993-03-03",
            "준공년차":30.0,
            "가까운역이름":"NA",
            "가까운역거리":"NA",
            "역세권여부":"NA",
            "30분이내주요거점역":"NA",
            "30분거점역이름":"NA",
            "1시간이내주요거점역":"NA",
            "1시간거점역이름":"NA",
            "3km이내백화점수":0,
            "5km이내아울렛몰수":0,
            "1km이내대형먀트수":1,
            "500m이내은행수":0,
            "500m이내병원수":13,
            "5km이내대형병원수":0,
            "500m이내공원수":1,
            "3km이내혐오시설수":0,
            "초등학교학업성취도":90.04,
            "중학교학업성취도":64.3,
            "용적률":0,
            "건폐율":0,
            "Y":34.934168,
            "X":128.072828,
            "rank":36.0,
            "area_info":"19평(66.09), 23평(78.64), 32평(107.7)",
            "last_sales":"2022-01-11,5300.0,23평(78.64)",
            "rank_history":[
                [
                    "202203",
                    36
                ],
                [
                    "202202",
                    9999
                ]
            ],
            "rank_gap":9999
        },
        {
            "index":138,
            "아파트명":"원광이안애",
            "투자타입":"일반",
            "전용면적(m2)":"56.24",
            "전용면적(평)":"17평",
            "법정동주소":"경상남도 사천시 사천읍 구암리 524",
            "도로명주소":"경상남도 사천시 구암두문로 254-9",
            "세대수":50,
            "입주년차":40,
            "용적률점수":"--",
            "건폐율점수":"--",
            "세대당주차수":0,
            "난방방식":30,
            "공급면적":"--",
            "전용률":"--",
            "욕실수":50,
            "현관타입":10,
            "주거총점":34.5,
            "지역구공급총점":0.0,
            "역세권":"NA",
            "30분내 이동가능 거점":"NA",
            "1시간내 이동가능 거점":"NA",
            "교통총점":"NA",
            "백화점":0,
            "아울렛몰":0,
            "대형마트":0,
            "은행":0,
            "병원":0,
            "종합병원":0,
            "공원":0,
            "혐오시설":0,
            "인프라총점":0.0,
            "초등학군":90.0,
            "중학군":50.02,
            "학군총점":58.016,
            "인구수":11.17,
            "인구증감":-1.81,
            "인구총점":7.276,
            "일자리":8.14,
            "소득수준":73.29,
            "일자리총점":27.685,
            "가치 총점":26.579,
            "매매실거래년":20220222.0,
            "매매실거래가":5700.0,
            "전세실거래년":20220217.0,
            "전세실거래가":4500.0,
            "전세가율":90.0,
            "장기전세가율평균":73.17,
            "전세가율거품지수":-16.83,
            "검색코드":102993,
            "세대수":448.0,
            "준공년월":"2005-06-01",
            "준공년차":18.0,
            "가까운역이름":"NA",
            "가까운역거리":"NA",
            "역세권여부":"NA",
            "30분이내주요거점역":"NA",
            "30분거점역이름":"NA",
            "1시간이내주요거점역":"NA",
            "1시간거점역이름":"NA",
            "3km이내백화점수":0,
            "5km이내아울렛몰수":0,
            "1km이내대형먀트수":0,
            "500m이내은행수":0,
            "500m이내병원수":0,
            "5km이내대형병원수":0,
            "500m이내공원수":0,
            "3km이내혐오시설수":0,
            "초등학교학업성취도":90.0,
            "중학교학업성취도":82.5,
            "용적률":180,
            "건폐율":16,
            "Y":35.087097,
            "X":128.114064,
            "rank":37.0,
            "area_info":"17평(56.24), 22평(75.56), 31평(103.16)",
            "last_sales":"2022-02-22,5700.0,22평(75.56)",
            "rank_history":[
                [
                    "202203",
                    37
                ],
                [
                    "202202",
                    23
                ],
                [
                    "202201",
                    25
                ]
            ],
            "rank_gap":-14
        },
        {
            "index":113,
            "아파트명":"사천유원리치빌",
            "투자타입":"일반",
            "전용면적(m2)":"104.59",
            "전용면적(평)":"31평",
            "법정동주소":"경상남도 사천시 사천읍 사주리 72-11",
            "도로명주소":"경상남도 사천시 사주길 41-15",
            "세대수":0,
            "입주년차":40,
            "용적률점수":"--",
            "건폐율점수":"--",
            "세대당주차수":0,
            "난방방식":30,
            "공급면적":"--",
            "전용률":"--",
            "욕실수":100,
            "현관타입":100,
            "주거총점":31.0,
            "지역구공급총점":0.0,
            "역세권":"NA",
            "30분내 이동가능 거점":"NA",
            "1시간내 이동가능 거점":"NA",
            "교통총점":"NA",
            "백화점":0,
            "아울렛몰":0,
            "대형마트":0,
            "은행":20,
            "병원":30,
            "종합병원":0,
            "공원":0,
            "혐오시설":0,
            "인프라총점":5.0,
            "초등학군":90.02,
            "중학군":42.42,
            "학군총점":51.94,
            "인구수":11.17,
            "인구증감":-1.81,
            "인구총점":7.276,
            "일자리":8.14,
            "소득수준":73.29,
            "일자리총점":27.685,
            "가치 총점":25.835,
            "매매실거래년":"18000101",
            "매매실거래가":null,
            "전세실거래년":null,
            "전세실거래가":null,
            "전세가율":null,
            "장기전세가율평균":73.17,
            "전세가율거품지수":null,
            "검색코드":17769,
            "세대수":56.0,
            "준공년월":"2004-01-12",
            "준공년차":19.0,
            "가까운역이름":"NA",
            "가까운역거리":"NA",
            "역세권여부":"NA",
            "30분이내주요거점역":"NA",
            "30분거점역이름":"NA",
            "1시간이내주요거점역":"NA",
            "1시간거점역이름":"NA",
            "3km이내백화점수":0,
            "5km이내아울렛몰수":0,
            "1km이내대형먀트수":0,
            "500m이내은행수":2,
            "500m이내병원수":7,
            "5km이내대형병원수":0,
            "500m이내공원수":0,
            "3km이내혐오시설수":0,
            "초등학교학업성취도":90.02,
            "중학교학업성취도":70.7,
            "용적률":113,
            "건폐율":33,
            "Y":35.076467,
            "X":128.083072,
            "rank":38.0,
            "area_info":"31평(104.59), 31평(104.59)",
            "last_sales":"1800-01-01,nan,31평(104.59)",
            "rank_history":[
                [
                    "202203",
                    38
                ],
                [
                    "202202",
                    9999
                ]
            ],
            "rank_gap":9999
        },
        {
            "index":108,
            "아파트명":"사천대경파미르",
            "투자타입":"일반",
            "전용면적(m2)":"96.14",
            "전용면적(평)":"29평",
            "법정동주소":"경상남도 사천시 사천읍 선인리 641",
            "도로명주소":"경상남도 사천시 사천향교로 13",
            "세대수":0,
            "입주년차":40,
            "용적률점수":"--",
            "건폐율점수":"--",
            "세대당주차수":30,
            "난방방식":30,
            "공급면적":"--",
            "전용률":"--",
            "욕실수":100,
            "현관타입":100,
            "주거총점":35.5,
            "지역구공급총점":0.0,
            "역세권":"NA",
            "30분내 이동가능 거점":"NA",
            "1시간내 이동가능 거점":"NA",
            "교통총점":"NA",
            "백화점":0,
            "아울렛몰":0,
            "대형마트":0,
            "은행":0,
            "병원":0,
            "종합병원":0,
            "공원":0,
            "혐오시설":0,
            "인프라총점":0.0,
            "초등학군":90.0,
            "중학군":42.42,
            "학군총점":51.936,
            "인구수":11.17,
            "인구증감":-1.81,
            "인구총점":7.276,
            "일자리":8.14,
            "소득수준":73.29,
            "일자리총점":27.685,
            "가치 총점":25.409,
            "매매실거래년":20220225.0,
            "매매실거래가":14500.0,
            "전세실거래년":20211019.0,
            "전세실거래가":13000.0,
            "전세가율":89.66,
            "장기전세가율평균":73.17,
            "전세가율거품지수":-16.49,
            "검색코드":19186,
            "세대수":281.0,
            "준공년월":"2005-07-27",
            "준공년차":18.0,
            "가까운역이름":"NA",
            "가까운역거리":"NA",
            "역세권여부":"NA",
            "30분이내주요거점역":"NA",
            "30분거점역이름":"NA",
            "1시간이내주요거점역":"NA",
            "1시간거점역이름":"NA",
            "3km이내백화점수":0,
            "5km이내아울렛몰수":0,
            "1km이내대형먀트수":0,
            "500m이내은행수":0,
            "500m이내병원수":0,
            "5km이내대형병원수":0,
            "500m이내공원수":0,
            "3km이내혐오시설수":0,
            "초등학교학업성취도":90.0,
            "중학교학업성취도":70.7,
            "용적률":225,
            "건폐율":31,
            "Y":35.086019,
            "X":128.099477,
            "rank":39.0,
            "area_info":"29평(96.14), 32평(106.05), 45평(149.43)",
            "last_sales":"2022-02-25,14500.0,29평(96.14)",
            "rank_history":[
                [
                    "202203",
                    39
                ],
                [
                    "202202",
                    24
                ],
                [
                    "202201",
                    17
                ]
            ],
            "rank_gap":-15
        },
        {
            "index":248,
            "아파트명":"한빛타운",
            "투자타입":"일반",
            "전용면적(m2)":"93.88",
            "전용면적(평)":"28평",
            "법정동주소":"경상남도 사천시 정동면 고읍리 438-15",
            "도로명주소":"경상남도 사천시 옥산로 50-27",
            "세대수":0,
            "입주년차":0,
            "용적률점수":"--",
            "건폐율점수":"--",
            "세대당주차수":0,
            "난방방식":30,
            "공급면적":"--",
            "전용률":"--",
            "욕실수":50,
            "현관타입":100,
            "주거총점":18.0,
            "지역구공급총점":0.0,
            "역세권":"NA",
            "30분내 이동가능 거점":"NA",
            "1시간내 이동가능 거점":"NA",
            "교통총점":"NA",
            "백화점":0,
            "아울렛몰":0,
            "대형마트":0,
            "은행":70,
            "병원":80,
            "종합병원":0,
            "공원":0,
            "혐오시설":0,
            "인프라총점":15.0,
            "초등학군":89.99,
            "중학군":42.42,
            "학군총점":51.934,
            "인구수":11.17,
            "인구증감":-1.81,
            "인구총점":7.276,
            "일자리":8.14,
            "소득수준":73.29,
            "일자리총점":27.685,
            "가치 총점":25.2835,
            "매매실거래년":20220218.0,
            "매매실거래가":7000.0,
            "전세실거래년":20220110.0,
            "전세실거래가":3000.0,
            "전세가율":35.71,
            "장기전세가율평균":73.17,
            "전세가율거품지수":37.46,
            "검색코드":6974,
            "세대수":188.0,
            "준공년월":"1995-09-22",
            "준공년차":28.0,
            "가까운역이름":"NA",
            "가까운역거리":"NA",
            "역세권여부":"NA",
            "30분이내주요거점역":"NA",
            "30분거점역이름":"NA",
            "1시간이내주요거점역":"NA",
            "1시간거점역이름":"NA",
            "3km이내백화점수":0,
            "5km이내아울렛몰수":0,
            "1km이내대형먀트수":0,
            "500m이내은행수":3,
            "500m이내병원수":30,
            "5km이내대형병원수":0,
            "500m이내공원수":0,
            "3km이내혐오시설수":0,
            "초등학교학업성취도":89.99,
            "중학교학업성취도":70.7,
            "용적률":260,
            "건폐율":29,
            "Y":35.078807,
            "X":128.088436,
            "rank":40.0,
            "area_info":"28평(93.88), 29평(96.47)",
            "last_sales":"2022-02-18,7000.0,29평(96.47)",
            "rank_history":[
                [
                    "202203",
                    40
                ],
                [
                    "202202",
                    25
                ],
                [
                    "202201",
                    19
                ]
            ],
            "rank_gap":-15
        },
        {
            "index":257,
            "아파트명":"신우심포니타운",
            "투자타입":"일반",
            "전용면적(m2)":"76.82",
            "전용면적(평)":"23평",
            "법정동주소":"경상남도 사천시 죽림동 576",
            "도로명주소":"경상남도 사천시 임내길 30",
            "세대수":0,
            "입주년차":20,
            "용적률점수":"--",
            "건폐율점수":"--",
            "세대당주차수":0,
            "난방방식":30,
            "공급면적":"--",
            "전용률":"--",
            "욕실수":50,
            "현관타입":100,
            "주거총점":22.0,
            "지역구공급총점":0.0,
            "역세권":"NA",
            "30분내 이동가능 거점":"NA",
            "1시간내 이동가능 거점":"NA",
            "교통총점":"NA",
            "백화점":0,
            "아울렛몰":0,
            "대형마트":80,
            "은행":0,
            "병원":0,
            "종합병원":0,
            "공원":0,
            "혐오시설":0,
            "인프라총점":12.0,
            "초등학군":90.03,
            "중학군":41.04,
            "학군총점":50.838,
            "인구수":11.17,
            "인구증감":-1.81,
            "인구총점":7.276,
            "일자리":8.14,
            "소득수준":73.29,
            "일자리총점":27.685,
            "가치 총점":25.2095,
            "매매실거래년":20220204.0,
            "매매실거래가":14850.0,
            "전세실거래년":20220112.0,
            "전세실거래가":5000.0,
            "전세가율":55.56,
            "장기전세가율평균":73.17,
            "전세가율거품지수":17.61,
            "검색코드":100821,
            "세대수":294.0,
            "준공년월":"2000-11-16",
            "준공년차":23.0,
            "가까운역이름":"NA",
            "가까운역거리":"NA",
            "역세권여부":"NA",
            "30분이내주요거점역":"NA",
            "30분거점역이름":"NA",
            "1시간이내주요거점역":"NA",
            "1시간거점역이름":"NA",
            "3km이내백화점수":0,
            "5km이내아울렛몰수":0,
            "1km이내대형먀트수":1,
            "500m이내은행수":0,
            "500m이내병원수":1,
            "5km이내대형병원수":0,
            "500m이내공원수":0,
            "3km이내혐오시설수":0,
            "초등학교학업성취도":90.03,
            "중학교학업성취도":68.4,
            "용적률":367,
            "건폐율":34,
            "Y":34.96915,
            "X":128.064412,
            "rank":41.0,
            "area_info":"23평(76.82), 24평(80.63), 32평(106.8)",
            "last_sales":"2022-02-04,14850.0,32평(106.8)",
            "rank_history":[
                [
                    "202203",
                    41
                ],
                [
                    "202202",
                    26
                ],
                [
                    "202201",
                    41
                ]
            ],
            "rank_gap":-15
        },
        {
            "index":226,
            "아파트명":"사천한보3차",
            "투자타입":"일반",
            "전용면적(m2)":"76.84",
            "전용면적(평)":"23평",
            "법정동주소":"경상남도 사천시 정동면 고읍리 570-1",
            "도로명주소":"경상남도 사천시 진삼로 1386",
            "세대수":30,
            "입주년차":0,
            "용적률점수":"--",
            "건폐율점수":"--",
            "세대당주차수":0,
            "난방방식":30,
            "공급면적":"--",
            "전용률":"--",
            "욕실수":50,
            "현관타입":100,
            "주거총점":28.5,
            "지역구공급총점":0.0,
            "역세권":"NA",
            "30분내 이동가능 거점":"NA",
            "1시간내 이동가능 거점":"NA",
            "교통총점":"NA",
            "백화점":0,
            "아울렛몰":0,
            "대형마트":0,
            "은행":0,
            "병원":30,
            "종합병원":0,
            "공원":80,
            "혐오시설":0,
            "인프라총점":5.4,
            "초등학군":90.02,
            "중학군":42.42,
            "학군총점":51.94,
            "인구수":11.17,
            "인구증감":-1.81,
            "인구총점":7.276,
            "일자리":8.14,
            "소득수준":73.29,
            "일자리총점":27.685,
            "가치 총점":25.12,
            "매매실거래년":20220216.0,
            "매매실거래가":12500.0,
            "전세실거래년":20220121.0,
            "전세실거래가":9800.0,
            "전세가율":78.4,
            "장기전세가율평균":73.17,
            "전세가율거품지수":-5.23,
            "검색코드":6973,
            "세대수":330.0,
            "준공년월":"1998-09-26",
            "준공년차":25.0,
            "가까운역이름":"NA",
            "가까운역거리":"NA",
            "역세권여부":"NA",
            "30분이내주요거점역":"NA",
            "30분거점역이름":"NA",
            "1시간이내주요거점역":"NA",
            "1시간거점역이름":"NA",
            "3km이내백화점수":0,
            "5km이내아울렛몰수":0,
            "1km이내대형먀트수":0,
            "500m이내은행수":0,
            "500m이내병원수":6,
            "5km이내대형병원수":0,
            "500m이내공원수":1,
            "3km이내혐오시설수":0,
            "초등학교학업성취도":90.02,
            "중학교학업성취도":70.7,
            "용적률":243,
            "건폐율":26,
            "Y":35.075249,
            "X":128.084441,
            "rank":42.0,
            "area_info":"23평(76.84), 31평(104.47)",
            "last_sales":"2022-02-16,12500.0,23평(76.84)",
            "rank_history":[
                [
                    "202203",
                    42
                ],
                [
                    "202202",
                    27
                ],
                [
                    "202201",
                    30
                ]
            ],
            "rank_gap":-15
        },
        {
            "index":239,
            "아파트명":"재성햇살채",
            "투자타입":"일반",
            "전용면적(m2)":"85.28",
            "전용면적(평)":"25평",
            "법정동주소":"경상남도 사천시 정동면 예수리 650-2",
            "도로명주소":"경상남도 사천시 진삼로 1290-9",
            "세대수":0,
            "입주년차":40,
            "용적률점수":"--",
            "건폐율점수":"--",
            "세대당주차수":0,
            "난방방식":30,
            "공급면적":"--",
            "전용률":"--",
            "욕실수":100,
            "현관타입":100,
            "주거총점":31.0,
            "지역구공급총점":0.0,
            "역세권":"NA",
            "30분내 이동가능 거점":"NA",
            "1시간내 이동가능 거점":"NA",
            "교통총점":"NA",
            "백화점":0,
            "아울렛몰":0,
            "대형마트":0,
            "은행":0,
            "병원":0,
            "종합병원":0,
            "공원":80,
            "혐오시설":0,
            "인프라총점":2.4,
            "초등학군":90.02,
            "중학군":42.42,
            "학군총점":51.94,
            "인구수":11.17,
            "인구증감":-1.81,
            "인구총점":7.276,
            "일자리":8.14,
            "소득수준":73.29,
            "일자리총점":27.685,
            "가치 총점":24.795,
            "매매실거래년":20220204.0,
            "매매실거래가":9000.0,
            "전세실거래년":20210818.0,
            "전세실거래가":8000.0,
            "전세가율":88.89,
            "장기전세가율평균":73.17,
            "전세가율거품지수":-15.72,
            "검색코드":100817,
            "세대수":72.0,
            "준공년월":"2006-05-29",
            "준공년차":17.0,
            "가까운역이름":"NA",
            "가까운역거리":"NA",
            "역세권여부":"NA",
            "30분이내주요거점역":"NA",
            "30분거점역이름":"NA",
            "1시간이내주요거점역":"NA",
            "1시간거점역이름":"NA",
            "3km이내백화점수":0,
            "5km이내아울렛몰수":0,
            "1km이내대형먀트수":0,
            "500m이내은행수":0,
            "500m이내병원수":0,
            "5km이내대형병원수":0,
            "500m이내공원수":1,
            "3km이내혐오시설수":0,
            "초등학교학업성취도":90.02,
            "중학교학업성취도":70.7,
            "용적률":152,
            "건폐율":22,
            "Y":35.068455,
            "X":128.079752,
            "rank":43.0,
            "area_info":"25평(85.28), 34평(114.71)",
            "last_sales":"2022-02-04,9000.0,25평(85.28)",
            "rank_history":[
                [
                    "202203",
                    43
                ],
                [
                    "202202",
                    9999
                ]
            ],
            "rank_gap":9999
        },
        {
            "index":222,
            "아파트명":"사천청구타운",
            "투자타입":"일반",
            "전용면적(m2)":"75.75",
            "전용면적(평)":"22평",
            "법정동주소":"경상남도 사천시 정동면 고읍리 546-1",
            "도로명주소":"경상남도 사천시 읍동길 27",
            "세대수":0,
            "입주년차":20,
            "용적률점수":"--",
            "건폐율점수":"--",
            "세대당주차수":0,
            "난방방식":30,
            "공급면적":"--",
            "전용률":"--",
            "욕실수":100,
            "현관타입":100,
            "주거총점":27.0,
            "지역구공급총점":0.0,
            "역세권":"NA",
            "30분내 이동가능 거점":"NA",
            "1시간내 이동가능 거점":"NA",
            "교통총점":"NA",
            "백화점":0,
            "아울렛몰":0,
            "대형마트":0,
            "은행":0,
            "병원":30,
            "종합병원":0,
            "공원":80,
            "혐오시설":0,
            "인프라총점":5.4,
            "초등학군":90.02,
            "중학군":42.42,
            "학군총점":51.94,
            "인구수":11.17,
            "인구증감":-1.81,
            "인구총점":7.276,
            "일자리":8.14,
            "소득수준":73.29,
            "일자리총점":27.685,
            "가치 총점":24.595,
            "매매실거래년":20220219.0,
            "매매실거래가":16600.0,
            "전세실거래년":20210604.0,
            "전세실거래가":9500.0,
            "전세가율":92.68,
            "장기전세가율평균":73.17,
            "전세가율거품지수":-19.51,
            "검색코드":15601,
            "세대수":278.0,
            "준공년월":"2000-11-23",
            "준공년차":23.0,
            "가까운역이름":"NA",
            "가까운역거리":"NA",
            "역세권여부":"NA",
            "30분이내주요거점역":"NA",
            "30분거점역이름":"NA",
            "1시간이내주요거점역":"NA",
            "1시간거점역이름":"NA",
            "3km이내백화점수":0,
            "5km이내아울렛몰수":0,
            "1km이내대형먀트수":0,
            "500m이내은행수":0,
            "500m이내병원수":6,
            "5km이내대형병원수":0,
            "500m이내공원수":1,
            "3km이내혐오시설수":0,
            "초등학교학업성취도":90.02,
            "중학교학업성취도":70.7,
            "용적률":205,
            "건폐율":23,
            "Y":35.074878,
            "X":128.085713,
            "rank":44.0,
            "area_info":"22평(75.75), 28평(94.18), 32평(107.26), 51평(170.38)",
            "last_sales":"2022-02-19,16600.0,32평(107.26)",
            "rank_history":[
                [
                    "202203",
                    44
                ],
                [
                    "202202",
                    28
                ],
                [
                    "202201",
                    33
                ]
            ],
            "rank_gap":-16
        },
        {
            "index":230,
            "아파트명":"삼성",
            "투자타입":"일반",
            "전용면적(m2)":"72.09",
            "전용면적(평)":"21평",
            "법정동주소":"경상남도 사천시 정동면 풍정리 388-1",
            "도로명주소":"경상남도 사천시 옥산로 328",
            "세대수":30,
            "입주년차":0,
            "용적률점수":"--",
            "건폐율점수":"--",
            "세대당주차수":0,
            "난방방식":30,
            "공급면적":"--",
            "전용률":"--",
            "욕실수":50,
            "현관타입":100,
            "주거총점":28.5,
            "지역구공급총점":0.0,
            "역세권":"NA",
            "30분내 이동가능 거점":"NA",
            "1시간내 이동가능 거점":"NA",
            "교통총점":"NA",
            "백화점":0,
            "아울렛몰":0,
            "대형마트":0,
            "은행":0,
            "병원":0,
            "종합병원":0,
            "공원":0,
            "혐오시설":0,
            "인프라총점":0.0,
            "초등학군":89.98,
            "중학군":50.02,
            "학군총점":58.012,
            "인구수":11.17,
            "인구증감":-1.81,
            "인구총점":7.276,
            "일자리":8.14,
            "소득수준":73.29,
            "일자리총점":27.685,
            "가치 총점":24.478,
            "매매실거래년":20220127.0,
            "매매실거래가":7700.0,
            "전세실거래년":20220126.0,
            "전세실거래가":6500.0,
            "전세가율":84.42,
            "장기전세가율평균":73.17,
            "전세가율거품지수":-11.25,
            "검색코드":102776,
            "세대수":314.0,
            "준공년월":"1994-07-27",
            "준공년차":29.0,
            "가까운역이름":"NA",
            "가까운역거리":"NA",
            "역세권여부":"NA",
            "30분이내주요거점역":"NA",
            "30분거점역이름":"NA",
            "1시간이내주요거점역":"NA",
            "1시간거점역이름":"NA",
            "3km이내백화점수":0,
            "5km이내아울렛몰수":0,
            "1km이내대형먀트수":0,
            "500m이내은행수":0,
            "500m이내병원수":0,
            "5km이내대형병원수":0,
            "500m이내공원수":0,
            "3km이내혐오시설수":0,
            "초등학교학업성취도":89.98,
            "중학교학업성취도":82.5,
            "용적률":103,
            "건폐율":16,
            "Y":35.065096,
            "X":128.109812,
            "rank":45.0,
            "area_info":"21평(72.09), 29평(97.14)",
            "last_sales":"2022-01-27,7700.0,21평(72.09)",
            "rank_history":[
                [
                    "202203",
                    45
                ],
                [
                    "202202",
                    29
                ],
                [
                    "202201",
                    35
                ]
            ],
            "rank_gap":-16
        },
        {
            "index":141,
            "아파트명":"원정그린빌",
            "투자타입":"일반",
            "전용면적(m2)":"80.82",
            "전용면적(평)":"24평",
            "법정동주소":"경상남도 사천시 사천읍 정의리 30-1",
            "도로명주소":"경상남도 사천시 수양로 111",
            "세대수":0,
            "입주년차":60,
            "용적률점수":"--",
            "건폐율점수":"--",
            "세대당주차수":0,
            "난방방식":30,
            "공급면적":"--",
            "전용률":"--",
            "욕실수":100,
            "현관타입":50,
            "주거총점":30.0,
            "지역구공급총점":0.0,
            "역세권":"NA",
            "30분내 이동가능 거점":"NA",
            "1시간내 이동가능 거점":"NA",
            "교통총점":"NA",
            "백화점":0,
            "아울렛몰":0,
            "대형마트":0,
            "은행":0,
            "병원":0,
            "종합병원":0,
            "공원":80,
            "혐오시설":0,
            "인프라총점":2.4,
            "초등학군":90.0,
            "중학군":42.42,
            "학군총점":51.936,
            "인구수":11.17,
            "인구증감":-1.81,
            "인구총점":7.276,
            "일자리":8.14,
            "소득수준":73.29,
            "일자리총점":27.685,
            "가치 총점":24.444,
            "매매실거래년":20220113.0,
            "매매실거래가":15500.0,
            "전세실거래년":20211013.0,
            "전세실거래가":11000.0,
            "전세가율":89.8,
            "장기전세가율평균":73.17,
            "전세가율거품지수":-16.63,
            "검색코드":106364,
            "세대수":68.0,
            "준공년월":"2012-08-31",
            "준공년차":11.0,
            "가까운역이름":"NA",
            "가까운역거리":"NA",
            "역세권여부":"NA",
            "30분이내주요거점역":"NA",
            "30분거점역이름":"NA",
            "1시간이내주요거점역":"NA",
            "1시간거점역이름":"NA",
            "3km이내백화점수":0,
            "5km이내아울렛몰수":0,
            "1km이내대형먀트수":0,
            "500m이내은행수":0,
            "500m이내병원수":0,
            "5km이내대형병원수":0,
            "500m이내공원수":1,
            "3km이내혐오시설수":0,
            "초등학교학업성취도":90.0,
            "중학교학업성취도":70.7,
            "용적률":224,
            "건폐율":25,
            "Y":35.087907,
            "X":128.094697,
            "rank":46.0,
            "area_info":"24평(80.82), 24평(80.22), 32평(105.86)",
            "last_sales":"2022-01-13,15500.0,32평(105.86)",
            "rank_history":[
                [
                    "202203",
                    46
                ],
                [
                    "202202",
                    9999
                ]
            ],
            "rank_gap":9999
        },
        {
            "index":22,
            "아파트명":"한주비치맨션",
            "투자타입":"재건축",
            "전용면적(m2)":"99.75",
            "전용면적(평)":"30평",
            "법정동주소":"경상남도 사천시 동금동 323-3",
            "도로명주소":"경상남도 사천시 나무전길 107",
            "세대수":0,
            "입주년차":"--",
            "용적률점수":0,
            "건폐율점수":80,
            "세대당주차수":"--",
            "난방방식":"--",
            "공급면적":90,
            "전용률":80,
            "욕실수":"--",
            "현관타입":"--",
            "주거총점":24.5,
            "지역구공급총점":0.0,
            "역세권":"NA",
            "30분내 이동가능 거점":"NA",
            "1시간내 이동가능 거점":"NA",
            "교통총점":"NA",
            "백화점":0,
            "아울렛몰":0,
            "대형마트":0,
            "은행":0,
            "병원":60,
            "종합병원":0,
            "공원":100,
            "혐오시설":0,
            "인프라총점":9.0,
            "초등학군":90.01,
            "중학군":38.58,
            "학군총점":48.866,
            "인구수":11.17,
            "인구증감":-1.81,
            "인구총점":7.276,
            "일자리":8.14,
            "소득수준":73.29,
            "일자리총점":27.685,
            "가치 총점":24.3915,
            "매매실거래년":20220210.0,
            "매매실거래가":11900.0,
            "전세실거래년":null,
            "전세실거래가":null,
            "전세가율":null,
            "장기전세가율평균":73.17,
            "전세가율거품지수":null,
            "검색코드":6954,
            "세대수":120.0,
            "준공년월":"1990-11-01",
            "준공년차":33.0,
            "가까운역이름":"NA",
            "가까운역거리":"NA",
            "역세권여부":"NA",
            "30분이내주요거점역":"NA",
            "30분거점역이름":"NA",
            "1시간이내주요거점역":"NA",
            "1시간거점역이름":"NA",
            "3km이내백화점수":0,
            "5km이내아울렛몰수":0,
            "1km이내대형먀트수":0,
            "500m이내은행수":1,
            "500m이내병원수":19,
            "5km이내대형병원수":0,
            "500m이내공원수":2,
            "3km이내혐오시설수":0,
            "초등학교학업성취도":90.01,
            "중학교학업성취도":64.3,
            "용적률":272,
            "건폐율":22,
            "Y":34.93039,
            "X":128.07843,
            "rank":47.0,
            "area_info":"30평(99.75)",
            "last_sales":"2022-02-10,11900.0,30평(99.75)",
            "rank_history":[
                [
                    "202203",
                    47
                ],
                [
                    "202202",
                    30
                ],
                [
                    "202201",
                    31
                ]
            ],
            "rank_gap":-17
        },
        {
            "index":228,
            "아파트명":"사천한보훼미리타운",
            "투자타입":"일반",
            "전용면적(m2)":"99.95",
            "전용면적(평)":"30평",
            "법정동주소":"경상남도 사천시 정동면 고읍리 600-1",
            "도로명주소":"경상남도 사천시 사천강1길 11",
            "세대수":30,
            "입주년차":0,
            "용적률점수":"--",
            "건폐율점수":"--",
            "세대당주차수":0,
            "난방방식":30,
            "공급면적":"--",
            "전용률":"--",
            "욕실수":50,
            "현관타입":100,
            "주거총점":28.5,
            "지역구공급총점":0.0,
            "역세권":"NA",
            "30분내 이동가능 거점":"NA",
            "1시간내 이동가능 거점":"NA",
            "교통총점":"NA",
            "백화점":0,
            "아울렛몰":0,
            "대형마트":0,
            "은행":0,
            "병원":10,
            "종합병원":0,
            "공원":80,
            "혐오시설":0,
            "인프라총점":3.4,
            "초등학군":90.02,
            "중학군":42.42,
            "학군총점":51.94,
            "인구수":11.17,
            "인구증감":-1.81,
            "인구총점":7.276,
            "일자리":8.14,
            "소득수준":73.29,
            "일자리총점":27.685,
            "가치 총점":24.32,
            "매매실거래년":20220224.0,
            "매매실거래가":8000.0,
            "전세실거래년":20220215.0,
            "전세실거래가":8500.0,
            "전세가율":106.25,
            "장기전세가율평균":73.17,
            "전세가율거품지수":-33.08,
            "검색코드":15603,
            "세대수":352.0,
            "준공년월":"1995-08-21",
            "준공년차":28.0,
            "가까운역이름":"NA",
            "가까운역거리":"NA",
            "역세권여부":"NA",
            "30분이내주요거점역":"NA",
            "30분거점역이름":"NA",
            "1시간이내주요거점역":"NA",
            "1시간거점역이름":"NA",
            "3km이내백화점수":0,
            "5km이내아울렛몰수":0,
            "1km이내대형먀트수":0,
            "500m이내은행수":0,
            "500m이내병원수":4,
            "5km이내대형병원수":0,
            "500m이내공원수":1,
            "3km이내혐오시설수":0,
            "초등학교학업성취도":90.02,
            "중학교학업성취도":70.7,
            "용적률":226,
            "건폐율":26,
            "Y":35.073797,
            "X":128.084845,
            "rank":48.0,
            "area_info":"30평(99.95), 41평(138.49)",
            "last_sales":"2022-02-24,8000.0,30평(99.95)",
            "rank_history":[
                [
                    "202203",
                    48
                ],
                [
                    "202202",
                    31
                ],
                [
                    "202201",
                    32
                ]
            ],
            "rank_gap":-17
        },
        {
            "index":27,
            "아파트명":"동림현대",
            "투자타입":"재건축",
            "전용면적(m2)":"74.93",
            "전용면적(평)":"22평",
            "법정동주소":"경상남도 사천시 동림동 84-3",
            "도로명주소":"경상남도 사천시 삼천포대교로 503",
            "세대수":0,
            "입주년차":"--",
            "용적률점수":0,
            "건폐율점수":40,
            "세대당주차수":"--",
            "난방방식":"--",
            "공급면적":50,
            "전용률":60,
            "욕실수":"--",
            "현관타입":"--",
            "주거총점":13.5,
            "지역구공급총점":0.0,
            "역세권":"NA",
            "30분내 이동가능 거점":"NA",
            "1시간내 이동가능 거점":"NA",
            "교통총점":"NA",
            "백화점":0,
            "아울렛몰":0,
            "대형마트":100,
            "은행":0,
            "병원":0,
            "종합병원":0,
            "공원":0,
            "혐오시설":0,
            "인프라총점":15.0,
            "초등학군":90.0,
            "중학군":45.24,
            "학군총점":54.192,
            "인구수":11.17,
            "인구증감":-1.81,
            "인구총점":7.276,
            "일자리":8.14,
            "소득수준":73.29,
            "일자리총점":27.685,
            "가치 총점":24.273,
            "매매실거래년":20211124.0,
            "매매실거래가":5000.0,
            "전세실거래년":20211018.0,
            "전세실거래가":3000.0,
            "전세가율":60.0,
            "장기전세가율평균":73.17,
            "전세가율거품지수":13.17,
            "검색코드":6955,
            "세대수":181.0,
            "준공년월":"1992-08-01",
            "준공년차":31.0,
            "가까운역이름":"NA",
            "가까운역거리":"NA",
            "역세권여부":"NA",
            "30분이내주요거점역":"NA",
            "30분거점역이름":"NA",
            "1시간이내주요거점역":"NA",
            "1시간거점역이름":"NA",
            "3km이내백화점수":0,
            "5km이내아울렛몰수":0,
            "1km이내대형먀트수":2,
            "500m이내은행수":0,
            "500m이내병원수":0,
            "5km이내대형병원수":0,
            "500m이내공원수":0,
            "3km이내혐오시설수":0,
            "초등학교학업성취도":90.0,
            "중학교학업성취도":75.4,
            "용적률":372,
            "건폐율":36,
            "Y":34.94282,
            "X":128.076587,
            "rank":49.0,
            "area_info":"22평(74.93), 24평(79.42)",
            "last_sales":"2021-11-24,5000.0,22평(74.93)",
            "rank_history":[
                [
                    "202203",
                    49
                ],
                [
                    "202202",
                    32
                ],
                [
                    "202201",
                    34
                ]
            ],
            "rank_gap":-17
        },
        {
            "index":241,
            "아파트명":"토산아델리움",
            "투자타입":"일반",
            "전용면적(m2)":"79.94",
            "전용면적(평)":"24평",
            "법정동주소":"경상남도 사천시 정동면 고읍리 601-25",
            "도로명주소":"경상남도 사천시 진삼로 1382-16",
            "세대수":0,
            "입주년차":40,
            "용적률점수":"--",
            "건폐율점수":"--",
            "세대당주차수":0,
            "난방방식":30,
            "공급면적":"--",
            "전용률":"--",
            "욕실수":50,
            "현관타입":100,
            "주거총점":26.0,
            "지역구공급총점":0.0,
            "역세권":"NA",
            "30분내 이동가능 거점":"NA",
            "1시간내 이동가능 거점":"NA",
            "교통총점":"NA",
            "백화점":0,
            "아울렛몰":0,
            "대형마트":0,
            "은행":0,
            "병원":30,
            "종합병원":0,
            "공원":80,
            "혐오시설":0,
            "인프라총점":5.4,
            "초등학군":90.02,
            "중학군":42.42,
            "학군총점":51.94,
            "인구수":11.17,
            "인구증감":-1.81,
            "인구총점":7.276,
            "일자리":8.14,
            "소득수준":73.29,
            "일자리총점":27.685,
            "가치 총점":24.245,
            "매매실거래년":20210504.0,
            "매매실거래가":10200.0,
            "전세실거래년":20170422.0,
            "전세실거래가":11000.0,
            "전세가율":107.84,
            "장기전세가율평균":73.17,
            "전세가율거품지수":-34.67,
            "검색코드":109955,
            "세대수":72.0,
            "준공년월":"2005-06-14",
            "준공년차":18.0,
            "가까운역이름":"NA",
            "가까운역거리":"NA",
            "역세권여부":"NA",
            "30분이내주요거점역":"NA",
            "30분거점역이름":"NA",
            "1시간이내주요거점역":"NA",
            "1시간거점역이름":"NA",
            "3km이내백화점수":0,
            "5km이내아울렛몰수":0,
            "1km이내대형먀트수":0,
            "500m이내은행수":0,
            "500m이내병원수":5,
            "5km이내대형병원수":0,
            "500m이내공원수":1,
            "3km이내혐오시설수":0,
            "초등학교학업성취도":90.02,
            "중학교학업성취도":70.7,
            "용적률":221,
            "건폐율":27,
            "Y":35.074212,
            "X":128.08444,
            "rank":50.0,
            "area_info":"24평(79.94), 32평(107.53), 46평(153.95), 47평(155.67)",
            "last_sales":"2021-05-04,10200.0,24평(79.94)",
            "rank_history":[
                [
                    "202203",
                    50
                ],
                [
                    "202202",
                    9999
                ]
            ],
            "rank_gap":9999
        },
        {
            "index":174,
            "아파트명":"남양현대",
            "투자타입":"일반",
            "전용면적(m2)":"78.0",
            "전용면적(평)":"23평",
            "법정동주소":"경상남도 사천시 송포동 275",
            "도로명주소":"경상남도 사천시 삼천포대교로 836",
            "세대수":0,
            "입주년차":0,
            "용적률점수":"--",
            "건폐율점수":"--",
            "세대당주차수":0,
            "난방방식":30,
            "공급면적":"--",
            "전용률":"--",
            "욕실수":50,
            "현관타입":100,
            "주거총점":18.0,
            "지역구공급총점":0.0,
            "역세권":"NA",
            "30분내 이동가능 거점":"NA",
            "1시간내 이동가능 거점":"NA",
            "교통총점":"NA",
            "백화점":0,
            "아울렛몰":0,
            "대형마트":80,
            "은행":0,
            "병원":0,
            "종합병원":0,
            "공원":0,
            "혐오시설":0,
            "인프라총점":12.0,
            "초등학군":90.03,
            "중학군":41.04,
            "학군총점":50.838,
            "인구수":11.17,
            "인구증감":-1.81,
            "인구총점":7.276,
            "일자리":8.14,
            "소득수준":73.29,
            "일자리총점":27.685,
            "가치 총점":23.8095,
            "매매실거래년":20211011.0,
            "매매실거래가":5000.0,
            "전세실거래년":20190516.0,
            "전세실거래가":4000.0,
            "전세가율":66.67,
            "장기전세가율평균":73.17,
            "전세가율거품지수":6.5,
            "검색코드":15598,
            "세대수":148.0,
            "준공년월":"1996-07-29",
            "준공년차":27.0,
            "가까운역이름":"NA",
            "가까운역거리":"NA",
            "역세권여부":"NA",
            "30분이내주요거점역":"NA",
            "30분거점역이름":"NA",
            "1시간이내주요거점역":"NA",
            "1시간거점역이름":"NA",
            "3km이내백화점수":0,
            "5km이내아울렛몰수":0,
            "1km이내대형먀트수":1,
            "500m이내은행수":0,
            "500m이내병원수":1,
            "5km이내대형병원수":0,
            "500m이내공원수":0,
            "3km이내혐오시설수":0,
            "초등학교학업성취도":90.03,
            "중학교학업성취도":68.4,
            "용적률":143,
            "건폐율":24,
            "Y":34.968159,
            "X":128.063097,
            "rank":51.0,
            "area_info":"23평(78.0), 24평(79.46), 24평(79.38), 25평(85.72)",
            "last_sales":"2021-10-11,5000.0,25평(85.72)",
            "rank_history":[
                [
                    "202203",
                    51
                ],
                [
                    "202202",
                    34
                ],
                [
                    "202201",
                    42
                ]
            ],
            "rank_gap":-17
        },
        {
            "index":187,
            "아파트명":"삼보신우타운",
            "투자타입":"일반",
            "전용면적(m2)":"63.14",
            "전용면적(평)":"19평",
            "법정동주소":"경상남도 사천시 용강동 800-1",
            "도로명주소":"경상남도 사천시 주공로 51",
            "세대수":0,
            "입주년차":0,
            "용적률점수":"--",
            "건폐율점수":"--",
            "세대당주차수":0,
            "난방방식":30,
            "공급면적":"--",
            "전용률":"--",
            "욕실수":50,
            "현관타입":10,
            "주거총점":9.0,
            "지역구공급총점":0.0,
            "역세권":"NA",
            "30분내 이동가능 거점":"NA",
            "1시간내 이동가능 거점":"NA",
            "교통총점":"NA",
            "백화점":0,
            "아울렛몰":0,
            "대형마트":100,
            "은행":0,
            "병원":60,
            "종합병원":0,
            "공원":0,
            "혐오시설":0,
            "인프라총점":21.0,
            "초등학군":90.0,
            "중학군":38.58,
            "학군총점":48.864,
            "인구수":11.17,
            "인구증감":-1.81,
            "인구총점":7.276,
            "일자리":8.14,
            "소득수준":73.29,
            "일자리총점":27.685,
            "가치 총점":23.766,
            "매매실거래년":20220211.0,
            "매매실거래가":6000.0,
            "전세실거래년":20171202.0,
            "전세실거래가":6000.0,
            "전세가율":88.24,
            "장기전세가율평균":73.17,
            "전세가율거품지수":-15.07,
            "검색코드":15599,
            "세대수":285.0,
            "준공년월":"1994-08-30",
            "준공년차":29.0,
            "가까운역이름":"NA",
            "가까운역거리":"NA",
            "역세권여부":"NA",
            "30분이내주요거점역":"NA",
            "30분거점역이름":"NA",
            "1시간이내주요거점역":"NA",
            "1시간거점역이름":"NA",
            "3km이내백화점수":0,
            "5km이내아울렛몰수":0,
            "1km이내대형먀트수":2,
            "500m이내은행수":0,
            "500m이내병원수":15,
            "5km이내대형병원수":0,
            "500m이내공원수":0,
            "3km이내혐오시설수":0,
            "초등학교학업성취도":90.0,
            "중학교학업성취도":64.3,
            "용적률":0,
            "건폐율":0,
            "Y":34.94303,
            "X":128.086276,
            "rank":52.0,
            "area_info":"19평(63.14), 22평(75.73), 29평(96.64)",
            "last_sales":"2022-02-11,6000.0,22평(75.73)",
            "rank_history":[
                [
                    "202203",
                    52
                ],
                [
                    "202202",
                    33
                ],
                [
                    "202201",
                    29
                ]
            ],
            "rank_gap":-19
        },
        {
            "index":93,
            "아파트명":"대경",
            "투자타입":"일반",
            "전용면적(m2)":"49.81",
            "전용면적(평)":"15평",
            "법정동주소":"경상남도 사천시 사천읍 선인리 213",
            "도로명주소":"경상남도 사천시 서당길 1-5",
            "세대수":50,
            "입주년차":20,
            "용적률점수":"--",
            "건폐율점수":"--",
            "세대당주차수":0,
            "난방방식":30,
            "공급면적":"--",
            "전용률":"--",
            "욕실수":50,
            "현관타입":10,
            "주거총점":30.5,
            "지역구공급총점":0.0,
            "역세권":"NA",
            "30분내 이동가능 거점":"NA",
            "1시간내 이동가능 거점":"NA",
            "교통총점":"NA",
            "백화점":0,
            "아울렛몰":0,
            "대형마트":0,
            "은행":0,
            "병원":0,
            "종합병원":0,
            "공원":0,
            "혐오시설":0,
            "인프라총점":0.0,
            "초등학군":90.0,
            "중학군":42.42,
            "학군총점":51.936,
            "인구수":11.17,
            "인구증감":-1.81,
            "인구총점":7.276,
            "일자리":8.14,
            "소득수준":73.29,
            "일자리총점":27.685,
            "가치 총점":23.659,
            "매매실거래년":20220122.0,
            "매매실거래가":7300.0,
            "전세실거래년":20210526.0,
            "전세실거래가":4800.0,
            "전세가율":111.63,
            "장기전세가율평균":73.17,
            "전세가율거품지수":-38.46,
            "검색코드":101097,
            "세대수":448.0,
            "준공년월":"2000-06-20",
            "준공년차":23.0,
            "가까운역이름":"NA",
            "가까운역거리":"NA",
            "역세권여부":"NA",
            "30분이내주요거점역":"NA",
            "30분거점역이름":"NA",
            "1시간이내주요거점역":"NA",
            "1시간거점역이름":"NA",
            "3km이내백화점수":0,
            "5km이내아울렛몰수":0,
            "1km이내대형먀트수":0,
            "500m이내은행수":0,
            "500m이내병원수":0,
            "5km이내대형병원수":0,
            "500m이내공원수":0,
            "3km이내혐오시설수":0,
            "초등학교학업성취도":90.0,
            "중학교학업성취도":70.7,
            "용적률":145,
            "건폐율":21,
            "Y":35.08226,
            "X":128.099132,
            "rank":53.0,
            "area_info":"15평(49.81), 18평(60.87), 22평(74.11)",
            "last_sales":"2022-01-22,7300.0,22평(74.11)",
            "rank_history":[
                [
                    "202203",
                    53
                ],
                [
                    "202202",
                    35
                ],
                [
                    "202201",
                    21
                ]
            ],
            "rank_gap":-18
        },
        {
            "index":43,
            "아파트명":"서라벌맨션",
            "투자타입":"재건축",
            "전용면적(m2)":"66.09",
            "전용면적(평)":"19평",
            "법정동주소":"경상남도 사천시 벌리동 12-7",
            "도로명주소":"경상남도 사천시 벌리1길 90-45",
            "세대수":0,
            "입주년차":"--",
            "용적률점수":0,
            "건폐율점수":0,
            "세대당주차수":"--",
            "난방방식":"--",
            "공급면적":50,
            "전용률":100,
            "욕실수":"--",
            "현관타입":"--",
            "주거총점":7.5,
            "지역구공급총점":0.0,
            "역세권":"NA",
            "30분내 이동가능 거점":"NA",
            "1시간내 이동가능 거점":"NA",
            "교통총점":"NA",
            "백화점":0,
            "아울렛몰":0,
            "대형마트":100,
            "은행":0,
            "병원":60,
            "종합병원":0,
            "공원":0,
            "혐오시설":0,
            "인프라총점":21.0,
            "초등학군":90.0,
            "중학군":38.58,
            "학군총점":48.864,
            "인구수":11.17,
            "인구증감":-1.81,
            "인구총점":7.276,
            "일자리":8.14,
            "소득수준":73.29,
            "일자리총점":27.685,
            "가치 총점":23.241,
            "매매실거래년":20191003.0,
            "매매실거래가":7500.0,
            "전세실거래년":null,
            "전세실거래가":null,
            "전세가율":null,
            "장기전세가율평균":73.17,
            "전세가율거품지수":null,
            "검색코드":117002,
            "세대수":59.0,
            "준공년월":"1991-10-30",
            "준공년차":32.0,
            "가까운역이름":"NA",
            "가까운역거리":"NA",
            "역세권여부":"NA",
            "30분이내주요거점역":"NA",
            "30분거점역이름":"NA",
            "1시간이내주요거점역":"NA",
            "1시간거점역이름":"NA",
            "3km이내백화점수":0,
            "5km이내아울렛몰수":0,
            "1km이내대형먀트수":2,
            "500m이내은행수":0,
            "500m이내병원수":14,
            "5km이내대형병원수":0,
            "500m이내공원수":0,
            "3km이내혐오시설수":0,
            "초등학교학업성취도":90.0,
            "중학교학업성취도":64.3,
            "용적률":0,
            "건폐율":0,
            "Y":34.942672,
            "X":128.083368,
            "rank":54.0,
            "area_info":"19평(66.09), 20평(66.18), 23평(78.69), 24평(79.8), 24평(82.35)",
            "last_sales":"2019-10-03,7500.0,24평(82.35)",
            "rank_history":[
                [
                    "202203",
                    54
                ],
                [
                    "202202",
                    9999
                ]
            ],
            "rank_gap":9999
        },
        {
            "index":264,
            "아파트명":"대도",
            "투자타입":"재건축",
            "전용면적(m2)":"48.21",
            "전용면적(평)":"14평",
            "법정동주소":"경상남도 사천시 향촌동 922-3",
            "도로명주소":"경상남도 사천시 숲뫼1길 55",
            "세대수":0,
            "입주년차":"--",
            "용적률점수":0,
            "건폐율점수":0,
            "세대당주차수":"--",
            "난방방식":"--",
            "공급면적":50,
            "전용률":80,
            "욕실수":"--",
            "현관타입":"--",
            "주거총점":6.5,
            "지역구공급총점":0.0,
            "역세권":"NA",
            "30분내 이동가능 거점":"NA",
            "1시간내 이동가능 거점":"NA",
            "교통총점":"NA",
            "백화점":0,
            "아울렛몰":0,
            "대형마트":100,
            "은행":0,
            "병원":30,
            "종합병원":0,
            "공원":0,
            "혐오시설":0,
            "인프라총점":18.0,
            "초등학군":90.01,
            "중학군":45.78,
            "학군총점":54.626,
            "인구수":11.17,
            "인구증감":-1.81,
            "인구총점":7.276,
            "일자리":8.14,
            "소득수준":73.29,
            "일자리총점":27.685,
            "가치 총점":23.1315,
            "매매실거래년":20211102.0,
            "매매실거래가":2950.0,
            "전세실거래년":null,
            "전세실거래가":null,
            "전세가율":null,
            "장기전세가율평균":73.17,
            "전세가율거품지수":null,
            "검색코드":117000,
            "세대수":72.0,
            "준공년월":"1988-08-11",
            "준공년차":35.0,
            "가까운역이름":"NA",
            "가까운역거리":"NA",
            "역세권여부":"NA",
            "30분이내주요거점역":"NA",
            "30분거점역이름":"NA",
            "1시간이내주요거점역":"NA",
            "1시간거점역이름":"NA",
            "3km이내백화점수":0,
            "5km이내아울렛몰수":0,
            "1km이내대형먀트수":2,
            "500m이내은행수":1,
            "500m이내병원수":8,
            "5km이내대형병원수":0,
            "500m이내공원수":0,
            "3km이내혐오시설수":0,
            "초등학교학업성취도":90.01,
            "중학교학업성취도":76.3,
            "용적률":0,
            "건폐율":0,
            "Y":34.936682,
            "X":128.087111,
            "rank":55.0,
            "area_info":"14평(48.21), 17평(56.85), 17평(58.05), 18평(61.65), 18평(61.65)",
            "last_sales":"2021-11-02,2950.0,18평(61.65)",
            "rank_history":[
                [
                    "202203",
                    55
                ],
                [
                    "202202",
                    9999
                ]
            ],
            "rank_gap":9999
        },
        {
            "index":4,
            "아파트명":"경남",
            "투자타입":"재건축",
            "전용면적(m2)":"57.96",
            "전용면적(평)":"17평",
            "법정동주소":"경상남도 사천시 동금동 88-4",
            "도로명주소":"경상남도 사천시 동금2길 15",
            "세대수":0,
            "입주년차":"--",
            "용적률점수":0,
            "건폐율점수":0,
            "세대당주차수":"--",
            "난방방식":"--",
            "공급면적":50,
            "전용률":80,
            "욕실수":"--",
            "현관타입":"--",
            "주거총점":6.5,
            "지역구공급총점":0.0,
            "역세권":"NA",
            "30분내 이동가능 거점":"NA",
            "1시간내 이동가능 거점":"NA",
            "교통총점":"NA",
            "백화점":0,
            "아울렛몰":0,
            "대형마트":80,
            "은행":0,
            "병원":60,
            "종합병원":0,
            "공원":100,
            "혐오시설":0,
            "인프라총점":21.0,
            "초등학군":90.0,
            "중학군":38.58,
            "학군총점":48.864,
            "인구수":11.17,
            "인구증감":-1.81,
            "인구총점":7.276,
            "일자리":8.14,
            "소득수준":73.29,
            "일자리총점":27.685,
            "가치 총점":22.891,
            "매매실거래년":"18000101",
            "매매실거래가":null,
            "전세실거래년":null,
            "전세실거래가":null,
            "전세가율":null,
            "장기전세가율평균":73.17,
            "전세가율거품지수":null,
            "검색코드":6949,
            "세대수":150.0,
            "준공년월":"1987-09-12",
            "준공년차":36.0,
            "가까운역이름":"NA",
            "가까운역거리":"NA",
            "역세권여부":"NA",
            "30분이내주요거점역":"NA",
            "30분거점역이름":"NA",
            "1시간이내주요거점역":"NA",
            "1시간거점역이름":"NA",
            "3km이내백화점수":0,
            "5km이내아울렛몰수":0,
            "1km이내대형먀트수":1,
            "500m이내은행수":1,
            "500m이내병원수":19,
            "5km이내대형병원수":0,
            "500m이내공원수":2,
            "3km이내혐오시설수":0,
            "초등학교학업성취도":90.0,
            "중학교학업성취도":64.3,
            "용적률":0,
            "건폐율":0,
            "Y":34.932083,
            "X":128.078438,
            "rank":56.0,
            "area_info":"17평(57.96), 19평(65.25), 20평(67.2), 21평(72.66), 24평(81.23)",
            "last_sales":"1800-01-01,nan,17평(57.96)",
            "rank_history":[
                [
                    "202203",
                    56
                ],
                [
                    "202202",
                    36
                ],
                [
                    "202201",
                    36
                ]
            ],
            "rank_gap":-20
        },
        {
            "index":26,
            "아파트명":"동림삼보",
            "투자타입":"일반",
            "전용면적(m2)":"80.19",
            "전용면적(평)":"24평",
            "법정동주소":"경상남도 사천시 동림동 85",
            "도로명주소":"경상남도 사천시 삼천포대교로 507-6",
            "세대수":0,
            "입주년차":0,
            "용적률점수":"--",
            "건폐율점수":"--",
            "세대당주차수":0,
            "난방방식":30,
            "공급면적":"--",
            "전용률":"--",
            "욕실수":50,
            "현관타입":10,
            "주거총점":9.0,
            "지역구공급총점":0.0,
            "역세권":"NA",
            "30분내 이동가능 거점":"NA",
            "1시간내 이동가능 거점":"NA",
            "교통총점":"NA",
            "백화점":0,
            "아울렛몰":0,
            "대형마트":100,
            "은행":0,
            "병원":0,
            "종합병원":0,
            "공원":0,
            "혐오시설":0,
            "인프라총점":15.0,
            "초등학군":90.0,
            "중학군":45.24,
            "학군총점":54.192,
            "인구수":11.17,
            "인구증감":-1.81,
            "인구총점":7.276,
            "일자리":8.14,
            "소득수준":73.29,
            "일자리총점":27.685,
            "가치 총점":22.698,
            "매매실거래년":20211115.0,
            "매매실거래가":5500.0,
            "전세실거래년":20131101.0,
            "전세실거래가":4000.0,
            "전세가율":72.73,
            "장기전세가율평균":73.17,
            "전세가율거품지수":0.44,
            "검색코드":16654,
            "세대수":52.0,
            "준공년월":"1995-07-12",
            "준공년차":28.0,
            "가까운역이름":"NA",
            "가까운역거리":"NA",
            "역세권여부":"NA",
            "30분이내주요거점역":"NA",
            "30분거점역이름":"NA",
            "1시간이내주요거점역":"NA",
            "1시간거점역이름":"NA",
            "3km이내백화점수":0,
            "5km이내아울렛몰수":0,
            "1km이내대형먀트수":2,
            "500m이내은행수":0,
            "500m이내병원수":0,
            "5km이내대형병원수":0,
            "500m이내공원수":0,
            "3km이내혐오시설수":0,
            "초등학교학업성취도":90.0,
            "중학교학업성취도":75.4,
            "용적률":213,
            "건폐율":22,
            "Y":34.943361,
            "X":128.076467,
            "rank":57.0,
            "area_info":"24평(80.19)",
            "last_sales":"2021-11-15,5500.0,24평(80.19)",
            "rank_history":[
                [
                    "202203",
                    57
                ],
                [
                    "202202",
                    9999
                ]
            ],
            "rank_gap":9999
        },
        {
            "index":235,
            "아파트명":"유정2차",
            "투자타입":"일반",
            "전용면적(m2)":"65.82",
            "전용면적(평)":"19평",
            "법정동주소":"경상남도 사천시 정동면 고읍리 466-5",
            "도로명주소":"경상남도 사천시 동계길 15-12",
            "세대수":0,
            "입주년차":0,
            "용적률점수":"--",
            "건폐율점수":"--",
            "세대당주차수":0,
            "난방방식":30,
            "공급면적":"--",
            "전용률":"--",
            "욕실수":50,
            "현관타입":100,
            "주거총점":18.0,
            "지역구공급총점":0.0,
            "역세권":"NA",
            "30분내 이동가능 거점":"NA",
            "1시간내 이동가능 거점":"NA",
            "교통총점":"NA",
            "백화점":0,
            "아울렛몰":0,
            "대형마트":0,
            "은행":20,
            "병원":60,
            "종합병원":0,
            "공원":0,
            "혐오시설":0,
            "인프라총점":8.0,
            "초등학군":90.02,
            "중학군":42.42,
            "학군총점":51.94,
            "인구수":11.17,
            "인구증감":-1.81,
            "인구총점":7.276,
            "일자리":8.14,
            "소득수준":73.29,
            "일자리총점":27.685,
            "가치 총점":22.485,
            "매매실거래년":20211115.0,
            "매매실거래가":4400.0,
            "전세실거래년":20211119.0,
            "전세실거래가":4000.0,
            "전세가율":90.91,
            "장기전세가율평균":73.17,
            "전세가율거품지수":-17.74,
            "검색코드":16660,
            "세대수":72.0,
            "준공년월":"1994-05-14",
            "준공년차":29.0,
            "가까운역이름":"NA",
            "가까운역거리":"NA",
            "역세권여부":"NA",
            "30분이내주요거점역":"NA",
            "30분거점역이름":"NA",
            "1시간이내주요거점역":"NA",
            "1시간거점역이름":"NA",
            "3km이내백화점수":0,
            "5km이내아울렛몰수":0,
            "1km이내대형먀트수":0,
            "500m이내은행수":2,
            "500m이내병원수":18,
            "5km이내대형병원수":0,
            "500m이내공원수":0,
            "3km이내혐오시설수":0,
            "초등학교학업성취도":90.02,
            "중학교학업성취도":70.7,
            "용적률":144,
            "건폐율":53,
            "Y":35.077095,
            "X":128.086285,
            "rank":58.0,
            "area_info":"19평(65.82), 27평(91.17)",
            "last_sales":"2021-11-15,4400.0,19평(65.82)",
            "rank_history":[
                [
                    "202203",
                    58
                ],
                [
                    "202202",
                    9999
                ]
            ],
            "rank_gap":9999
        },
        {
            "index":163,
            "아파트명":"신라맨션",
            "투자타입":"재건축",
            "전용면적(m2)":"66.18",
            "전용면적(평)":"20평",
            "법정동주소":"경상남도 사천시 선구동 289",
            "도로명주소":"경상남도 사천시 가마등1길 31",
            "세대수":0,
            "입주년차":"--",
            "용적률점수":0,
            "건폐율점수":0,
            "세대당주차수":"--",
            "난방방식":"--",
            "공급면적":50,
            "전용률":80,
            "욕실수":"--",
            "현관타입":"--",
            "주거총점":6.5,
            "지역구공급총점":0.0,
            "역세권":"NA",
            "30분내 이동가능 거점":"NA",
            "1시간내 이동가능 거점":"NA",
            "교통총점":"NA",
            "백화점":0,
            "아울렛몰":0,
            "대형마트":80,
            "은행":0,
            "병원":60,
            "종합병원":0,
            "공원":0,
            "혐오시설":0,
            "인프라총점":18.0,
            "초등학군":90.0,
            "중학군":38.58,
            "학군총점":48.864,
            "인구수":11.17,
            "인구증감":-1.81,
            "인구총점":7.276,
            "일자리":8.14,
            "소득수준":73.29,
            "일자리총점":27.685,
            "가치 총점":21.691,
            "매매실거래년":20181128.0,
            "매매실거래가":5000.0,
            "전세실거래년":null,
            "전세실거래가":null,
            "전세가율":null,
            "장기전세가율평균":73.17,
            "전세가율거품지수":null,
            "검색코드":117004,
            "세대수":55.0,
            "준공년월":"1992-06-12",
            "준공년차":31.0,
            "가까운역이름":"NA",
            "가까운역거리":"NA",
            "역세권여부":"NA",
            "30분이내주요거점역":"NA",
            "30분거점역이름":"NA",
            "1시간이내주요거점역":"NA",
            "1시간거점역이름":"NA",
            "3km이내백화점수":0,
            "5km이내아울렛몰수":0,
            "1km이내대형먀트수":1,
            "500m이내은행수":0,
            "500m이내병원수":16,
            "5km이내대형병원수":0,
            "500m이내공원수":0,
            "3km이내혐오시설수":0,
            "초등학교학업성취도":90.0,
            "중학교학업성취도":64.3,
            "용적률":0,
            "건폐율":0,
            "Y":34.936452,
            "X":128.074494,
            "rank":59.0,
            "area_info":"20평(66.18), 20평(67.4), 20평(67.6), 20평(67.48), 22평(75.16), 23평(79.15), 23평(79.14), 26평(86.18), 26평(87.36), 27평(92.29), 28평(93.22)",
            "last_sales":"2018-11-28,5000.0,28평(93.22)",
            "rank_history":[
                [
                    "202203",
                    59
                ],
                [
                    "202202",
                    9999
                ]
            ],
            "rank_gap":9999
        },
        {
            "index":0,
            "아파트명":"웰뷰파크",
            "투자타입":"일반",
            "전용면적(m2)":"77.01",
            "전용면적(평)":"23평",
            "법정동주소":"경상남도 사천시 대방동 205-1",
            "도로명주소":"경상남도 사천시 대방길 138",
            "세대수":0,
            "입주년차":40,
            "용적률점수":"--",
            "건폐율점수":"--",
            "세대당주차수":0,
            "난방방식":30,
            "공급면적":"--",
            "전용률":"--",
            "욕실수":50,
            "현관타입":100,
            "주거총점":26.0,
            "지역구공급총점":0.0,
            "역세권":"NA",
            "30분내 이동가능 거점":"NA",
            "1시간내 이동가능 거점":"NA",
            "교통총점":"NA",
            "백화점":0,
            "아울렛몰":0,
            "대형마트":0,
            "은행":0,
            "병원":0,
            "종합병원":0,
            "공원":0,
            "혐오시설":0,
            "인프라총점":0.0,
            "초등학군":89.99,
            "중학군":38.58,
            "학군총점":48.862,
            "인구수":11.17,
            "인구증감":-1.81,
            "인구총점":7.276,
            "일자리":8.14,
            "소득수준":73.29,
            "일자리총점":27.685,
            "가치 총점":21.3155,
            "매매실거래년":20220224.0,
            "매매실거래가":9300.0,
            "전세실거래년":20211117.0,
            "전세실거래가":7000.0,
            "전세가율":75.27,
            "장기전세가율평균":73.17,
            "전세가율거품지수":-2.1,
            "검색코드":100789,
            "세대수":294.0,
            "준공년월":"2007-05-21",
            "준공년차":16.0,
            "가까운역이름":"NA",
            "가까운역거리":"NA",
            "역세권여부":"NA",
            "30분이내주요거점역":"NA",
            "30분거점역이름":"NA",
            "1시간이내주요거점역":"NA",
            "1시간거점역이름":"NA",
            "3km이내백화점수":0,
            "5km이내아울렛몰수":0,
            "1km이내대형먀트수":0,
            "500m이내은행수":0,
            "500m이내병원수":0,
            "5km이내대형병원수":0,
            "500m이내공원수":0,
            "3km이내혐오시설수":0,
            "초등학교학업성취도":89.99,
            "중학교학업성취도":64.3,
            "용적률":185,
            "건폐율":25,
            "Y":34.930201,
            "X":128.058,
            "rank":60.0,
            "area_info":"23평(77.01), 30평(99.6), 35평(116.32)",
            "last_sales":"2022-02-24,9300.0,23평(77.01)",
            "rank_history":[
                [
                    "202203",
                    60
                ],
                [
                    "202202",
                    37
                ],
                [
                    "202201",
                    40
                ]
            ],
            "rank_gap":-23
        },
        {
            "index":211,
            "아파트명":"대흥그랜저맨션",
            "투자타입":"재건축",
            "전용면적(m2)":"75.62",
            "전용면적(평)":"22평",
            "법정동주소":"경상남도 사천시 정동면 고읍리 469-1",
            "도로명주소":"경상남도 사천시 진삼로 1420",
            "세대수":0,
            "입주년차":"--",
            "용적률점수":0,
            "건폐율점수":40,
            "세대당주차수":"--",
            "난방방식":"--",
            "공급면적":50,
            "전용률":60,
            "욕실수":"--",
            "현관타입":"--",
            "주거총점":13.5,
            "지역구공급총점":0.0,
            "역세권":"NA",
            "30분내 이동가능 거점":"NA",
            "1시간내 이동가능 거점":"NA",
            "교통총점":"NA",
            "백화점":0,
            "아울렛몰":0,
            "대형마트":0,
            "은행":20,
            "병원":60,
            "종합병원":0,
            "공원":0,
            "혐오시설":0,
            "인프라총점":8.0,
            "초등학군":90.02,
            "중학군":42.42,
            "학군총점":51.94,
            "인구수":11.17,
            "인구증감":-1.81,
            "인구총점":7.276,
            "일자리":8.14,
            "소득수준":73.29,
            "일자리총점":27.685,
            "가치 총점":20.91,
            "매매실거래년":20220111.0,
            "매매실거래가":13500.0,
            "전세실거래년":20210510.0,
            "전세실거래가":6500.0,
            "전세가율":81.25,
            "장기전세가율평균":73.17,
            "전세가율거품지수":-8.08,
            "검색코드":6971,
            "세대수":102.0,
            "준공년월":"1992-11-16",
            "준공년차":31.0,
            "가까운역이름":"NA",
            "가까운역거리":"NA",
            "역세권여부":"NA",
            "30분이내주요거점역":"NA",
            "30분거점역이름":"NA",
            "1시간이내주요거점역":"NA",
            "1시간거점역이름":"NA",
            "3km이내백화점수":0,
            "5km이내아울렛몰수":0,
            "1km이내대형먀트수":0,
            "500m이내은행수":2,
            "500m이내병원수":24,
            "5km이내대형병원수":0,
            "500m이내공원수":0,
            "3km이내혐오시설수":0,
            "초등학교학업성취도":90.02,
            "중학교학업성취도":70.7,
            "용적률":363,
            "건폐율":35,
            "Y":35.07807,
            "X":128.08611,
            "rank":61.0,
            "area_info":"22평(75.62), 27평(91.8), 38평(126.51), 38평(126.46)",
            "last_sales":"2022-01-11,13500.0,38평(126.51)",
            "rank_history":[
                [
                    "202203",
                    61
                ],
                [
                    "202202",
                    38
                ],
                [
                    "202201",
                    27
                ]
            ],
            "rank_gap":-23
        },
        {
            "index":99,
            "아파트명":"대방빌리지",
            "투자타입":"일반",
            "전용면적(m2)":"78.06",
            "전용면적(평)":"23평",
            "법정동주소":"경상남도 사천시 사천읍 사주리 460-1",
            "도로명주소":"경상남도 사천시 항공로 111",
            "세대수":0,
            "입주년차":20,
            "용적률점수":"--",
            "건폐율점수":"--",
            "세대당주차수":0,
            "난방방식":30,
            "공급면적":"--",
            "전용률":"--",
            "욕실수":50,
            "현관타입":100,
            "주거총점":22.0,
            "지역구공급총점":0.0,
            "역세권":"NA",
            "30분내 이동가능 거점":"NA",
            "1시간내 이동가능 거점":"NA",
            "교통총점":"NA",
            "백화점":0,
            "아울렛몰":0,
            "대형마트":0,
            "은행":0,
            "병원":0,
            "종합병원":0,
            "공원":0,
            "혐오시설":0,
            "인프라총점":0.0,
            "초등학군":90.02,
            "중학군":42.42,
            "학군총점":51.94,
            "인구수":11.17,
            "인구증감":-1.81,
            "인구총점":7.276,
            "일자리":8.14,
            "소득수준":73.29,
            "일자리총점":27.685,
            "가치 총점":20.685,
            "매매실거래년":20220108.0,
            "매매실거래가":6500.0,
            "전세실거래년":20211203.0,
            "전세실거래가":5000.0,
            "전세가율":76.92,
            "장기전세가율평균":73.17,
            "전세가율거품지수":-3.75,
            "검색코드":15576,
            "세대수":228.0,
            "준공년월":"2001-06-30",
            "준공년차":22.0,
            "가까운역이름":"NA",
            "가까운역거리":"NA",
            "역세권여부":"NA",
            "30분이내주요거점역":"NA",
            "30분거점역이름":"NA",
            "1시간이내주요거점역":"NA",
            "1시간거점역이름":"NA",
            "3km이내백화점수":0,
            "5km이내아울렛몰수":0,
            "1km이내대형먀트수":0,
            "500m이내은행수":0,
            "500m이내병원수":0,
            "5km이내대형병원수":0,
            "500m이내공원수":0,
            "3km이내혐오시설수":0,
            "초등학교학업성취도":90.02,
            "중학교학업성취도":70.7,
            "용적률":97,
            "건폐율":13,
            "Y":35.07668,
            "X":128.073674,
            "rank":62.0,
            "area_info":"23평(78.06), 31평(102.97)",
            "last_sales":"2022-01-08,6500.0,23평(78.06)",
            "rank_history":[
                [
                    "202203",
                    62
                ],
                [
                    "202202",
                    39
                ],
                [
                    "202201",
                    39
                ]
            ],
            "rank_gap":-23
        },
        {
            "index":118,
            "아파트명":"신성",
            "투자타입":"일반",
            "전용면적(m2)":"79.79",
            "전용면적(평)":"24평",
            "법정동주소":"경상남도 사천시 사천읍 수석리 36",
            "도로명주소":"경상남도 사천시 운동장길 3-23",
            "세대수":0,
            "입주년차":20,
            "용적률점수":"--",
            "건폐율점수":"--",
            "세대당주차수":0,
            "난방방식":30,
            "공급면적":"--",
            "전용률":"--",
            "욕실수":50,
            "현관타입":100,
            "주거총점":22.0,
            "지역구공급총점":0.0,
            "역세권":"NA",
            "30분내 이동가능 거점":"NA",
            "1시간내 이동가능 거점":"NA",
            "교통총점":"NA",
            "백화점":0,
            "아울렛몰":0,
            "대형마트":0,
            "은행":0,
            "병원":0,
            "종합병원":0,
            "공원":0,
            "혐오시설":0,
            "인프라총점":0.0,
            "초등학군":90.0,
            "중학군":42.42,
            "학군총점":51.936,
            "인구수":11.17,
            "인구증감":-1.81,
            "인구총점":7.276,
            "일자리":8.14,
            "소득수준":73.29,
            "일자리총점":27.685,
            "가치 총점":20.684,
            "매매실거래년":20211115.0,
            "매매실거래가":6400.0,
            "전세실거래년":20210119.0,
            "전세실거래가":7000.0,
            "전세가율":109.38,
            "장기전세가율평균":73.17,
            "전세가율거품지수":-36.21,
            "검색코드":100803,
            "세대수":144.0,
            "준공년월":"2000-11-17",
            "준공년차":23.0,
            "가까운역이름":"NA",
            "가까운역거리":"NA",
            "역세권여부":"NA",
            "30분이내주요거점역":"NA",
            "30분거점역이름":"NA",
            "1시간이내주요거점역":"NA",
            "1시간거점역이름":"NA",
            "3km이내백화점수":0,
            "5km이내아울렛몰수":0,
            "1km이내대형먀트수":0,
            "500m이내은행수":0,
            "500m이내병원수":1,
            "5km이내대형병원수":0,
            "500m이내공원수":0,
            "3km이내혐오시설수":0,
            "초등학교학업성취도":90.0,
            "중학교학업성취도":70.7,
            "용적률":137,
            "건폐율":23,
            "Y":35.089243,
            "X":128.091803,
            "rank":63.0,
            "area_info":"24평(79.79)",
            "last_sales":"2021-11-15,6400.0,24평(79.79)",
            "rank_history":[
                [
                    "202203",
                    63
                ],
                [
                    "202202",
                    40
                ],
                [
                    "202201",
                    28
                ]
            ],
            "rank_gap":-23
        },
        {
            "index":178,
            "아파트명":"삼보송림",
            "투자타입":"일반",
            "전용면적(m2)":"78.83",
            "전용면적(평)":"23평",
            "법정동주소":"경상남도 사천시 송포동 245-1",
            "도로명주소":"경상남도 사천시 삼천포대교로 826",
            "세대수":0,
            "입주년차":0,
            "용적률점수":"--",
            "건폐율점수":"--",
            "세대당주차수":0,
            "난방방식":30,
            "공급면적":"--",
            "전용률":"--",
            "욕실수":50,
            "현관타입":10,
            "주거총점":9.0,
            "지역구공급총점":0.0,
            "역세권":"NA",
            "30분내 이동가능 거점":"NA",
            "1시간내 이동가능 거점":"NA",
            "교통총점":"NA",
            "백화점":0,
            "아울렛몰":0,
            "대형마트":80,
            "은행":0,
            "병원":0,
            "종합병원":0,
            "공원":0,
            "혐오시설":0,
            "인프라총점":12.0,
            "초등학군":90.03,
            "중학군":41.04,
            "학군총점":50.838,
            "인구수":11.17,
            "인구증감":-1.81,
            "인구총점":7.276,
            "일자리":8.14,
            "소득수준":73.29,
            "일자리총점":27.685,
            "가치 총점":20.6595,
            "매매실거래년":20220118.0,
            "매매실거래가":5200.0,
            "전세실거래년":20211017.0,
            "전세실거래가":5900.0,
            "전세가율":113.46,
            "장기전세가율평균":73.17,
            "전세가율거품지수":-40.29,
            "검색코드":100805,
            "세대수":73.0,
            "준공년월":"1993-01-27",
            "준공년차":30.0,
            "가까운역이름":"NA",
            "가까운역거리":"NA",
            "역세권여부":"NA",
            "30분이내주요거점역":"NA",
            "30분거점역이름":"NA",
            "1시간이내주요거점역":"NA",
            "1시간거점역이름":"NA",
            "3km이내백화점수":0,
            "5km이내아울렛몰수":0,
            "1km이내대형먀트수":1,
            "500m이내은행수":0,
            "500m이내병원수":1,
            "5km이내대형병원수":0,
            "500m이내공원수":0,
            "3km이내혐오시설수":0,
            "초등학교학업성취도":90.03,
            "중학교학업성취도":68.4,
            "용적률":321,
            "건폐율":27,
            "Y":34.967402,
            "X":128.062724,
            "rank":64.0,
            "area_info":"23평(78.83)",
            "last_sales":"2022-01-18,5200.0,23평(78.83)",
            "rank_history":[
                [
                    "202203",
                    64
                ],
                [
                    "202202",
                    9999
                ]
            ],
            "rank_gap":9999
        },
        {
            "index":129,
            "아파트명":"신진타워맨션",
            "투자타입":"일반",
            "전용면적(m2)":"69.91",
            "전용면적(평)":"21평",
            "법정동주소":"경상남도 사천시 사천읍 평화리 2-9",
            "도로명주소":"경상남도 사천시 선평길 11-18",
            "세대수":0,
            "입주년차":0,
            "용적률점수":"--",
            "건폐율점수":"--",
            "세대당주차수":0,
            "난방방식":30,
            "공급면적":"--",
            "전용률":"--",
            "욕실수":50,
            "현관타입":10,
            "주거총점":9.0,
            "지역구공급총점":0.0,
            "역세권":"NA",
            "30분내 이동가능 거점":"NA",
            "1시간내 이동가능 거점":"NA",
            "교통총점":"NA",
            "백화점":0,
            "아울렛몰":0,
            "대형마트":0,
            "은행":20,
            "병원":80,
            "종합병원":0,
            "공원":0,
            "혐오시설":0,
            "인프라총점":10.0,
            "초등학군":89.99,
            "중학군":42.42,
            "학군총점":51.934,
            "인구수":11.17,
            "인구증감":-1.81,
            "인구총점":7.276,
            "일자리":8.14,
            "소득수준":73.29,
            "일자리총점":27.685,
            "가치 총점":20.1335,
            "매매실거래년":20200827.0,
            "매매실거래가":9000.0,
            "전세실거래년":20140926.0,
            "전세실거래가":6500.0,
            "전세가율":82.28,
            "장기전세가율평균":73.17,
            "전세가율거품지수":-9.11,
            "검색코드":116999,
            "세대수":74.0,
            "준공년월":"1994-08-06",
            "준공년차":29.0,
            "가까운역이름":"NA",
            "가까운역거리":"NA",
            "역세권여부":"NA",
            "30분이내주요거점역":"NA",
            "30분거점역이름":"NA",
            "1시간이내주요거점역":"NA",
            "1시간거점역이름":"NA",
            "3km이내백화점수":0,
            "5km이내아울렛몰수":0,
            "1km이내대형먀트수":0,
            "500m이내은행수":2,
            "500m이내병원수":30,
            "5km이내대형병원수":0,
            "500m이내공원수":0,
            "3km이내혐오시설수":0,
            "초등학교학업성취도":89.99,
            "중학교학업성취도":70.7,
            "용적률":291,
            "건폐율":28,
            "Y":35.080447,
            "X":128.090579,
            "rank":65.0,
            "area_info":"21평(69.91), 21평(70.87), 21평(70.51), 21평(70.73), 21평(70.53), 30평(99.28), 31평(104.39), 43평(143.66)",
            "last_sales":"2020-08-27,9000.0,21평(70.73)",
            "rank_history":[
                [
                    "202203",
                    65
                ],
                [
                    "202202",
                    9999
                ]
            ],
            "rank_gap":9999
        },
        {
            "index":115,
            "아파트명":"서일2차",
            "투자타입":"일반",
            "전용면적(m2)":"59.41",
            "전용면적(평)":"17평",
            "법정동주소":"경상남도 사천시 사천읍 정의리 70-10",
            "도로명주소":"경상남도 사천시 동문로 126",
            "세대수":0,
            "입주년차":0,
            "용적률점수":"--",
            "건폐율점수":"--",
            "세대당주차수":0,
            "난방방식":30,
            "공급면적":"--",
            "전용률":"--",
            "욕실수":50,
            "현관타입":100,
            "주거총점":18.0,
            "지역구공급총점":0.0,
            "역세권":"NA",
            "30분내 이동가능 거점":"NA",
            "1시간내 이동가능 거점":"NA",
            "교통총점":"NA",
            "백화점":0,
            "아울렛몰":0,
            "대형마트":0,
            "은행":0,
            "병원":0,
            "종합병원":0,
            "공원":0,
            "혐오시설":0,
            "인프라총점":0.0,
            "초등학군":90.0,
            "중학군":42.42,
            "학군총점":51.936,
            "인구수":11.17,
            "인구증감":-1.81,
            "인구총점":7.276,
            "일자리":8.14,
            "소득수준":73.29,
            "일자리총점":27.685,
            "가치 총점":19.284,
            "매매실거래년":20211222.0,
            "매매실거래가":4500.0,
            "전세실거래년":20211011.0,
            "전세실거래가":4500.0,
            "전세가율":100.0,
            "장기전세가율평균":73.17,
            "전세가율거품지수":-26.83,
            "검색코드":100792,
            "세대수":88.0,
            "준공년월":"1994-09-01",
            "준공년차":29.0,
            "가까운역이름":"NA",
            "가까운역거리":"NA",
            "역세권여부":"NA",
            "30분이내주요거점역":"NA",
            "30분거점역이름":"NA",
            "1시간이내주요거점역":"NA",
            "1시간거점역이름":"NA",
            "3km이내백화점수":0,
            "5km이내아울렛몰수":0,
            "1km이내대형먀트수":0,
            "500m이내은행수":0,
            "500m이내병원수":0,
            "5km이내대형병원수":0,
            "500m이내공원수":0,
            "3km이내혐오시설수":0,
            "초등학교학업성취도":90.0,
            "중학교학업성취도":70.7,
            "용적률":0,
            "건폐율":0,
            "Y":35.089347,
            "X":128.097386,
            "rank":66.0,
            "area_info":"17평(59.41), 25평(83.43), 25평(84.74)",
            "last_sales":"2021-12-22,4500.0,17평(59.41)",
            "rank_history":[
                [
                    "202203",
                    66
                ],
                [
                    "202202",
                    9999
                ]
            ],
            "rank_gap":9999
        },
        {
            "index":245,
            "아파트명":"한보맨션",
            "투자타입":"재건축",
            "전용면적(m2)":"72.3",
            "전용면적(평)":"21평",
            "법정동주소":"경상남도 사천시 정동면 고읍리 548-15",
            "도로명주소":"경상남도 사천시 진삼로 1396-15",
            "세대수":0,
            "입주년차":"--",
            "용적률점수":0,
            "건폐율점수":0,
            "세대당주차수":"--",
            "난방방식":"--",
            "공급면적":50,
            "전용률":100,
            "욕실수":"--",
            "현관타입":"--",
            "주거총점":7.5,
            "지역구공급총점":0.0,
            "역세권":"NA",
            "30분내 이동가능 거점":"NA",
            "1시간내 이동가능 거점":"NA",
            "교통총점":"NA",
            "백화점":0,
            "아울렛몰":0,
            "대형마트":0,
            "은행":0,
            "병원":60,
            "종합병원":0,
            "공원":0,
            "혐오시설":0,
            "인프라총점":6.0,
            "초등학군":90.02,
            "중학군":42.42,
            "학군총점":51.94,
            "인구수":11.17,
            "인구증감":-1.81,
            "인구총점":7.276,
            "일자리":8.14,
            "소득수준":73.29,
            "일자리총점":27.685,
            "가치 총점":18.01,
            "매매실거래년":20211103.0,
            "매매실거래가":5400.0,
            "전세실거래년":20211205.0,
            "전세실거래가":6000.0,
            "전세가율":111.11,
            "장기전세가율평균":73.17,
            "전세가율거품지수":-37.94,
            "검색코드":15602,
            "세대수":145.0,
            "준공년월":"1989-09-25",
            "준공년차":34.0,
            "가까운역이름":"NA",
            "가까운역거리":"NA",
            "역세권여부":"NA",
            "30분이내주요거점역":"NA",
            "30분거점역이름":"NA",
            "1시간이내주요거점역":"NA",
            "1시간거점역이름":"NA",
            "3km이내백화점수":0,
            "5km이내아울렛몰수":0,
            "1km이내대형먀트수":0,
            "500m이내은행수":1,
            "500m이내병원수":12,
            "5km이내대형병원수":0,
            "500m이내공원수":0,
            "3km이내혐오시설수":0,
            "초등학교학업성취도":90.02,
            "중학교학업성취도":70.7,
            "용적률":0,
            "건폐율":0,
            "Y":35.075861,
            "X":128.085143,
            "rank":67.0,
            "area_info":"21평(72.3), 23평(78.6), 23평(79.03)",
            "last_sales":"2021-11-03,5400.0,21평(72.3)",
            "rank_history":[
                [
                    "202203",
                    67
                ],
                [
                    "202202",
                    41
                ],
                [
                    "202201",
                    43
                ]
            ],
            "rank_gap":-26
        },
        {
            "index":137,
            "아파트명":"옥성그린",
            "투자타입":"일반",
            "전용면적(m2)":"74.58",
            "전용면적(평)":"22평",
            "법정동주소":"경상남도 사천시 사천읍 구암리 1440-1",
            "도로명주소":"경상남도 사천시 두량로 30",
            "세대수":0,
            "입주년차":0,
            "용적률점수":"--",
            "건폐율점수":"--",
            "세대당주차수":0,
            "난방방식":30,
            "공급면적":"--",
            "전용률":"--",
            "욕실수":50,
            "현관타입":10,
            "주거총점":9.0,
            "지역구공급총점":0.0,
            "역세권":"NA",
            "30분내 이동가능 거점":"NA",
            "1시간내 이동가능 거점":"NA",
            "교통총점":"NA",
            "백화점":0,
            "아울렛몰":0,
            "대형마트":0,
            "은행":0,
            "병원":0,
            "종합병원":0,
            "공원":0,
            "혐오시설":0,
            "인프라총점":0.0,
            "초등학군":90.0,
            "중학군":50.02,
            "학군총점":58.016,
            "인구수":11.17,
            "인구증감":-1.81,
            "인구총점":7.276,
            "일자리":8.14,
            "소득수준":73.29,
            "일자리총점":27.685,
            "가치 총점":17.654,
            "매매실거래년":20211209.0,
            "매매실거래가":5300.0,
            "전세실거래년":20200521.0,
            "전세실거래가":4500.0,
            "전세가율":84.91,
            "장기전세가율평균":73.17,
            "전세가율거품지수":-11.74,
            "검색코드":15577,
            "세대수":94.0,
            "준공년월":"1998-01-24",
            "준공년차":25.0,
            "가까운역이름":"NA",
            "가까운역거리":"NA",
            "역세권여부":"NA",
            "30분이내주요거점역":"NA",
            "30분거점역이름":"NA",
            "1시간이내주요거점역":"NA",
            "1시간거점역이름":"NA",
            "3km이내백화점수":0,
            "5km이내아울렛몰수":0,
            "1km이내대형먀트수":0,
            "500m이내은행수":0,
            "500m이내병원수":0,
            "5km이내대형병원수":0,
            "500m이내공원수":0,
            "3km이내혐오시설수":0,
            "초등학교학업성취도":90.0,
            "중학교학업성취도":82.5,
            "용적률":269,
            "건폐율":40,
            "Y":35.092248,
            "X":128.09955,
            "rank":68.0,
            "area_info":"22평(74.58)",
            "last_sales":"2021-12-09,5300.0,22평(74.58)",
            "rank_history":[
                [
                    "202203",
                    68
                ],
                [
                    "202202",
                    9999
                ]
            ],
            "rank_gap":9999
        },
        {
            "index":144,
            "아파트명":"전원맨션",
            "투자타입":"일반",
            "전용면적(m2)":"64.57",
            "전용면적(평)":"19평",
            "법정동주소":"경상남도 사천시 사천읍 선인리 301-5",
            "도로명주소":"경상남도 사천시 선인길 17",
            "세대수":0,
            "입주년차":0,
            "용적률점수":"--",
            "건폐율점수":"--",
            "세대당주차수":0,
            "난방방식":30,
            "공급면적":"--",
            "전용률":"--",
            "욕실수":50,
            "현관타입":10,
            "주거총점":9.0,
            "지역구공급총점":0.0,
            "역세권":"NA",
            "30분내 이동가능 거점":"NA",
            "1시간내 이동가능 거점":"NA",
            "교통총점":"NA",
            "백화점":0,
            "아울렛몰":0,
            "대형마트":0,
            "은행":0,
            "병원":30,
            "종합병원":0,
            "공원":0,
            "혐오시설":0,
            "인프라총점":3.0,
            "초등학군":90.0,
            "중학군":42.42,
            "학군총점":51.936,
            "인구수":11.17,
            "인구증감":-1.81,
            "인구총점":7.276,
            "일자리":8.14,
            "소득수준":73.29,
            "일자리총점":27.685,
            "가치 총점":17.334,
            "매매실거래년":20210924.0,
            "매매실거래가":3700.0,
            "전세실거래년":20210927.0,
            "전세실거래가":6000.0,
            "전세가율":162.16,
            "장기전세가율평균":73.17,
            "전세가율거품지수":-88.99,
            "검색코드":15596,
            "세대수":156.0,
            "준공년월":"1993-01-14",
            "준공년차":30.0,
            "가까운역이름":"NA",
            "가까운역거리":"NA",
            "역세권여부":"NA",
            "30분이내주요거점역":"NA",
            "30분거점역이름":"NA",
            "1시간이내주요거점역":"NA",
            "1시간거점역이름":"NA",
            "3km이내백화점수":0,
            "5km이내아울렛몰수":0,
            "1km이내대형먀트수":0,
            "500m이내은행수":0,
            "500m이내병원수":5,
            "5km이내대형병원수":0,
            "500m이내공원수":0,
            "3km이내혐오시설수":0,
            "초등학교학업성취도":90.0,
            "중학교학업성취도":70.7,
            "용적률":287,
            "건폐율":37,
            "Y":35.079911,
            "X":128.094677,
            "rank":69.0,
            "area_info":"19평(64.57), 21평(70.52), 28평(92.8), 50평(166.36)",
            "last_sales":"2021-09-24,3700.0,19평(64.57)",
            "rank_history":[
                [
                    "202203",
                    69
                ],
                [
                    "202202",
                    42
                ],
                [
                    "202201",
                    37
                ]
            ],
            "rank_gap":-27
        },
        {
            "index":119,
            "아파트명":"신우가든",
            "투자타입":"일반",
            "전용면적(m2)":"46.97",
            "전용면적(평)":"14평",
            "법정동주소":"경상남도 사천시 사천읍 정의리 41-1",
            "도로명주소":"경상남도 사천시 수양로 99-10",
            "세대수":0,
            "입주년차":0,
            "용적률점수":"--",
            "건폐율점수":"--",
            "세대당주차수":0,
            "난방방식":30,
            "공급면적":"--",
            "전용률":"--",
            "욕실수":50,
            "현관타입":10,
            "주거총점":9.0,
            "지역구공급총점":0.0,
            "역세권":"NA",
            "30분내 이동가능 거점":"NA",
            "1시간내 이동가능 거점":"NA",
            "교통총점":"NA",
            "백화점":0,
            "아울렛몰":0,
            "대형마트":0,
            "은행":0,
            "병원":0,
            "종합병원":0,
            "공원":80,
            "혐오시설":0,
            "인프라총점":2.4,
            "초등학군":90.0,
            "중학군":42.42,
            "학군총점":51.936,
            "인구수":11.17,
            "인구증감":-1.81,
            "인구총점":7.276,
            "일자리":8.14,
            "소득수준":73.29,
            "일자리총점":27.685,
            "가치 총점":17.094,
            "매매실거래년":20220107.0,
            "매매실거래가":3550.0,
            "전세실거래년":20200601.0,
            "전세실거래가":4500.0,
            "전세가율":126.76,
            "장기전세가율평균":73.17,
            "전세가율거품지수":-53.59,
            "검색코드":6964,
            "세대수":100.0,
            "준공년월":"1996-12-27",
            "준공년차":27.0,
            "가까운역이름":"NA",
            "가까운역거리":"NA",
            "역세권여부":"NA",
            "30분이내주요거점역":"NA",
            "30분거점역이름":"NA",
            "1시간이내주요거점역":"NA",
            "1시간거점역이름":"NA",
            "3km이내백화점수":0,
            "5km이내아울렛몰수":0,
            "1km이내대형먀트수":0,
            "500m이내은행수":0,
            "500m이내병원수":1,
            "5km이내대형병원수":0,
            "500m이내공원수":1,
            "3km이내혐오시설수":0,
            "초등학교학업성취도":90.0,
            "중학교학업성취도":70.7,
            "용적률":0,
            "건폐율":0,
            "Y":35.087943,
            "X":128.09416,
            "rank":70.0,
            "area_info":"14평(46.97), 18평(61.57), 19평(63.02), 19평(65.9), 21평(72.61)",
            "last_sales":"2022-01-07,3550.0,14평(46.97)",
            "rank_history":[
                [
                    "202203",
                    70
                ],
                [
                    "202202",
                    43
                ],
                [
                    "202201",
                    38
                ]
            ],
            "rank_gap":-27
        },
        {
            "index":96,
            "아파트명":"대명",
            "투자타입":"재건축",
            "전용면적(m2)":"44.17",
            "전용면적(평)":"13평",
            "법정동주소":"경상남도 사천시 사천읍 정의리 192-2",
            "도로명주소":"경상남도 사천시 수양로 88-4",
            "세대수":0,
            "입주년차":"--",
            "용적률점수":0,
            "건폐율점수":0,
            "세대당주차수":"--",
            "난방방식":"--",
            "공급면적":50,
            "전용률":100,
            "욕실수":"--",
            "현관타입":"--",
            "주거총점":7.5,
            "지역구공급총점":0.0,
            "역세권":"NA",
            "30분내 이동가능 거점":"NA",
            "1시간내 이동가능 거점":"NA",
            "교통총점":"NA",
            "백화점":0,
            "아울렛몰":0,
            "대형마트":0,
            "은행":0,
            "병원":10,
            "종합병원":0,
            "공원":80,
            "혐오시설":0,
            "인프라총점":3.4,
            "초등학군":90.0,
            "중학군":42.42,
            "학군총점":51.936,
            "인구수":11.17,
            "인구증감":-1.81,
            "인구총점":7.276,
            "일자리":8.14,
            "소득수준":73.29,
            "일자리총점":27.685,
            "가치 총점":16.969,
            "매매실거래년":20211209.0,
            "매매실거래가":3550.0,
            "전세실거래년":20150112.0,
            "전세실거래가":4000.0,
            "전세가율":72.73,
            "장기전세가율평균":73.17,
            "전세가율거품지수":0.44,
            "검색코드":123574,
            "세대수":60.0,
            "준공년월":"1987",
            "준공년차":36.0,
            "가까운역이름":"NA",
            "가까운역거리":"NA",
            "역세권여부":"NA",
            "30분이내주요거점역":"NA",
            "30분거점역이름":"NA",
            "1시간이내주요거점역":"NA",
            "1시간거점역이름":"NA",
            "3km이내백화점수":0,
            "5km이내아울렛몰수":0,
            "1km이내대형먀트수":0,
            "500m이내은행수":0,
            "500m이내병원수":4,
            "5km이내대형병원수":0,
            "500m이내공원수":1,
            "3km이내혐오시설수":0,
            "초등학교학업성취도":90.0,
            "중학교학업성취도":70.7,
            "용적률":0,
            "건폐율":0,
            "Y":35.086203,
            "X":128.092678,
            "rank":71.0,
            "area_info":"13평(44.17), 16평(55.68), 19평(63.41)",
            "last_sales":"2021-12-09,3550.0,19평(63.41)",
            "rank_history":[
                [
                    "202203",
                    71
                ],
                [
                    "202202",
                    9999
                ]
            ],
            "rank_gap":9999
        },
        {
            "index":125,
            "아파트명":"신진",
            "투자타입":"재건축",
            "전용면적(m2)":"72.36",
            "전용면적(평)":"21평",
            "법정동주소":"경상남도 사천시 사천읍 선인리 300-1",
            "도로명주소":"경상남도 사천시 읍내로 96",
            "세대수":0,
            "입주년차":"--",
            "용적률점수":0,
            "건폐율점수":0,
            "세대당주차수":"--",
            "난방방식":"--",
            "공급면적":50,
            "전용률":100,
            "욕실수":"--",
            "현관타입":"--",
            "주거총점":7.5,
            "지역구공급총점":0.0,
            "역세권":"NA",
            "30분내 이동가능 거점":"NA",
            "1시간내 이동가능 거점":"NA",
            "교통총점":"NA",
            "백화점":0,
            "아울렛몰":0,
            "대형마트":0,
            "은행":0,
            "병원":10,
            "종합병원":0,
            "공원":80,
            "혐오시설":0,
            "인프라총점":3.4,
            "초등학군":90.0,
            "중학군":42.42,
            "학군총점":51.936,
            "인구수":11.17,
            "인구증감":-1.81,
            "인구총점":7.276,
            "일자리":8.14,
            "소득수준":73.29,
            "일자리총점":27.685,
            "가치 총점":16.969,
            "매매실거래년":20201223.0,
            "매매실거래가":9000.0,
            "전세실거래년":20220212.0,
            "전세실거래가":6000.0,
            "전세가율":100.0,
            "장기전세가율평균":73.17,
            "전세가율거품지수":-26.83,
            "검색코드":100798,
            "세대수":85.0,
            "준공년월":"1991-05-31",
            "준공년차":32.0,
            "가까운역이름":"NA",
            "가까운역거리":"NA",
            "역세권여부":"NA",
            "30분이내주요거점역":"NA",
            "30분거점역이름":"NA",
            "1시간이내주요거점역":"NA",
            "1시간거점역이름":"NA",
            "3km이내백화점수":0,
            "5km이내아울렛몰수":0,
            "1km이내대형먀트수":0,
            "500m이내은행수":0,
            "500m이내병원수":3,
            "5km이내대형병원수":0,
            "500m이내공원수":1,
            "3km이내혐오시설수":0,
            "초등학교학업성취도":90.0,
            "중학교학업성취도":70.7,
            "용적률":0,
            "건폐율":0,
            "Y":35.080848,
            "X":128.095007,
            "rank":71.0,
            "area_info":"21평(72.36), 25평(83.89), 25평(85.23), 27평(91.17)",
            "last_sales":"2020-12-23,9000.0,27평(91.17)",
            "rank_history":[
                [
                    "202203",
                    71
                ],
                [
                    "202202",
                    9999
                ]
            ],
            "rank_gap":9999
        },
        {
            "index":9,
            "아파트명":"노산",
            "투자타입":"재건축",
            "전용면적(m2)":"58.47",
            "전용면적(평)":"17평",
            "법정동주소":"경상남도 사천시 동금동 158-19",
            "도로명주소":"경상남도 사천시 동금로 72",
            "세대수":0,
            "입주년차":"--",
            "용적률점수":0,
            "건폐율점수":0,
            "세대당주차수":"--",
            "난방방식":"--",
            "공급면적":50,
            "전용률":80,
            "욕실수":"--",
            "현관타입":"--",
            "주거총점":6.5,
            "지역구공급총점":0.0,
            "역세권":"NA",
            "30분내 이동가능 거점":"NA",
            "1시간내 이동가능 거점":"NA",
            "교통총점":"NA",
            "백화점":0,
            "아울렛몰":0,
            "대형마트":0,
            "은행":0,
            "병원":0,
            "종합병원":0,
            "공원":80,
            "혐오시설":0,
            "인프라총점":2.4,
            "초등학군":90.01,
            "중학군":45.78,
            "학군총점":54.626,
            "인구수":11.17,
            "인구증감":-1.81,
            "인구총점":7.276,
            "일자리":8.14,
            "소득수준":73.29,
            "일자리총점":27.685,
            "가치 총점":16.8915,
            "매매실거래년":20211222.0,
            "매매실거래가":4500.0,
            "전세실거래년":20110413.0,
            "전세실거래가":2800.0,
            "전세가율":62.22,
            "장기전세가율평균":73.17,
            "전세가율거품지수":10.95,
            "검색코드":15575,
            "세대수":100.0,
            "준공년월":"1990-07-26",
            "준공년차":33.0,
            "가까운역이름":"NA",
            "가까운역거리":"NA",
            "역세권여부":"NA",
            "30분이내주요거점역":"NA",
            "30분거점역이름":"NA",
            "1시간이내주요거점역":"NA",
            "1시간거점역이름":"NA",
            "3km이내백화점수":0,
            "5km이내아울렛몰수":0,
            "1km이내대형먀트수":0,
            "500m이내은행수":0,
            "500m이내병원수":1,
            "5km이내대형병원수":0,
            "500m이내공원수":1,
            "3km이내혐오시설수":0,
            "초등학교학업성취도":90.01,
            "중학교학업성취도":76.3,
            "용적률":0,
            "건폐율":0,
            "Y":34.929564,
            "X":128.083274,
            "rank":72.0,
            "area_info":"17평(58.47), 19평(66.0)",
            "last_sales":"2021-12-22,4500.0,17평(58.47)",
            "rank_history":[
                [
                    "202203",
                    72
                ],
                [
                    "202202",
                    44
                ],
                [
                    "202201",
                    44
                ]
            ],
            "rank_gap":-28
        },
        {
            "index":148,
            "아파트명":"효성",
            "투자타입":"재건축",
            "전용면적(m2)":"66.13",
            "전용면적(평)":"20평",
            "법정동주소":"경상남도 사천시 사천읍 수석리 50-3",
            "도로명주소":"경상남도 사천시 구암두문로 41-14",
            "세대수":0,
            "입주년차":"--",
            "용적률점수":0,
            "건폐율점수":0,
            "세대당주차수":"--",
            "난방방식":"--",
            "공급면적":50,
            "전용률":100,
            "욕실수":"--",
            "현관타입":"--",
            "주거총점":7.5,
            "지역구공급총점":0.0,
            "역세권":"NA",
            "30분내 이동가능 거점":"NA",
            "1시간내 이동가능 거점":"NA",
            "교통총점":"NA",
            "백화점":0,
            "아울렛몰":0,
            "대형마트":0,
            "은행":0,
            "병원":0,
            "종합병원":0,
            "공원":80,
            "혐오시설":0,
            "인프라총점":2.4,
            "초등학군":90.0,
            "중학군":42.42,
            "학군총점":51.936,
            "인구수":11.17,
            "인구증감":-1.81,
            "인구총점":7.276,
            "일자리":8.14,
            "소득수준":73.29,
            "일자리총점":27.685,
            "가치 총점":16.569,
            "매매실거래년":20220103.0,
            "매매실거래가":4500.0,
            "전세실거래년":20200207.0,
            "전세실거래가":4500.0,
            "전세가율":91.84,
            "장기전세가율평균":73.17,
            "전세가율거품지수":-18.67,
            "검색코드":103842,
            "세대수":64.0,
            "준공년월":"1992-02-29",
            "준공년차":31.0,
            "가까운역이름":"NA",
            "가까운역거리":"NA",
            "역세권여부":"NA",
            "30분이내주요거점역":"NA",
            "30분거점역이름":"NA",
            "1시간이내주요거점역":"NA",
            "1시간거점역이름":"NA",
            "3km이내백화점수":0,
            "5km이내아울렛몰수":0,
            "1km이내대형먀트수":0,
            "500m이내은행수":0,
            "500m이내병원수":1,
            "5km이내대형병원수":0,
            "500m이내공원수":1,
            "3km이내혐오시설수":0,
            "초등학교학업성취도":90.0,
            "중학교학업성취도":70.7,
            "용적률":0,
            "건폐율":0,
            "Y":35.088143,
            "X":128.091418,
            "rank":73.0,
            "area_info":"20평(66.13), 27평(89.99)",
            "last_sales":"2022-01-03,4500.0,27평(89.99)",
            "rank_history":[
                [
                    "202203",
                    73
                ],
                [
                    "202202",
                    9999
                ]
            ],
            "rank_gap":9999
        },
        {
            "index":150,
            "아파트명":"풍국그린맨션",
            "투자타입":"재건축",
            "전용면적(m2)":"60.96",
            "전용면적(평)":"18평",
            "법정동주소":"경상남도 사천시 서동 83-1",
            "도로명주소":"경상남도 사천시 서동길 21",
            "세대수":0,
            "입주년차":"--",
            "용적률점수":0,
            "건폐율점수":0,
            "세대당주차수":"--",
            "난방방식":"--",
            "공급면적":50,
            "전용률":100,
            "욕실수":"--",
            "현관타입":"--",
            "주거총점":7.5,
            "지역구공급총점":0.0,
            "역세권":"NA",
            "30분내 이동가능 거점":"NA",
            "1시간내 이동가능 거점":"NA",
            "교통총점":"NA",
            "백화점":0,
            "아울렛몰":0,
            "대형마트":0,
            "은행":0,
            "병원":0,
            "종합병원":0,
            "공원":80,
            "혐오시설":0,
            "인프라총점":2.4,
            "초등학군":89.99,
            "중학군":38.58,
            "학군총점":48.862,
            "인구수":11.17,
            "인구증감":-1.81,
            "인구총점":7.276,
            "일자리":8.14,
            "소득수준":73.29,
            "일자리총점":27.685,
            "가치 총점":15.8005,
            "매매실거래년":20220111.0,
            "매매실거래가":4000.0,
            "전세실거래년":null,
            "전세실거래가":null,
            "전세가율":null,
            "장기전세가율평균":73.17,
            "전세가율거품지수":null,
            "검색코드":106417,
            "세대수":100.0,
            "준공년월":"1992-04-20",
            "준공년차":31.0,
            "가까운역이름":"NA",
            "가까운역거리":"NA",
            "역세권여부":"NA",
            "30분이내주요거점역":"NA",
            "30분거점역이름":"NA",
            "1시간이내주요거점역":"NA",
            "1시간거점역이름":"NA",
            "3km이내백화점수":0,
            "5km이내아울렛몰수":0,
            "1km이내대형먀트수":0,
            "500m이내은행수":0,
            "500m이내병원수":1,
            "5km이내대형병원수":0,
            "500m이내공원수":1,
            "3km이내혐오시설수":0,
            "초등학교학업성취도":89.99,
            "중학교학업성취도":64.3,
            "용적률":0,
            "건폐율":0,
            "Y":34.931017,
            "X":128.066549,
            "rank":74.0,
            "area_info":"18평(60.96), 19평(63.57), 19평(66.09), 19평(66.0), 20평(67.65)",
            "last_sales":"2022-01-11,4000.0,19평(66.09)",
            "rank_history":[
                [
                    "202203",
                    74
                ],
                [
                    "202202",
                    45
                ],
                [
                    "202201",
                    45
                ]
            ],
            "rank_gap":-29
        },
        {
            "index":155,
            "아파트명":"화신동백",
            "투자타입":"재건축",
            "전용면적(m2)":"62.4",
            "전용면적(평)":"18평",
            "법정동주소":"경상남도 사천시 서동 178-6",
            "도로명주소":"경상남도 사천시 청널샘터길 35",
            "세대수":0,
            "입주년차":"--",
            "용적률점수":0,
            "건폐율점수":0,
            "세대당주차수":"--",
            "난방방식":"--",
            "공급면적":50,
            "전용률":100,
            "욕실수":"--",
            "현관타입":"--",
            "주거총점":7.5,
            "지역구공급총점":0.0,
            "역세권":"NA",
            "30분내 이동가능 거점":"NA",
            "1시간내 이동가능 거점":"NA",
            "교통총점":"NA",
            "백화점":0,
            "아울렛몰":0,
            "대형마트":0,
            "은행":0,
            "병원":0,
            "종합병원":0,
            "공원":80,
            "혐오시설":0,
            "인프라총점":2.4,
            "초등학군":89.99,
            "중학군":38.58,
            "학군총점":48.862,
            "인구수":11.17,
            "인구증감":-1.81,
            "인구총점":7.276,
            "일자리":8.14,
            "소득수준":73.29,
            "일자리총점":27.685,
            "가치 총점":15.8005,
            "매매실거래년":20210726.0,
            "매매실거래가":7200.0,
            "전세실거래년":null,
            "전세실거래가":null,
            "전세가율":null,
            "장기전세가율평균":73.17,
            "전세가율거품지수":null,
            "검색코드":117001,
            "세대수":50.0,
            "준공년월":"1989-08-24",
            "준공년차":34.0,
            "가까운역이름":"NA",
            "가까운역거리":"NA",
            "역세권여부":"NA",
            "30분이내주요거점역":"NA",
            "30분거점역이름":"NA",
            "1시간이내주요거점역":"NA",
            "1시간거점역이름":"NA",
            "3km이내백화점수":0,
            "5km이내아울렛몰수":0,
            "1km이내대형먀트수":0,
            "500m이내은행수":0,
            "500m이내병원수":1,
            "5km이내대형병원수":0,
            "500m이내공원수":1,
            "3km이내혐오시설수":0,
            "초등학교학업성취도":89.99,
            "중학교학업성취도":64.3,
            "용적률":0,
            "건폐율":0,
            "Y":34.929313,
            "X":128.064462,
            "rank":74.0,
            "area_info":"18평(62.4), 19평(65.04), 20평(66.66), 22평(75.24), 24평(81.57)",
            "last_sales":"2021-07-26,7200.0,22평(75.24)",
            "rank_history":[
                [
                    "202203",
                    74
                ],
                [
                    "202202",
                    9999
                ]
            ],
            "rank_gap":9999
        }
    ]
}