{
    "schema":{
        "fields":[
            {
                "name":"index",
                "type":"integer"
            },
            {
                "name":"아파트명",
                "type":"string"
            },
            {
                "name":"투자타입",
                "type":"string"
            },
            {
                "name":"전용면적(m2)",
                "type":"string"
            },
            {
                "name":"전용면적(평)",
                "type":"string"
            },
            {
                "name":"법정동주소",
                "type":"string"
            },
            {
                "name":"도로명주소",
                "type":"string"
            },
            {
                "name":"세대수",
                "type":"integer"
            },
            {
                "name":"입주년차",
                "type":"string"
            },
            {
                "name":"용적률점수",
                "type":"string"
            },
            {
                "name":"건폐율점수",
                "type":"string"
            },
            {
                "name":"세대당주차수",
                "type":"string"
            },
            {
                "name":"난방방식",
                "type":"string"
            },
            {
                "name":"공급면적",
                "type":"string"
            },
            {
                "name":"전용률",
                "type":"string"
            },
            {
                "name":"욕실수",
                "type":"string"
            },
            {
                "name":"현관타입",
                "type":"string"
            },
            {
                "name":"주거총점",
                "type":"number"
            },
            {
                "name":"지역구공급총점",
                "type":"number"
            },
            {
                "name":"역세권",
                "type":"string"
            },
            {
                "name":"30분내 이동가능 거점",
                "type":"string"
            },
            {
                "name":"1시간내 이동가능 거점",
                "type":"string"
            },
            {
                "name":"교통총점",
                "type":"string"
            },
            {
                "name":"백화점",
                "type":"integer"
            },
            {
                "name":"아울렛몰",
                "type":"integer"
            },
            {
                "name":"대형마트",
                "type":"integer"
            },
            {
                "name":"은행",
                "type":"integer"
            },
            {
                "name":"병원",
                "type":"integer"
            },
            {
                "name":"종합병원",
                "type":"integer"
            },
            {
                "name":"공원",
                "type":"integer"
            },
            {
                "name":"혐오시설",
                "type":"integer"
            },
            {
                "name":"인프라총점",
                "type":"number"
            },
            {
                "name":"초등학군",
                "type":"number"
            },
            {
                "name":"중학군",
                "type":"number"
            },
            {
                "name":"학군총점",
                "type":"number"
            },
            {
                "name":"인구수",
                "type":"number"
            },
            {
                "name":"인구증감",
                "type":"number"
            },
            {
                "name":"인구총점",
                "type":"number"
            },
            {
                "name":"일자리",
                "type":"number"
            },
            {
                "name":"소득수준",
                "type":"number"
            },
            {
                "name":"일자리총점",
                "type":"number"
            },
            {
                "name":"가치 총점",
                "type":"number"
            },
            {
                "name":"매매실거래년",
                "type":"string"
            },
            {
                "name":"매매실거래가",
                "type":"number"
            },
            {
                "name":"전세실거래년",
                "type":"number"
            },
            {
                "name":"전세실거래가",
                "type":"number"
            },
            {
                "name":"전세가율",
                "type":"number"
            },
            {
                "name":"장기전세가율평균",
                "type":"number"
            },
            {
                "name":"전세가율거품지수",
                "type":"number"
            },
            {
                "name":"검색코드",
                "type":"integer"
            },
            {
                "name":"세대수",
                "type":"number"
            },
            {
                "name":"준공년월",
                "type":"string"
            },
            {
                "name":"준공년차",
                "type":"number"
            },
            {
                "name":"가까운역이름",
                "type":"string"
            },
            {
                "name":"가까운역거리",
                "type":"string"
            },
            {
                "name":"역세권여부",
                "type":"string"
            },
            {
                "name":"30분이내주요거점역",
                "type":"string"
            },
            {
                "name":"30분거점역이름",
                "type":"string"
            },
            {
                "name":"1시간이내주요거점역",
                "type":"string"
            },
            {
                "name":"1시간거점역이름",
                "type":"string"
            },
            {
                "name":"3km이내백화점수",
                "type":"integer"
            },
            {
                "name":"5km이내아울렛몰수",
                "type":"integer"
            },
            {
                "name":"1km이내대형먀트수",
                "type":"integer"
            },
            {
                "name":"500m이내은행수",
                "type":"integer"
            },
            {
                "name":"500m이내병원수",
                "type":"integer"
            },
            {
                "name":"5km이내대형병원수",
                "type":"integer"
            },
            {
                "name":"500m이내공원수",
                "type":"integer"
            },
            {
                "name":"3km이내혐오시설수",
                "type":"integer"
            },
            {
                "name":"초등학교학업성취도",
                "type":"number"
            },
            {
                "name":"중학교학업성취도",
                "type":"number"
            },
            {
                "name":"용적률",
                "type":"integer"
            },
            {
                "name":"건폐율",
                "type":"integer"
            },
            {
                "name":"Y",
                "type":"number"
            },
            {
                "name":"X",
                "type":"number"
            },
            {
                "name":"rank",
                "type":"number"
            },
            {
                "name":"area_info",
                "type":"string"
            },
            {
                "name":"last_sales",
                "type":"string"
            },
            {
                "name":"rank_history",
                "type":"string"
            },
            {
                "name":"rank_gap",
                "type":"integer"
            }
        ],
        "primaryKey":[
            "index"
        ],
        "pandas_version":"1.4.0"
    },
    "data":[
        {
            "index":313,
            "아파트명":"현대맨션1차",
            "투자타입":"재건축",
            "전용면적(m2)":"98.51",
            "전용면적(평)":"29평",
            "법정동주소":"제주도 서귀포시 법환동 749-1",
            "도로명주소":"제주도 서귀포시 신서귀로 10",
            "세대수":0,
            "입주년차":"--",
            "용적률점수":100,
            "건폐율점수":60,
            "세대당주차수":"--",
            "난방방식":"--",
            "공급면적":70,
            "전용률":60,
            "욕실수":"--",
            "현관타입":"--",
            "주거총점":58.5,
            "지역구공급총점":100.0,
            "역세권":"NA",
            "30분내 이동가능 거점":"NA",
            "1시간내 이동가능 거점":"NA",
            "교통총점":"NA",
            "백화점":0,
            "아울렛몰":0,
            "대형마트":100,
            "은행":20,
            "병원":0,
            "종합병원":80,
            "공원":100,
            "혐오시설":0,
            "인프라총점":36.0,
            "초등학군":90.0,
            "중학군":47.42,
            "학군총점":55.936,
            "인구수":18.98,
            "인구증감":8.98,
            "인구총점":15.98,
            "일자리":14.55,
            "소득수준":52.75,
            "일자리총점":26.01,
            "가치 총점":48.859,
            "매매실거래년":"18000101",
            "매매실거래가":null,
            "전세실거래년":null,
            "전세실거래가":null,
            "전세가율":null,
            "장기전세가율평균":66.82,
            "전세가율거품지수":null,
            "검색코드":15141,
            "세대수":156.0,
            "준공년월":"1992-12-21",
            "준공년차":31.0,
            "가까운역이름":"NA",
            "가까운역거리":"NA",
            "역세권여부":"NA",
            "30분이내주요거점역":"NA",
            "30분거점역이름":"NA",
            "1시간이내주요거점역":"NA",
            "1시간거점역이름":"NA",
            "3km이내백화점수":0,
            "5km이내아울렛몰수":0,
            "1km이내대형먀트수":2,
            "500m이내은행수":2,
            "500m이내병원수":0,
            "5km이내대형병원수":1,
            "500m이내공원수":5,
            "3km이내혐오시설수":0,
            "초등학교학업성취도":90.0,
            "중학교학업성취도":77.7,
            "용적률":84,
            "건폐율":32,
            "Y":33.249731,
            "X":126.510995,
            "rank":1.0,
            "area_info":"29평(98.51), 31평(104.05), 34평(113.24), 34평(113.36), 34평(113.18)",
            "last_sales":"1800-01-01,nan,29평(98.51)",
            "rank_history":[
                [
                    "202203",
                    1
                ],
                [
                    "202202",
                    1
                ],
                [
                    "202201",
                    1
                ]
            ],
            "rank_gap":0
        },
        {
            "index":354,
            "아파트명":"제주서귀포혁신도시LH2단지",
            "투자타입":"일반",
            "전용면적(m2)":"95.52",
            "전용면적(평)":"28평",
            "법정동주소":"제주도 서귀포시 서호동 1545",
            "도로명주소":"제주도 서귀포시 서호남로 92-16",
            "세대수":50,
            "입주년차":80,
            "용적률점수":"--",
            "건폐율점수":"--",
            "세대당주차수":30,
            "난방방식":30,
            "공급면적":"--",
            "전용률":"--",
            "욕실수":100,
            "현관타입":100,
            "주거총점":61.0,
            "지역구공급총점":100.0,
            "역세권":"NA",
            "30분내 이동가능 거점":"NA",
            "1시간내 이동가능 거점":"NA",
            "교통총점":"NA",
            "백화점":0,
            "아울렛몰":0,
            "대형마트":80,
            "은행":0,
            "병원":0,
            "종합병원":80,
            "공원":100,
            "혐오시설":0,
            "인프라총점":31.0,
            "초등학군":90.0,
            "중학군":47.42,
            "학군총점":55.936,
            "인구수":18.98,
            "인구증감":8.98,
            "인구총점":15.98,
            "일자리":14.55,
            "소득수준":52.75,
            "일자리총점":26.01,
            "가치 총점":47.734,
            "매매실거래년":20220222.0,
            "매매실거래가":54500.0,
            "전세실거래년":20220217.0,
            "전세실거래가":25000.0,
            "전세가율":57.08,
            "장기전세가율평균":66.82,
            "전세가율거품지수":9.74,
            "검색코드":107706,
            "세대수":548.0,
            "준공년월":"2015-09-01",
            "준공년차":8.0,
            "가까운역이름":"NA",
            "가까운역거리":"NA",
            "역세권여부":"NA",
            "30분이내주요거점역":"NA",
            "30분거점역이름":"NA",
            "1시간이내주요거점역":"NA",
            "1시간거점역이름":"NA",
            "3km이내백화점수":0,
            "5km이내아울렛몰수":0,
            "1km이내대형먀트수":1,
            "500m이내은행수":0,
            "500m이내병원수":0,
            "5km이내대형병원수":1,
            "500m이내공원수":2,
            "3km이내혐오시설수":0,
            "초등학교학업성취도":90.0,
            "중학교학업성취도":77.7,
            "용적률":114,
            "건폐율":13,
            "Y":33.248839,
            "X":126.520952,
            "rank":2.0,
            "area_info":"28평(95.52), 32평(108.26), 32평(108.21), 32평(108.26)",
            "last_sales":"2022-02-22,54500.0,32평(108.26)",
            "rank_history":[
                [
                    "202203",
                    2
                ],
                [
                    "202202",
                    2
                ],
                [
                    "202201",
                    7
                ]
            ],
            "rank_gap":0
        },
        {
            "index":150,
            "아파트명":"동홍주공2단지",
            "투자타입":"재건축",
            "전용면적(m2)":"45.54",
            "전용면적(평)":"13평",
            "법정동주소":"제주도 서귀포시 동홍동 119",
            "도로명주소":"제주도 서귀포시 동홍중앙로 30",
            "세대수":30,
            "입주년차":"--",
            "용적률점수":100,
            "건폐율점수":80,
            "세대당주차수":"--",
            "난방방식":"--",
            "공급면적":50,
            "전용률":80,
            "욕실수":"--",
            "현관타입":"--",
            "주거총점":71.5,
            "지역구공급총점":100.0,
            "역세권":"NA",
            "30분내 이동가능 거점":"NA",
            "1시간내 이동가능 거점":"NA",
            "교통총점":"NA",
            "백화점":0,
            "아울렛몰":0,
            "대형마트":0,
            "은행":0,
            "병원":0,
            "종합병원":80,
            "공원":100,
            "혐오시설":0,
            "인프라총점":19.0,
            "초등학군":89.99,
            "중학군":43.6,
            "학군총점":52.878,
            "인구수":18.98,
            "인구증감":8.98,
            "인구총점":15.98,
            "일자리":14.55,
            "소득수준":52.75,
            "일자리총점":26.01,
            "가치 총점":45.8445,
            "매매실거래년":20211229.0,
            "매매실거래가":19500.0,
            "전세실거래년":20210911.0,
            "전세실거래가":12000.0,
            "전세가율":61.54,
            "장기전세가율평균":66.82,
            "전세가율거품지수":5.28,
            "검색코드":7765,
            "세대수":300.0,
            "준공년월":"1990-12-17",
            "준공년차":33.0,
            "가까운역이름":"NA",
            "가까운역거리":"NA",
            "역세권여부":"NA",
            "30분이내주요거점역":"NA",
            "30분거점역이름":"NA",
            "1시간이내주요거점역":"NA",
            "1시간거점역이름":"NA",
            "3km이내백화점수":0,
            "5km이내아울렛몰수":0,
            "1km이내대형먀트수":0,
            "500m이내은행수":1,
            "500m이내병원수":0,
            "5km이내대형병원수":1,
            "500m이내공원수":6,
            "3km이내혐오시설수":0,
            "초등학교학업성취도":89.99,
            "중학교학업성취도":72.4,
            "용적률":94,
            "건폐율":22,
            "Y":33.253922,
            "X":126.572503,
            "rank":3.0,
            "area_info":"13평(45.54), 13평(45.15), 15평(52.53), 15평(52.86)",
            "last_sales":"2021-12-29,19500.0,13평(45.54)",
            "rank_history":[
                [
                    "202203",
                    3
                ],
                [
                    "202202",
                    3
                ],
                [
                    "202201",
                    2
                ]
            ],
            "rank_gap":0
        },
        {
            "index":358,
            "아파트명":"제주서귀포혁신도시엘에이치1단지",
            "투자타입":"일반",
            "전용면적(m2)":"79.75",
            "전용면적(평)":"24평",
            "법정동주소":"제주도 서귀포시 서호동 1540",
            "도로명주소":"제주도 서귀포시 서호남로 92-15",
            "세대수":50,
            "입주년차":60,
            "용적률점수":"--",
            "건폐율점수":"--",
            "세대당주차수":0,
            "난방방식":30,
            "공급면적":"--",
            "전용률":"--",
            "욕실수":100,
            "현관타입":100,
            "주거총점":52.5,
            "지역구공급총점":100.0,
            "역세권":"NA",
            "30분내 이동가능 거점":"NA",
            "1시간내 이동가능 거점":"NA",
            "교통총점":"NA",
            "백화점":0,
            "아울렛몰":0,
            "대형마트":80,
            "은행":0,
            "병원":0,
            "종합병원":80,
            "공원":80,
            "혐오시설":0,
            "인프라총점":30.4,
            "초등학군":90.0,
            "중학군":47.42,
            "학군총점":55.936,
            "인구수":18.98,
            "인구증감":8.98,
            "인구총점":15.98,
            "일자리":14.55,
            "소득수준":52.75,
            "일자리총점":26.01,
            "가치 총점":44.519,
            "매매실거래년":20220224.0,
            "매매실거래가":35000.0,
            "전세실거래년":20201102.0,
            "전세실거래가":17000.0,
            "전세가율":48.57,
            "장기전세가율평균":66.82,
            "전세가율거품지수":18.25,
            "검색코드":105007,
            "세대수":450.0,
            "준공년월":"2013-12-27",
            "준공년차":10.0,
            "가까운역이름":"NA",
            "가까운역거리":"NA",
            "역세권여부":"NA",
            "30분이내주요거점역":"NA",
            "30분거점역이름":"NA",
            "1시간이내주요거점역":"NA",
            "1시간거점역이름":"NA",
            "3km이내백화점수":0,
            "5km이내아울렛몰수":0,
            "1km이내대형먀트수":1,
            "500m이내은행수":0,
            "500m이내병원수":0,
            "5km이내대형병원수":1,
            "500m이내공원수":1,
            "3km이내혐오시설수":0,
            "초등학교학업성취도":90.0,
            "중학교학업성취도":77.7,
            "용적률":119,
            "건폐율":15,
            "Y":33.248998,
            "X":126.523009,
            "rank":4.0,
            "area_info":"24평(79.75), 29평(98.78), 33평(111.65), 33평(111.68), 34평(112.89)",
            "last_sales":"2022-02-24,35000.0,24평(79.75)",
            "rank_history":[
                [
                    "202203",
                    4
                ],
                [
                    "202202",
                    4
                ],
                [
                    "202201",
                    10
                ]
            ],
            "rank_gap":0
        },
        {
            "index":372,
            "아파트명":"서강파인힐6차",
            "투자타입":"일반",
            "전용면적(m2)":"102.45",
            "전용면적(평)":"30평",
            "법정동주소":"제주도 서귀포시 서홍동 2598",
            "도로명주소":"제주도 서귀포시 홍중로 119-2",
            "세대수":0,
            "입주년차":100,
            "용적률점수":"--",
            "건폐율점수":"--",
            "세대당주차수":80,
            "난방방식":30,
            "공급면적":"--",
            "전용률":"--",
            "욕실수":100,
            "현관타입":100,
            "주거총점":55.0,
            "지역구공급총점":100.0,
            "역세권":"NA",
            "30분내 이동가능 거점":"NA",
            "1시간내 이동가능 거점":"NA",
            "교통총점":"NA",
            "백화점":0,
            "아울렛몰":0,
            "대형마트":80,
            "은행":0,
            "병원":0,
            "종합병원":80,
            "공원":0,
            "혐오시설":0,
            "인프라총점":28.0,
            "초등학군":90.0,
            "중학군":47.52,
            "학군총점":56.016,
            "인구수":18.98,
            "인구증감":8.98,
            "인구총점":15.98,
            "일자리":14.55,
            "소득수준":52.75,
            "일자리총점":26.01,
            "가치 총점":44.454,
            "매매실거래년":20220203.0,
            "매매실거래가":40000.0,
            "전세실거래년":null,
            "전세실거래가":null,
            "전세가율":null,
            "장기전세가율평균":66.82,
            "전세가율거품지수":null,
            "검색코드":125565,
            "세대수":130.0,
            "준공년월":"2020-12-07",
            "준공년차":3.0,
            "가까운역이름":"NA",
            "가까운역거리":"NA",
            "역세권여부":"NA",
            "30분이내주요거점역":"NA",
            "30분거점역이름":"NA",
            "1시간이내주요거점역":"NA",
            "1시간거점역이름":"NA",
            "3km이내백화점수":0,
            "5km이내아울렛몰수":0,
            "1km이내대형먀트수":1,
            "500m이내은행수":0,
            "500m이내병원수":0,
            "5km이내대형병원수":1,
            "500m이내공원수":0,
            "3km이내혐오시설수":0,
            "초등학교학업성취도":90.0,
            "중학교학업성취도":78.0,
            "용적률":238,
            "건폐율":45,
            "Y":33.263469,
            "X":126.555054,
            "rank":5.0,
            "area_info":"30평(102.45), 31평(105.31), 31평(105.42), 32평(106.53), 32평(106.97), 39평(130.03), 42평(140.6), 50평(165.87)",
            "last_sales":"2022-02-03,40000.0,31평(105.31)",
            "rank_history":[
                [
                    "202203",
                    5
                ],
                [
                    "202202",
                    5
                ],
                [
                    "202201",
                    3
                ]
            ],
            "rank_gap":0
        },
        {
            "index":138,
            "아파트명":"동홍동센트레빌",
            "투자타입":"일반",
            "전용면적(m2)":"77.42",
            "전용면적(평)":"23평",
            "법정동주소":"제주도 서귀포시 동홍동 1369",
            "도로명주소":"제주도 서귀포시 중앙로182번길 40",
            "세대수":0,
            "입주년차":100,
            "용적률점수":"--",
            "건폐율점수":"--",
            "세대당주차수":30,
            "난방방식":30,
            "공급면적":"--",
            "전용률":"--",
            "욕실수":100,
            "현관타입":100,
            "주거총점":47.5,
            "지역구공급총점":100.0,
            "역세권":"NA",
            "30분내 이동가능 거점":"NA",
            "1시간내 이동가능 거점":"NA",
            "교통총점":"NA",
            "백화점":0,
            "아울렛몰":0,
            "대형마트":80,
            "은행":0,
            "병원":0,
            "종합병원":80,
            "공원":100,
            "혐오시설":0,
            "인프라총점":31.0,
            "초등학군":90.0,
            "중학군":49.58,
            "학군총점":57.664,
            "인구수":18.98,
            "인구증감":8.98,
            "인구총점":15.98,
            "일자리":14.55,
            "소득수준":52.75,
            "일자리총점":26.01,
            "가치 총점":43.441,
            "매매실거래년":20220222.0,
            "매매실거래가":46896.0,
            "전세실거래년":null,
            "전세실거래가":null,
            "전세가율":null,
            "장기전세가율평균":66.82,
            "전세가율거품지수":null,
            "검색코드":129307,
            "세대수":212.0,
            "준공년월":"2021-11-01",
            "준공년차":2.0,
            "가까운역이름":"NA",
            "가까운역거리":"NA",
            "역세권여부":"NA",
            "30분이내주요거점역":"NA",
            "30분거점역이름":"NA",
            "1시간이내주요거점역":"NA",
            "1시간거점역이름":"NA",
            "3km이내백화점수":0,
            "5km이내아울렛몰수":0,
            "1km이내대형먀트수":1,
            "500m이내은행수":0,
            "500m이내병원수":0,
            "5km이내대형병원수":1,
            "500m이내공원수":3,
            "3km이내혐오시설수":0,
            "초등학교학업성취도":90.0,
            "중학교학업성취도":81.5,
            "용적률":0,
            "건폐율":0,
            "Y":33.261586,
            "X":126.563433,
            "rank":6.0,
            "area_info":"23평(77.42), 30평(101.47), 33평(109.21), 33평(109.48)",
            "last_sales":"2022-02-22,46896.0,33평(109.21)",
            "rank_history":[
                [
                    "202203",
                    6
                ],
                [
                    "202202",
                    6
                ],
                [
                    "202201",
                    5
                ]
            ],
            "rank_gap":0
        },
        {
            "index":157,
            "아파트명":"동홍주공5단지",
            "투자타입":"일반",
            "전용면적(m2)":"47.83",
            "전용면적(평)":"14평",
            "법정동주소":"제주도 서귀포시 동홍동 1674",
            "도로명주소":"제주도 서귀포시 중산간동로 8002",
            "세대수":80,
            "입주년차":20,
            "용적률점수":"--",
            "건폐율점수":"--",
            "세대당주차수":0,
            "난방방식":30,
            "공급면적":"--",
            "전용률":"--",
            "욕실수":50,
            "현관타입":100,
            "주거총점":50.0,
            "지역구공급총점":100.0,
            "역세권":"NA",
            "30분내 이동가능 거점":"NA",
            "1시간내 이동가능 거점":"NA",
            "교통총점":"NA",
            "백화점":0,
            "아울렛몰":0,
            "대형마트":80,
            "은행":0,
            "병원":0,
            "종합병원":80,
            "공원":80,
            "혐오시설":0,
            "인프라총점":30.4,
            "초등학군":90.0,
            "중학군":46.04,
            "학군총점":54.832,
            "인구수":18.98,
            "인구증감":8.98,
            "인구총점":15.98,
            "일자리":14.55,
            "소득수준":52.75,
            "일자리총점":26.01,
            "가치 총점":43.368,
            "매매실거래년":20220216.0,
            "매매실거래가":15800.0,
            "전세실거래년":20211215.0,
            "전세실거래가":10000.0,
            "전세가율":63.29,
            "장기전세가율평균":66.82,
            "전세가율거품지수":3.53,
            "검색코드":7773,
            "세대수":830.0,
            "준공년월":"1999-04-16",
            "준공년차":24.0,
            "가까운역이름":"NA",
            "가까운역거리":"NA",
            "역세권여부":"NA",
            "30분이내주요거점역":"NA",
            "30분거점역이름":"NA",
            "1시간이내주요거점역":"NA",
            "1시간거점역이름":"NA",
            "3km이내백화점수":0,
            "5km이내아울렛몰수":0,
            "1km이내대형먀트수":1,
            "500m이내은행수":0,
            "500m이내병원수":0,
            "5km이내대형병원수":1,
            "500m이내공원수":1,
            "3km이내혐오시설수":0,
            "초등학교학업성취도":90.0,
            "중학교학업성취도":76.2,
            "용적률":94,
            "건폐율":26,
            "Y":33.265729,
            "X":126.562738,
            "rank":7.0,
            "area_info":"14평(47.83), 14평(47.67), 18평(59.94), 18평(60.06)",
            "last_sales":"2022-02-16,15800.0,14평(47.83)",
            "rank_history":[
                [
                    "202203",
                    7
                ],
                [
                    "202202",
                    7
                ],
                [
                    "202201",
                    6
                ]
            ],
            "rank_gap":0
        },
        {
            "index":426,
            "아파트명":"프리미엄성보파크",
            "투자타입":"일반",
            "전용면적(m2)":"107.19",
            "전용면적(평)":"32평",
            "법정동주소":"제주도 서귀포시 서홍동 2595",
            "도로명주소":"제주도 서귀포시 중산간동로 8022",
            "세대수":0,
            "입주년차":100,
            "용적률점수":"--",
            "건폐율점수":"--",
            "세대당주차수":30,
            "난방방식":30,
            "공급면적":"--",
            "전용률":"--",
            "욕실수":100,
            "현관타입":100,
            "주거총점":47.5,
            "지역구공급총점":100.0,
            "역세권":"NA",
            "30분내 이동가능 거점":"NA",
            "1시간내 이동가능 거점":"NA",
            "교통총점":"NA",
            "백화점":0,
            "아울렛몰":0,
            "대형마트":80,
            "은행":0,
            "병원":0,
            "종합병원":80,
            "공원":80,
            "혐오시설":0,
            "인프라총점":30.4,
            "초등학군":90.0,
            "중학군":49.58,
            "학군총점":57.664,
            "인구수":18.98,
            "인구증감":8.98,
            "인구총점":15.98,
            "일자리":14.55,
            "소득수준":52.75,
            "일자리총점":26.01,
            "가치 총점":43.201,
            "매매실거래년":20210628.0,
            "매매실거래가":29000.0,
            "전세실거래년":null,
            "전세실거래가":null,
            "전세가율":null,
            "장기전세가율평균":66.82,
            "전세가율거품지수":null,
            "검색코드":125449,
            "세대수":53.0,
            "준공년월":"2019-03-08",
            "준공년차":4.0,
            "가까운역이름":"NA",
            "가까운역거리":"NA",
            "역세권여부":"NA",
            "30분이내주요거점역":"NA",
            "30분거점역이름":"NA",
            "1시간이내주요거점역":"NA",
            "1시간거점역이름":"NA",
            "3km이내백화점수":0,
            "5km이내아울렛몰수":0,
            "1km이내대형먀트수":1,
            "500m이내은행수":0,
            "500m이내병원수":0,
            "5km이내대형병원수":1,
            "500m이내공원수":1,
            "3km이내혐오시설수":0,
            "초등학교학업성취도":90.0,
            "중학교학업성취도":81.5,
            "용적률":240,
            "건폐율":40,
            "Y":33.264634,
            "X":126.559805,
            "rank":8.0,
            "area_info":"32평(107.19), 32평(108.9), 33평(110.94), 34평(112.97)",
            "last_sales":"2021-06-28,29000.0,32평(108.9)",
            "rank_history":[
                [
                    "202203",
                    8
                ],
                [
                    "202202",
                    9999
                ]
            ],
            "rank_gap":9999
        },
        {
            "index":417,
            "아파트명":"온주빌리지(도시형)",
            "투자타입":"일반",
            "전용면적(m2)":"76.92",
            "전용면적(평)":"23평",
            "법정동주소":"제주도 서귀포시 서홍동 1142",
            "도로명주소":"제주도 서귀포시 하논로 29-16",
            "세대수":0,
            "입주년차":80,
            "용적률점수":"--",
            "건폐율점수":"--",
            "세대당주차수":30,
            "난방방식":30,
            "공급면적":"--",
            "전용률":"--",
            "욕실수":100,
            "현관타입":100,
            "주거총점":43.5,
            "지역구공급총점":100.0,
            "역세권":"NA",
            "30분내 이동가능 거점":"NA",
            "1시간내 이동가능 거점":"NA",
            "교통총점":"NA",
            "백화점":0,
            "아울렛몰":0,
            "대형마트":100,
            "은행":0,
            "병원":0,
            "종합병원":80,
            "공원":0,
            "혐오시설":0,
            "인프라총점":31.0,
            "초등학군":90.02,
            "중학군":47.52,
            "학군총점":56.02,
            "인구수":18.98,
            "인구증감":8.98,
            "인구총점":15.98,
            "일자리":14.55,
            "소득수준":52.75,
            "일자리총점":26.01,
            "가치 총점":41.63,
            "매매실거래년":"18000101",
            "매매실거래가":null,
            "전세실거래년":null,
            "전세실거래가":null,
            "전세가율":null,
            "장기전세가율평균":66.82,
            "전세가율거품지수":null,
            "검색코드":111835,
            "세대수":72.0,
            "준공년월":"2015-02-12",
            "준공년차":8.0,
            "가까운역이름":"NA",
            "가까운역거리":"NA",
            "역세권여부":"NA",
            "30분이내주요거점역":"NA",
            "30분거점역이름":"NA",
            "1시간이내주요거점역":"NA",
            "1시간거점역이름":"NA",
            "3km이내백화점수":0,
            "5km이내아울렛몰수":0,
            "1km이내대형먀트수":2,
            "500m이내은행수":0,
            "500m이내병원수":0,
            "5km이내대형병원수":1,
            "500m이내공원수":0,
            "3km이내혐오시설수":0,
            "초등학교학업성취도":90.02,
            "중학교학업성취도":78.0,
            "용적률":58,
            "건폐율":19,
            "Y":33.251996,
            "X":126.550161,
            "rank":9.0,
            "area_info":"23평(76.92)",
            "last_sales":"1800-01-01,nan,23평(76.92)",
            "rank_history":[
                [
                    "202203",
                    9
                ],
                [
                    "202202",
                    9999
                ]
            ],
            "rank_gap":9999
        },
        {
            "index":335,
            "아파트명":"올레더화이트(도시형)",
            "투자타입":"일반",
            "전용면적(m2)":"30.88",
            "전용면적(평)":"9평",
            "법정동주소":"제주도 서귀포시 서귀동 204-40",
            "도로명주소":"제주도 서귀포시 태평로431번길 28",
            "세대수":0,
            "입주년차":80,
            "용적률점수":"--",
            "건폐율점수":"--",
            "세대당주차수":0,
            "난방방식":30,
            "공급면적":"--",
            "전용률":"--",
            "욕실수":50,
            "현관타입":100,
            "주거총점":34.0,
            "지역구공급총점":100.0,
            "역세권":"NA",
            "30분내 이동가능 거점":"NA",
            "1시간내 이동가능 거점":"NA",
            "교통총점":"NA",
            "백화점":0,
            "아울렛몰":0,
            "대형마트":100,
            "은행":70,
            "병원":0,
            "종합병원":80,
            "공원":100,
            "혐오시설":0,
            "인프라총점":41.0,
            "초등학군":90.03,
            "중학군":43.6,
            "학군총점":52.886,
            "인구수":18.98,
            "인구증감":8.98,
            "인구총점":15.98,
            "일자리":14.55,
            "소득수준":52.75,
            "일자리총점":26.01,
            "가치 총점":41.5215,
            "매매실거래년":20200701.0,
            "매매실거래가":8500.0,
            "전세실거래년":20191109.0,
            "전세실거래가":5000.0,
            "전세가율":58.82,
            "장기전세가율평균":66.82,
            "전세가율거품지수":8.0,
            "검색코드":118480,
            "세대수":90.0,
            "준공년월":"2016-03-24",
            "준공년차":7.0,
            "가까운역이름":"NA",
            "가까운역거리":"NA",
            "역세권여부":"NA",
            "30분이내주요거점역":"NA",
            "30분거점역이름":"NA",
            "1시간이내주요거점역":"NA",
            "1시간거점역이름":"NA",
            "3km이내백화점수":0,
            "5km이내아울렛몰수":0,
            "1km이내대형먀트수":2,
            "500m이내은행수":4,
            "500m이내병원수":0,
            "5km이내대형병원수":1,
            "500m이내공원수":3,
            "3km이내혐오시설수":0,
            "초등학교학업성취도":90.03,
            "중학교학업성취도":72.4,
            "용적률":480,
            "건폐율":76,
            "Y":33.248025,
            "X":126.566255,
            "rank":10.0,
            "area_info":"9평(30.88), 9평(32.61), 12평(42.0), 14평(47.59), 14평(49.29), 17평(59.08), 17평(59.37)",
            "last_sales":"2020-07-01,8500.0,9평(30.88)",
            "rank_history":[
                [
                    "202203",
                    10
                ],
                [
                    "202202",
                    9999
                ]
            ],
            "rank_gap":9999
        },
        {
            "index":480,
            "아파트명":"스타팰리스(145-5,도시형)",
            "투자타입":"일반",
            "전용면적(m2)":"81.94",
            "전용면적(평)":"24평",
            "법정동주소":"제주도 서귀포시 신효동 145-5",
            "도로명주소":"제주도 서귀포시 신효중앙로4번길 15",
            "세대수":0,
            "입주년차":100,
            "용적률점수":"--",
            "건폐율점수":"--",
            "세대당주차수":30,
            "난방방식":30,
            "공급면적":"--",
            "전용률":"--",
            "욕실수":100,
            "현관타입":100,
            "주거총점":47.5,
            "지역구공급총점":100.0,
            "역세권":"NA",
            "30분내 이동가능 거점":"NA",
            "1시간내 이동가능 거점":"NA",
            "교통총점":"NA",
            "백화점":0,
            "아울렛몰":0,
            "대형마트":80,
            "은행":0,
            "병원":0,
            "종합병원":80,
            "공원":0,
            "혐오시설":0,
            "인프라총점":28.0,
            "초등학군":89.98,
            "중학군":45.96,
            "학군총점":54.764,
            "인구수":18.98,
            "인구증감":8.98,
            "인구총점":15.98,
            "일자리":14.55,
            "소득수준":52.75,
            "일자리총점":26.01,
            "가치 총점":41.516,
            "매매실거래년":"18000101",
            "매매실거래가":null,
            "전세실거래년":null,
            "전세실거래가":null,
            "전세가율":null,
            "장기전세가율평균":66.82,
            "전세가율거품지수":null,
            "검색코드":132752,
            "세대수":52.0,
            "준공년월":"2019-01-16",
            "준공년차":4.0,
            "가까운역이름":"NA",
            "가까운역거리":"NA",
            "역세권여부":"NA",
            "30분이내주요거점역":"NA",
            "30분거점역이름":"NA",
            "1시간이내주요거점역":"NA",
            "1시간거점역이름":"NA",
            "3km이내백화점수":0,
            "5km이내아울렛몰수":0,
            "1km이내대형먀트수":1,
            "500m이내은행수":0,
            "500m이내병원수":0,
            "5km이내대형병원수":1,
            "500m이내공원수":0,
            "3km이내혐오시설수":0,
            "초등학교학업성취도":89.98,
            "중학교학업성취도":76.6,
            "용적률":114,
            "건폐율":36,
            "Y":33.26473,
            "X":126.615067,
            "rank":11.0,
            "area_info":"24평(81.94), 24평(82.34), 24평(82.44), 29평(98.81)",
            "last_sales":"1800-01-01,nan,24평(81.94)",
            "rank_history":[
                [
                    "202203",
                    11
                ],
                [
                    "202202",
                    9999
                ]
            ],
            "rank_gap":9999
        },
        {
            "index":26,
            "아파트명":"제주강정유승한내들퍼스트오션(4블록)",
            "투자타입":"일반",
            "전용면적(m2)":"112.45",
            "전용면적(평)":"34평",
            "법정동주소":"제주도 서귀포시 강정동 200",
            "도로명주소":"제주도 서귀포시 대청로 34",
            "세대수":50,
            "입주년차":80,
            "용적률점수":"--",
            "건폐율점수":"--",
            "세대당주차수":30,
            "난방방식":30,
            "공급면적":"--",
            "전용률":"--",
            "욕실수":100,
            "현관타입":100,
            "주거총점":61.0,
            "지역구공급총점":100.0,
            "역세권":"NA",
            "30분내 이동가능 거점":"NA",
            "1시간내 이동가능 거점":"NA",
            "교통총점":"NA",
            "백화점":0,
            "아울렛몰":0,
            "대형마트":80,
            "은행":0,
            "병원":0,
            "종합병원":0,
            "공원":100,
            "혐오시설":0,
            "인프라총점":15.0,
            "초등학군":90.0,
            "중학군":47.42,
            "학군총점":55.936,
            "인구수":18.98,
            "인구증감":8.98,
            "인구총점":15.98,
            "일자리":14.55,
            "소득수준":52.75,
            "일자리총점":26.01,
            "가치 총점":41.334,
            "매매실거래년":20220117.0,
            "매매실거래가":72500.0,
            "전세실거래년":20220215.0,
            "전세실거래가":29400.0,
            "전세가율":40.55,
            "장기전세가율평균":66.82,
            "전세가율거품지수":26.27,
            "검색코드":110009,
            "세대수":499.0,
            "준공년월":"2017-03-01",
            "준공년차":6.0,
            "가까운역이름":"NA",
            "가까운역거리":"NA",
            "역세권여부":"NA",
            "30분이내주요거점역":"NA",
            "30분거점역이름":"NA",
            "1시간이내주요거점역":"NA",
            "1시간거점역이름":"NA",
            "3km이내백화점수":0,
            "5km이내아울렛몰수":0,
            "1km이내대형먀트수":1,
            "500m이내은행수":1,
            "500m이내병원수":0,
            "5km이내대형병원수":0,
            "500m이내공원수":5,
            "3km이내혐오시설수":0,
            "초등학교학업성취도":90.0,
            "중학교학업성취도":77.7,
            "용적률":143,
            "건폐율":19,
            "Y":33.251451,
            "X":126.503449,
            "rank":12.0,
            "area_info":"34평(112.45), 34평(112.88), 39평(129.73), 39평(130.04), 42평(138.85)",
            "last_sales":"2022-01-17,72500.0,34평(112.45)",
            "rank_history":[
                [
                    "202203",
                    12
                ],
                [
                    "202202",
                    8
                ],
                [
                    "202201",
                    4
                ]
            ],
            "rank_gap":-4
        },
        {
            "index":8,
            "아파트명":"서귀포강정지구중흥S-클래스",
            "투자타입":"일반",
            "전용면적(m2)":"109.03",
            "전용면적(평)":"32평",
            "법정동주소":"제주도 서귀포시 강정동 195",
            "도로명주소":"제주도 서귀포시 대청로 12",
            "세대수":50,
            "입주년차":80,
            "용적률점수":"--",
            "건폐율점수":"--",
            "세대당주차수":30,
            "난방방식":30,
            "공급면적":"--",
            "전용률":"--",
            "욕실수":100,
            "현관타입":100,
            "주거총점":61.0,
            "지역구공급총점":100.0,
            "역세권":"NA",
            "30분내 이동가능 거점":"NA",
            "1시간내 이동가능 거점":"NA",
            "교통총점":"NA",
            "백화점":0,
            "아울렛몰":0,
            "대형마트":80,
            "은행":0,
            "병원":0,
            "종합병원":0,
            "공원":100,
            "혐오시설":0,
            "인프라총점":15.0,
            "초등학군":90.0,
            "중학군":47.42,
            "학군총점":55.936,
            "인구수":18.98,
            "인구증감":8.98,
            "인구총점":15.98,
            "일자리":14.55,
            "소득수준":52.75,
            "일자리총점":26.01,
            "가치 총점":41.334,
            "매매실거래년":20220122.0,
            "매매실거래가":72000.0,
            "전세실거래년":20220204.0,
            "전세실거래가":30450.0,
            "전세가율":42.29,
            "장기전세가율평균":66.82,
            "전세가율거품지수":24.53,
            "검색코드":109381,
            "세대수":525.0,
            "준공년월":"2016-11-22",
            "준공년차":7.0,
            "가까운역이름":"NA",
            "가까운역거리":"NA",
            "역세권여부":"NA",
            "30분이내주요거점역":"NA",
            "30분거점역이름":"NA",
            "1시간이내주요거점역":"NA",
            "1시간거점역이름":"NA",
            "3km이내백화점수":0,
            "5km이내아울렛몰수":0,
            "1km이내대형먀트수":1,
            "500m이내은행수":0,
            "500m이내병원수":0,
            "5km이내대형병원수":0,
            "500m이내공원수":4,
            "3km이내혐오시설수":0,
            "초등학교학업성취도":90.0,
            "중학교학업성취도":77.7,
            "용적률":139,
            "건폐율":19,
            "Y":33.251781,
            "X":126.500889,
            "rank":12.0,
            "area_info":"32평(109.03)",
            "last_sales":"2022-01-22,72000.0,32평(109.03)",
            "rank_history":[
                [
                    "202203",
                    12
                ],
                [
                    "202202",
                    8
                ],
                [
                    "202201",
                    8
                ]
            ],
            "rank_gap":-4
        },
        {
            "index":380,
            "아파트명":"서홍동헤리티지",
            "투자타입":"일반",
            "전용면적(m2)":"66.42",
            "전용면적(평)":"20평",
            "법정동주소":"제주도 서귀포시 서홍동 2597",
            "도로명주소":"제주도 서귀포시 중앙로195번길 16-8",
            "세대수":0,
            "입주년차":100,
            "용적률점수":"--",
            "건폐율점수":"--",
            "세대당주차수":30,
            "난방방식":30,
            "공급면적":"--",
            "전용률":"--",
            "욕실수":50,
            "현관타입":100,
            "주거총점":42.5,
            "지역구공급총점":100.0,
            "역세권":"NA",
            "30분내 이동가능 거점":"NA",
            "1시간내 이동가능 거점":"NA",
            "교통총점":"NA",
            "백화점":0,
            "아울렛몰":0,
            "대형마트":80,
            "은행":0,
            "병원":0,
            "종합병원":80,
            "공원":0,
            "혐오시설":0,
            "인프라총점":28.0,
            "초등학군":90.0,
            "중학군":49.58,
            "학군총점":57.664,
            "인구수":18.98,
            "인구증감":8.98,
            "인구총점":15.98,
            "일자리":14.55,
            "소득수준":52.75,
            "일자리총점":26.01,
            "가치 총점":40.491,
            "매매실거래년":"18000101",
            "매매실거래가":null,
            "전세실거래년":null,
            "전세실거래가":null,
            "전세가율":null,
            "장기전세가율평균":66.82,
            "전세가율거품지수":null,
            "검색코드":132307,
            "세대수":64.0,
            "준공년월":"2020-04-09",
            "준공년차":3.0,
            "가까운역이름":"NA",
            "가까운역거리":"NA",
            "역세권여부":"NA",
            "30분이내주요거점역":"NA",
            "30분거점역이름":"NA",
            "1시간이내주요거점역":"NA",
            "1시간거점역이름":"NA",
            "3km이내백화점수":0,
            "5km이내아울렛몰수":0,
            "1km이내대형먀트수":1,
            "500m이내은행수":0,
            "500m이내병원수":0,
            "5km이내대형병원수":1,
            "500m이내공원수":0,
            "3km이내혐오시설수":0,
            "초등학교학업성취도":90.0,
            "중학교학업성취도":81.5,
            "용적률":175,
            "건폐율":50,
            "Y":33.262528,
            "X":126.557373,
            "rank":13.0,
            "area_info":"20평(66.42), 21평(69.83), 21평(71.98), 24평(82.04), 28평(94.7), 32평(106.49)",
            "last_sales":"1800-01-01,nan,20평(66.42)",
            "rank_history":[
                [
                    "202203",
                    13
                ],
                [
                    "202202",
                    9999
                ]
            ],
            "rank_gap":9999
        },
        {
            "index":114,
            "아파트명":"금성동홍스마트빌",
            "투자타입":"일반",
            "전용면적(m2)":"99.38",
            "전용면적(평)":"30평",
            "법정동주소":"제주도 서귀포시 동홍동 534-1",
            "도로명주소":"제주도 서귀포시 동홍로99번길 11",
            "세대수":0,
            "입주년차":80,
            "용적률점수":"--",
            "건폐율점수":"--",
            "세대당주차수":0,
            "난방방식":30,
            "공급면적":"--",
            "전용률":"--",
            "욕실수":100,
            "현관타입":100,
            "주거총점":39.0,
            "지역구공급총점":100.0,
            "역세권":"NA",
            "30분내 이동가능 거점":"NA",
            "1시간내 이동가능 거점":"NA",
            "교통총점":"NA",
            "백화점":0,
            "아울렛몰":0,
            "대형마트":80,
            "은행":0,
            "병원":0,
            "종합병원":80,
            "공원":100,
            "혐오시설":0,
            "인프라총점":31.0,
            "초등학군":89.99,
            "중학군":49.58,
            "학군총점":57.662,
            "인구수":18.98,
            "인구증감":8.98,
            "인구총점":15.98,
            "일자리":14.55,
            "소득수준":52.75,
            "일자리총점":26.01,
            "가치 총점":40.4655,
            "매매실거래년":20190930.0,
            "매매실거래가":27800.0,
            "전세실거래년":null,
            "전세실거래가":null,
            "전세가율":null,
            "장기전세가율평균":66.82,
            "전세가율거품지수":null,
            "검색코드":132336,
            "세대수":56.0,
            "준공년월":"2016-04-26",
            "준공년차":7.0,
            "가까운역이름":"NA",
            "가까운역거리":"NA",
            "역세권여부":"NA",
            "30분이내주요거점역":"NA",
            "30분거점역이름":"NA",
            "1시간이내주요거점역":"NA",
            "1시간거점역이름":"NA",
            "3km이내백화점수":0,
            "5km이내아울렛몰수":0,
            "1km이내대형먀트수":1,
            "500m이내은행수":1,
            "500m이내병원수":0,
            "5km이내대형병원수":1,
            "500m이내공원수":4,
            "3km이내혐오시설수":0,
            "초등학교학업성취도":89.99,
            "중학교학업성취도":81.5,
            "용적률":129,
            "건폐율":25,
            "Y":33.257032,
            "X":126.56735,
            "rank":14.0,
            "area_info":"30평(99.38)",
            "last_sales":"2019-09-30,27800.0,30평(99.38)",
            "rank_history":[
                [
                    "202203",
                    14
                ],
                [
                    "202202",
                    9999
                ]
            ],
            "rank_gap":9999
        },
        {
            "index":115,
            "아파트명":"나산빌라트",
            "투자타입":"재건축",
            "전용면적(m2)":"79.25",
            "전용면적(평)":"23평",
            "법정동주소":"제주도 서귀포시 동홍동 1382",
            "도로명주소":"제주도 서귀포시 중앙로150번길 33",
            "세대수":0,
            "입주년차":"--",
            "용적률점수":60,
            "건폐율점수":40,
            "세대당주차수":"--",
            "난방방식":"--",
            "공급면적":50,
            "전용률":60,
            "욕실수":"--",
            "현관타입":"--",
            "주거총점":37.5,
            "지역구공급총점":100.0,
            "역세권":"NA",
            "30분내 이동가능 거점":"NA",
            "1시간내 이동가능 거점":"NA",
            "교통총점":"NA",
            "백화점":0,
            "아울렛몰":0,
            "대형마트":80,
            "은행":0,
            "병원":0,
            "종합병원":80,
            "공원":100,
            "혐오시설":0,
            "인프라총점":31.0,
            "초등학군":90.0,
            "중학군":49.58,
            "학군총점":57.664,
            "인구수":18.98,
            "인구증감":8.98,
            "인구총점":15.98,
            "일자리":14.55,
            "소득수준":52.75,
            "일자리총점":26.01,
            "가치 총점":39.941,
            "매매실거래년":20190411.0,
            "매매실거래가":12800.0,
            "전세실거래년":null,
            "전세실거래가":null,
            "전세가율":null,
            "장기전세가율평균":66.82,
            "전세가율거품지수":null,
            "검색코드":17132,
            "세대수":60.0,
            "준공년월":"1992-03-31",
            "준공년차":31.0,
            "가까운역이름":"NA",
            "가까운역거리":"NA",
            "역세권여부":"NA",
            "30분이내주요거점역":"NA",
            "30분거점역이름":"NA",
            "1시간이내주요거점역":"NA",
            "1시간거점역이름":"NA",
            "3km이내백화점수":0,
            "5km이내아울렛몰수":0,
            "1km이내대형먀트수":1,
            "500m이내은행수":0,
            "500m이내병원수":0,
            "5km이내대형병원수":1,
            "500m이내공원수":3,
            "3km이내혐오시설수":0,
            "초등학교학업성취도":90.0,
            "중학교학업성취도":81.5,
            "용적률":193,
            "건폐율":38,
            "Y":33.260376,
            "X":126.56142,
            "rank":15.0,
            "area_info":"23평(79.25), 24평(81.47), 32평(106.75), 32평(108.73)",
            "last_sales":"2019-04-11,12800.0,32평(108.73)",
            "rank_history":[
                [
                    "202203",
                    15
                ],
                [
                    "202202",
                    9999
                ]
            ],
            "rank_gap":9999
        },
        {
            "index":47,
            "아파트명":"삼정G.edu",
            "투자타입":"일반",
            "전용면적(m2)":"78.19",
            "전용면적(평)":"23평",
            "법정동주소":"제주도 서귀포시 대정읍 보성리 2424",
            "도로명주소":"제주도 서귀포시 에듀시티로 148",
            "세대수":80,
            "입주년차":80,
            "용적률점수":"--",
            "건폐율점수":"--",
            "세대당주차수":30,
            "난방방식":30,
            "공급면적":"--",
            "전용률":"--",
            "욕실수":100,
            "현관타입":100,
            "주거총점":71.5,
            "지역구공급총점":100.0,
            "역세권":"NA",
            "30분내 이동가능 거점":"NA",
            "1시간내 이동가능 거점":"NA",
            "교통총점":"NA",
            "백화점":0,
            "아울렛몰":0,
            "대형마트":0,
            "은행":0,
            "병원":0,
            "종합병원":0,
            "공원":0,
            "혐오시설":0,
            "인프라총점":0.0,
            "초등학군":89.98,
            "중학군":50.82,
            "학군총점":58.652,
            "인구수":18.98,
            "인구증감":8.98,
            "인구총점":15.98,
            "일자리":14.55,
            "소득수준":52.75,
            "일자리총점":26.01,
            "가치 총점":39.688,
            "매매실거래년":"18000101",
            "매매실거래가":null,
            "전세실거래년":null,
            "전세실거래가":null,
            "전세가율":null,
            "장기전세가율평균":66.82,
            "전세가율거품지수":null,
            "검색코드":107643,
            "세대수":701.0,
            "준공년월":"2015-06-01",
            "준공년차":8.0,
            "가까운역이름":"NA",
            "가까운역거리":"NA",
            "역세권여부":"NA",
            "30분이내주요거점역":"NA",
            "30분거점역이름":"NA",
            "1시간이내주요거점역":"NA",
            "1시간거점역이름":"NA",
            "3km이내백화점수":0,
            "5km이내아울렛몰수":0,
            "1km이내대형먀트수":0,
            "500m이내은행수":0,
            "500m이내병원수":0,
            "5km이내대형병원수":0,
            "500m이내공원수":0,
            "3km이내혐오시설수":0,
            "초등학교학업성취도":89.98,
            "중학교학업성취도":78.7,
            "용적률":66,
            "건폐율":26,
            "Y":33.285141,
            "X":126.27569,
            "rank":16.0,
            "area_info":"23평(78.19), 29평(97.38), 33평(110.57)",
            "last_sales":"1800-01-01,nan,23평(78.19)",
            "rank_history":[
                [
                    "202203",
                    16
                ],
                [
                    "202202",
                    9
                ],
                [
                    "202201",
                    9
                ]
            ],
            "rank_gap":-7
        },
        {
            "index":366,
            "아파트명":"서강파인힐5차",
            "투자타입":"일반",
            "전용면적(m2)":"112.97",
            "전용면적(평)":"34평",
            "법정동주소":"제주도 서귀포시 서홍동 285-3",
            "도로명주소":"제주도 서귀포시 중앙로 199",
            "세대수":0,
            "입주년차":80,
            "용적률점수":"--",
            "건폐율점수":"--",
            "세대당주차수":0,
            "난방방식":30,
            "공급면적":"--",
            "전용률":"--",
            "욕실수":100,
            "현관타입":100,
            "주거총점":39.0,
            "지역구공급총점":100.0,
            "역세권":"NA",
            "30분내 이동가능 거점":"NA",
            "1시간내 이동가능 거점":"NA",
            "교통총점":"NA",
            "백화점":0,
            "아울렛몰":0,
            "대형마트":80,
            "은행":0,
            "병원":0,
            "종합병원":80,
            "공원":0,
            "혐오시설":0,
            "인프라총점":28.0,
            "초등학군":90.0,
            "중학군":49.58,
            "학군총점":57.664,
            "인구수":18.98,
            "인구증감":8.98,
            "인구총점":15.98,
            "일자리":14.55,
            "소득수준":52.75,
            "일자리총점":26.01,
            "가치 총점":39.266,
            "매매실거래년":"18000101",
            "매매실거래가":null,
            "전세실거래년":null,
            "전세실거래가":null,
            "전세가율":null,
            "장기전세가율평균":66.82,
            "전세가율거품지수":null,
            "검색코드":129310,
            "세대수":84.0,
            "준공년월":"2016-12-23",
            "준공년차":7.0,
            "가까운역이름":"NA",
            "가까운역거리":"NA",
            "역세권여부":"NA",
            "30분이내주요거점역":"NA",
            "30분거점역이름":"NA",
            "1시간이내주요거점역":"NA",
            "1시간거점역이름":"NA",
            "3km이내백화점수":0,
            "5km이내아울렛몰수":0,
            "1km이내대형먀트수":1,
            "500m이내은행수":0,
            "500m이내병원수":0,
            "5km이내대형병원수":1,
            "500m이내공원수":0,
            "3km이내혐오시설수":0,
            "초등학교학업성취도":90.0,
            "중학교학업성취도":81.5,
            "용적률":264,
            "건폐율":59,
            "Y":33.262672,
            "X":126.558464,
            "rank":17.0,
            "area_info":"34평(112.97), 34평(113.27), 34평(113.29), 41평(136.39), 50평(167.74), 51평(170.9)",
            "last_sales":"1800-01-01,nan,34평(112.97)",
            "rank_history":[
                [
                    "202203",
                    17
                ],
                [
                    "202202",
                    9999
                ]
            ],
            "rank_gap":9999
        },
        {
            "index":437,
            "아파트명":"형남4차",
            "투자타입":"일반",
            "전용면적(m2)":"89.54",
            "전용면적(평)":"27평",
            "법정동주소":"제주도 서귀포시 서홍동 349-1",
            "도로명주소":"제주도 서귀포시 홍중로 59",
            "세대수":0,
            "입주년차":80,
            "용적률점수":"--",
            "건폐율점수":"--",
            "세대당주차수":0,
            "난방방식":30,
            "공급면적":"--",
            "전용률":"--",
            "욕실수":100,
            "현관타입":100,
            "주거총점":39.0,
            "지역구공급총점":100.0,
            "역세권":"NA",
            "30분내 이동가능 거점":"NA",
            "1시간내 이동가능 거점":"NA",
            "교통총점":"NA",
            "백화점":0,
            "아울렛몰":0,
            "대형마트":80,
            "은행":0,
            "병원":0,
            "종합병원":80,
            "공원":0,
            "혐오시설":0,
            "인프라총점":28.0,
            "초등학군":90.0,
            "중학군":49.58,
            "학군총점":57.664,
            "인구수":18.98,
            "인구증감":8.98,
            "인구총점":15.98,
            "일자리":14.55,
            "소득수준":52.75,
            "일자리총점":26.01,
            "가치 총점":39.266,
            "매매실거래년":20220212.0,
            "매매실거래가":29400.0,
            "전세실거래년":null,
            "전세실거래가":null,
            "전세가율":null,
            "장기전세가율평균":66.82,
            "전세가율거품지수":null,
            "검색코드":113535,
            "세대수":86.0,
            "준공년월":"2015-01-08",
            "준공년차":8.0,
            "가까운역이름":"NA",
            "가까운역거리":"NA",
            "역세권여부":"NA",
            "30분이내주요거점역":"NA",
            "30분거점역이름":"NA",
            "1시간이내주요거점역":"NA",
            "1시간거점역이름":"NA",
            "3km이내백화점수":0,
            "5km이내아울렛몰수":0,
            "1km이내대형먀트수":1,
            "500m이내은행수":0,
            "500m이내병원수":0,
            "5km이내대형병원수":1,
            "500m이내공원수":0,
            "3km이내혐오시설수":0,
            "초등학교학업성취도":90.0,
            "중학교학업성취도":81.5,
            "용적률":140,
            "건폐율":29,
            "Y":33.257995,
            "X":126.555911,
            "rank":17.0,
            "area_info":"27평(89.54), 28평(93.04), 28평(94.34), 31평(104.0)",
            "last_sales":"2022-02-12,29400.0,27평(89.54)",
            "rank_history":[
                [
                    "202203",
                    17
                ],
                [
                    "202202",
                    9999
                ]
            ],
            "rank_gap":9999
        },
        {
            "index":119,
            "아파트명":"네스트힐",
            "투자타입":"일반",
            "전용면적(m2)":"96.99",
            "전용면적(평)":"29평",
            "법정동주소":"제주도 서귀포시 동홍동 539",
            "도로명주소":"제주도 서귀포시 동홍로99번길 10",
            "세대수":0,
            "입주년차":60,
            "용적률점수":"--",
            "건폐율점수":"--",
            "세대당주차수":0,
            "난방방식":30,
            "공급면적":"--",
            "전용률":"--",
            "욕실수":100,
            "현관타입":100,
            "주거총점":35.0,
            "지역구공급총점":100.0,
            "역세권":"NA",
            "30분내 이동가능 거점":"NA",
            "1시간내 이동가능 거점":"NA",
            "교통총점":"NA",
            "백화점":0,
            "아울렛몰":0,
            "대형마트":80,
            "은행":0,
            "병원":0,
            "종합병원":80,
            "공원":100,
            "혐오시설":0,
            "인프라총점":31.0,
            "초등학군":89.99,
            "중학군":49.58,
            "학군총점":57.662,
            "인구수":18.98,
            "인구증감":8.98,
            "인구총점":15.98,
            "일자리":14.55,
            "소득수준":52.75,
            "일자리총점":26.01,
            "가치 총점":39.0655,
            "매매실거래년":20220104.0,
            "매매실거래가":25000.0,
            "전세실거래년":20200318.0,
            "전세실거래가":14000.0,
            "전세가율":56.0,
            "장기전세가율평균":66.82,
            "전세가율거품지수":10.82,
            "검색코드":108908,
            "세대수":56.0,
            "준공년월":"2013-01-21",
            "준공년차":10.0,
            "가까운역이름":"NA",
            "가까운역거리":"NA",
            "역세권여부":"NA",
            "30분이내주요거점역":"NA",
            "30분거점역이름":"NA",
            "1시간이내주요거점역":"NA",
            "1시간거점역이름":"NA",
            "3km이내백화점수":0,
            "5km이내아울렛몰수":0,
            "1km이내대형먀트수":1,
            "500m이내은행수":1,
            "500m이내병원수":0,
            "5km이내대형병원수":1,
            "500m이내공원수":2,
            "3km이내혐오시설수":0,
            "초등학교학업성취도":89.99,
            "중학교학업성취도":81.5,
            "용적률":142,
            "건폐율":29,
            "Y":33.25782,
            "X":126.5673,
            "rank":18.0,
            "area_info":"29평(96.99), 33평(109.43), 34평(115.49)",
            "last_sales":"2022-01-04,25000.0,29평(96.99)",
            "rank_history":[
                [
                    "202203",
                    18
                ],
                [
                    "202202",
                    9999
                ]
            ],
            "rank_gap":9999
        },
        {
            "index":346,
            "아파트명":"휴마루유니크(도시형)",
            "투자타입":"일반",
            "전용면적(m2)":"36.44",
            "전용면적(평)":"11평",
            "법정동주소":"제주도 서귀포시 서귀동 323-3",
            "도로명주소":"제주도 서귀포시 서문로 61",
            "세대수":0,
            "입주년차":80,
            "용적률점수":"--",
            "건폐율점수":"--",
            "세대당주차수":0,
            "난방방식":30,
            "공급면적":"--",
            "전용률":"--",
            "욕실수":50,
            "현관타입":50,
            "주거총점":29.0,
            "지역구공급총점":100.0,
            "역세권":"NA",
            "30분내 이동가능 거점":"NA",
            "1시간내 이동가능 거점":"NA",
            "교통총점":"NA",
            "백화점":0,
            "아울렛몰":0,
            "대형마트":100,
            "은행":20,
            "병원":0,
            "종합병원":80,
            "공원":100,
            "혐오시설":0,
            "인프라총점":36.0,
            "초등학군":90.02,
            "중학군":49.58,
            "학군총점":57.668,
            "인구수":18.98,
            "인구증감":8.98,
            "인구총점":15.98,
            "일자리":14.55,
            "소득수준":52.75,
            "일자리총점":26.01,
            "가치 총점":38.967,
            "매매실거래년":20200817.0,
            "매매실거래가":10000.0,
            "전세실거래년":null,
            "전세실거래가":null,
            "전세가율":null,
            "장기전세가율평균":66.82,
            "전세가율거품지수":null,
            "검색코드":123809,
            "세대수":51.0,
            "준공년월":"2015-11-11",
            "준공년차":8.0,
            "가까운역이름":"NA",
            "가까운역거리":"NA",
            "역세권여부":"NA",
            "30분이내주요거점역":"NA",
            "30분거점역이름":"NA",
            "1시간이내주요거점역":"NA",
            "1시간거점역이름":"NA",
            "3km이내백화점수":0,
            "5km이내아울렛몰수":0,
            "1km이내대형먀트수":2,
            "500m이내은행수":2,
            "500m이내병원수":0,
            "5km이내대형병원수":1,
            "500m이내공원수":3,
            "3km이내혐오시설수":0,
            "초등학교학업성취도":90.02,
            "중학교학업성취도":81.5,
            "용적률":309,
            "건폐율":69,
            "Y":33.247876,
            "X":126.556843,
            "rank":19.0,
            "area_info":"11평(36.44), 10평(36.3), 11평(38.4), 11평(39.38), 13평(43.31), 14평(46.46), 14평(47.82)",
            "last_sales":"2020-08-17,10000.0,11평(36.44)",
            "rank_history":[
                [
                    "202203",
                    19
                ],
                [
                    "202202",
                    9999
                ]
            ],
            "rank_gap":9999
        },
        {
            "index":194,
            "아파트명":"센트럴팰리스(도시형)",
            "투자타입":"일반",
            "전용면적(m2)":"21.62",
            "전용면적(평)":"6평",
            "법정동주소":"제주도 서귀포시 동홍동 1557-1",
            "도로명주소":"제주도 서귀포시 중앙로 172",
            "세대수":0,
            "입주년차":80,
            "용적률점수":"--",
            "건폐율점수":"--",
            "세대당주차수":0,
            "난방방식":30,
            "공급면적":"--",
            "전용률":"--",
            "욕실수":50,
            "현관타입":100,
            "주거총점":34.0,
            "지역구공급총점":100.0,
            "역세권":"NA",
            "30분내 이동가능 거점":"NA",
            "1시간내 이동가능 거점":"NA",
            "교통총점":"NA",
            "백화점":0,
            "아울렛몰":0,
            "대형마트":80,
            "은행":0,
            "병원":0,
            "종합병원":80,
            "공원":100,
            "혐오시설":0,
            "인프라총점":31.0,
            "초등학군":90.0,
            "중학군":49.58,
            "학군총점":57.664,
            "인구수":18.98,
            "인구증감":8.98,
            "인구총점":15.98,
            "일자리":14.55,
            "소득수준":52.75,
            "일자리총점":26.01,
            "가치 총점":38.716,
            "매매실거래년":20210505.0,
            "매매실거래가":21000.0,
            "전세실거래년":20200615.0,
            "전세실거래가":8000.0,
            "전세가율":null,
            "장기전세가율평균":66.82,
            "전세가율거품지수":null,
            "검색코드":120197,
            "세대수":299.0,
            "준공년월":"2018-05-01",
            "준공년차":5.0,
            "가까운역이름":"NA",
            "가까운역거리":"NA",
            "역세권여부":"NA",
            "30분이내주요거점역":"NA",
            "30분거점역이름":"NA",
            "1시간이내주요거점역":"NA",
            "1시간거점역이름":"NA",
            "3km이내백화점수":0,
            "5km이내아울렛몰수":0,
            "1km이내대형먀트수":1,
            "500m이내은행수":0,
            "500m이내병원수":0,
            "5km이내대형병원수":1,
            "500m이내공원수":2,
            "3km이내혐오시설수":0,
            "초등학교학업성취도":90.0,
            "중학교학업성취도":81.5,
            "용적률":406,
            "건폐율":55,
            "Y":33.259886,
            "X":126.560004,
            "rank":20.0,
            "area_info":"6평(21.62), 8평(26.62), 9평(31.5), 11평(38.5), 12평(41.12), 15평(50.12), 16평(53.85), 18평(61.48)",
            "last_sales":"2021-05-05,21000.0,18평(61.48)",
            "rank_history":[
                [
                    "202203",
                    20
                ],
                [
                    "202202",
                    10
                ],
                [
                    "202201",
                    12
                ]
            ],
            "rank_gap":-10
        },
        {
            "index":420,
            "아파트명":"지오빌2-2차",
            "투자타입":"일반",
            "전용면적(m2)":"101.94",
            "전용면적(평)":"30평",
            "법정동주소":"제주도 서귀포시 서홍동 305-2",
            "도로명주소":"제주도 서귀포시 중앙로 189",
            "세대수":0,
            "입주년차":60,
            "용적률점수":"--",
            "건폐율점수":"--",
            "세대당주차수":30,
            "난방방식":30,
            "공급면적":"--",
            "전용률":"--",
            "욕실수":50,
            "현관타입":100,
            "주거총점":34.5,
            "지역구공급총점":100.0,
            "역세권":"NA",
            "30분내 이동가능 거점":"NA",
            "1시간내 이동가능 거점":"NA",
            "교통총점":"NA",
            "백화점":0,
            "아울렛몰":0,
            "대형마트":80,
            "은행":0,
            "병원":0,
            "종합병원":80,
            "공원":80,
            "혐오시설":0,
            "인프라총점":30.4,
            "초등학군":90.0,
            "중학군":49.58,
            "학군총점":57.664,
            "인구수":18.98,
            "인구증감":8.98,
            "인구총점":15.98,
            "일자리":14.55,
            "소득수준":52.75,
            "일자리총점":26.01,
            "가치 총점":38.651,
            "매매실거래년":20211222.0,
            "매매실거래가":34500.0,
            "전세실거래년":20220107.0,
            "전세실거래가":20000.0,
            "전세가율":78.12,
            "장기전세가율평균":66.82,
            "전세가율거품지수":-11.3,
            "검색코드":112824,
            "세대수":142.0,
            "준공년월":"2013-05-07",
            "준공년차":10.0,
            "가까운역이름":"NA",
            "가까운역거리":"NA",
            "역세권여부":"NA",
            "30분이내주요거점역":"NA",
            "30분거점역이름":"NA",
            "1시간이내주요거점역":"NA",
            "1시간거점역이름":"NA",
            "3km이내백화점수":0,
            "5km이내아울렛몰수":0,
            "1km이내대형먀트수":1,
            "500m이내은행수":0,
            "500m이내병원수":0,
            "5km이내대형병원수":1,
            "500m이내공원수":1,
            "3km이내혐오시설수":0,
            "초등학교학업성취도":90.0,
            "중학교학업성취도":81.5,
            "용적률":200,
            "건폐율":33,
            "Y":33.260935,
            "X":126.55832,
            "rank":21.0,
            "area_info":"30평(101.94), 34평(114.22), 35평(116.49)",
            "last_sales":"2021-12-22,34500.0,34평(114.22)",
            "rank_history":[
                [
                    "202203",
                    21
                ],
                [
                    "202202",
                    11
                ],
                [
                    "202201",
                    13
                ]
            ],
            "rank_gap":-10
        },
        {
            "index":484,
            "아파트명":"이도스타빌리지(879-3,도시형)",
            "투자타입":"일반",
            "전용면적(m2)":"64.82",
            "전용면적(평)":"19평",
            "법정동주소":"제주도 서귀포시 신효동 879-3",
            "도로명주소":"제주도 서귀포시 신효로 16",
            "세대수":0,
            "입주년차":80,
            "용적률점수":"--",
            "건폐율점수":"--",
            "세대당주차수":0,
            "난방방식":30,
            "공급면적":"--",
            "전용률":"--",
            "욕실수":100,
            "현관타입":100,
            "주거총점":39.0,
            "지역구공급총점":100.0,
            "역세권":"NA",
            "30분내 이동가능 거점":"NA",
            "1시간내 이동가능 거점":"NA",
            "교통총점":"NA",
            "백화점":0,
            "아울렛몰":0,
            "대형마트":80,
            "은행":0,
            "병원":0,
            "종합병원":80,
            "공원":0,
            "혐오시설":0,
            "인프라총점":28.0,
            "초등학군":89.98,
            "중학군":45.96,
            "학군총점":54.764,
            "인구수":18.98,
            "인구증감":8.98,
            "인구총점":15.98,
            "일자리":14.55,
            "소득수준":52.75,
            "일자리총점":26.01,
            "가치 총점":38.541,
            "매매실거래년":"18000101",
            "매매실거래가":null,
            "전세실거래년":null,
            "전세실거래가":null,
            "전세가율":null,
            "장기전세가율평균":66.82,
            "전세가율거품지수":null,
            "검색코드":131963,
            "세대수":80.0,
            "준공년월":"2014-12-24",
            "준공년차":9.0,
            "가까운역이름":"NA",
            "가까운역거리":"NA",
            "역세권여부":"NA",
            "30분이내주요거점역":"NA",
            "30분거점역이름":"NA",
            "1시간이내주요거점역":"NA",
            "1시간거점역이름":"NA",
            "3km이내백화점수":0,
            "5km이내아울렛몰수":0,
            "1km이내대형먀트수":1,
            "500m이내은행수":0,
            "500m이내병원수":0,
            "5km이내대형병원수":1,
            "500m이내공원수":0,
            "3km이내혐오시설수":0,
            "초등학교학업성취도":89.98,
            "중학교학업성취도":76.6,
            "용적률":138,
            "건폐율":35,
            "Y":33.262222,
            "X":126.61419,
            "rank":22.0,
            "area_info":"19평(64.82), 19평(65.03), 19평(65.76), 24평(82.34)",
            "last_sales":"1800-01-01,nan,19평(64.82)",
            "rank_history":[
                [
                    "202203",
                    22
                ],
                [
                    "202202",
                    9999
                ]
            ],
            "rank_gap":9999
        },
        {
            "index":324,
            "아파트명":"장안그랜드빌리지",
            "투자타입":"재건축",
            "전용면적(m2)":"79.52",
            "전용면적(평)":"24평",
            "법정동주소":"제주도 서귀포시 보목동 1280",
            "도로명주소":"제주도 서귀포시 문필로 54",
            "세대수":0,
            "입주년차":"--",
            "용적률점수":100,
            "건폐율점수":40,
            "세대당주차수":"--",
            "난방방식":"--",
            "공급면적":50,
            "전용률":60,
            "욕실수":"--",
            "현관타입":"--",
            "주거총점":53.5,
            "지역구공급총점":100.0,
            "역세권":"NA",
            "30분내 이동가능 거점":"NA",
            "1시간내 이동가능 거점":"NA",
            "교통총점":"NA",
            "백화점":0,
            "아울렛몰":0,
            "대형마트":0,
            "은행":0,
            "병원":0,
            "종합병원":80,
            "공원":0,
            "혐오시설":0,
            "인프라총점":16.0,
            "초등학군":90.0,
            "중학군":43.6,
            "학군총점":52.88,
            "인구수":18.98,
            "인구증감":8.98,
            "인구총점":15.98,
            "일자리":14.55,
            "소득수준":52.75,
            "일자리총점":26.01,
            "가치 총점":38.345,
            "매매실거래년":20211115.0,
            "매매실거래가":18800.0,
            "전세실거래년":20180126.0,
            "전세실거래가":5000.0,
            "전세가율":66.67,
            "장기전세가율평균":66.82,
            "전세가율거품지수":0.15,
            "검색코드":17135,
            "세대수":55.0,
            "준공년월":"1992-06-19",
            "준공년차":31.0,
            "가까운역이름":"NA",
            "가까운역거리":"NA",
            "역세권여부":"NA",
            "30분이내주요거점역":"NA",
            "30분거점역이름":"NA",
            "1시간이내주요거점역":"NA",
            "1시간거점역이름":"NA",
            "3km이내백화점수":0,
            "5km이내아울렛몰수":0,
            "1km이내대형먀트수":0,
            "500m이내은행수":0,
            "500m이내병원수":0,
            "5km이내대형병원수":1,
            "500m이내공원수":0,
            "3km이내혐오시설수":0,
            "초등학교학업성취도":90.0,
            "중학교학업성취도":72.4,
            "용적률":78,
            "건폐율":37,
            "Y":33.241565,
            "X":126.597393,
            "rank":23.0,
            "area_info":"24평(79.52), 24평(79.52), 31평(105.5), 36평(119.76), 57평(191.51)",
            "last_sales":"2021-11-15,18800.0,57평(191.51)",
            "rank_history":[
                [
                    "202203",
                    23
                ],
                [
                    "202202",
                    9999
                ]
            ],
            "rank_gap":9999
        },
        {
            "index":300,
            "아파트명":"법환코아루",
            "투자타입":"일반",
            "전용면적(m2)":"101.49",
            "전용면적(평)":"30평",
            "법정동주소":"제주도 서귀포시 법환동 1571",
            "도로명주소":"제주도 서귀포시 월드컵로 77",
            "세대수":0,
            "입주년차":100,
            "용적률점수":"--",
            "건폐율점수":"--",
            "세대당주차수":60,
            "난방방식":30,
            "공급면적":"--",
            "전용률":"--",
            "욕실수":100,
            "현관타입":100,
            "주거총점":52.0,
            "지역구공급총점":100.0,
            "역세권":"NA",
            "30분내 이동가능 거점":"NA",
            "1시간내 이동가능 거점":"NA",
            "교통총점":"NA",
            "백화점":0,
            "아울렛몰":0,
            "대형마트":100,
            "은행":0,
            "병원":0,
            "종합병원":0,
            "공원":0,
            "혐오시설":0,
            "인프라총점":15.0,
            "초등학군":90.07,
            "중학군":47.42,
            "학군총점":55.95,
            "인구수":18.98,
            "인구증감":8.98,
            "인구총점":15.98,
            "일자리":14.55,
            "소득수준":52.75,
            "일자리총점":26.01,
            "가치 총점":38.1875,
            "매매실거래년":"18000101",
            "매매실거래가":null,
            "전세실거래년":null,
            "전세실거래가":null,
            "전세가율":null,
            "장기전세가율평균":66.82,
            "전세가율거품지수":null,
            "검색코드":120530,
            "세대수":52.0,
            "준공년월":"2019-09-01",
            "준공년차":4.0,
            "가까운역이름":"NA",
            "가까운역거리":"NA",
            "역세권여부":"NA",
            "30분이내주요거점역":"NA",
            "30분거점역이름":"NA",
            "1시간이내주요거점역":"NA",
            "1시간거점역이름":"NA",
            "3km이내백화점수":0,
            "5km이내아울렛몰수":0,
            "1km이내대형먀트수":2,
            "500m이내은행수":0,
            "500m이내병원수":0,
            "5km이내대형병원수":0,
            "500m이내공원수":0,
            "3km이내혐오시설수":0,
            "초등학교학업성취도":90.07,
            "중학교학업성취도":77.7,
            "용적률":0,
            "건폐율":0,
            "Y":33.242551,
            "X":126.506251,
            "rank":24.0,
            "area_info":"30평(101.49), 30평(101.58), 60평(201.12), 64평(212.68)",
            "last_sales":"1800-01-01,nan,30평(101.49)",
            "rank_history":[
                [
                    "202203",
                    24
                ],
                [
                    "202202",
                    9999
                ]
            ],
            "rank_gap":9999
        },
        {
            "index":399,
            "아파트명":"스마트리치",
            "투자타입":"일반",
            "전용면적(m2)":"69.8",
            "전용면적(평)":"21평",
            "법정동주소":"제주도 서귀포시 서홍동 2596",
            "도로명주소":"제주도 서귀포시 중앙로207번길 8",
            "세대수":0,
            "입주년차":80,
            "용적률점수":"--",
            "건폐율점수":"--",
            "세대당주차수":0,
            "난방방식":30,
            "공급면적":"--",
            "전용률":"--",
            "욕실수":50,
            "현관타입":100,
            "주거총점":34.0,
            "지역구공급총점":100.0,
            "역세권":"NA",
            "30분내 이동가능 거점":"NA",
            "1시간내 이동가능 거점":"NA",
            "교통총점":"NA",
            "백화점":0,
            "아울렛몰":0,
            "대형마트":80,
            "은행":0,
            "병원":0,
            "종합병원":80,
            "공원":0,
            "혐오시설":0,
            "인프라총점":28.0,
            "초등학군":90.0,
            "중학군":49.58,
            "학군총점":57.664,
            "인구수":18.98,
            "인구증감":8.98,
            "인구총점":15.98,
            "일자리":14.55,
            "소득수준":52.75,
            "일자리총점":26.01,
            "가치 총점":37.516,
            "매매실거래년":20211223.0,
            "매매실거래가":29000.0,
            "전세실거래년":20190924.0,
            "전세실거래가":2000.0,
            "전세가율":null,
            "장기전세가율평균":66.82,
            "전세가율거품지수":null,
            "검색코드":127103,
            "세대수":69.0,
            "준공년월":"2018-12-10",
            "준공년차":5.0,
            "가까운역이름":"NA",
            "가까운역거리":"NA",
            "역세권여부":"NA",
            "30분이내주요거점역":"NA",
            "30분거점역이름":"NA",
            "1시간이내주요거점역":"NA",
            "1시간거점역이름":"NA",
            "3km이내백화점수":0,
            "5km이내아울렛몰수":0,
            "1km이내대형먀트수":1,
            "500m이내은행수":0,
            "500m이내병원수":0,
            "5km이내대형병원수":1,
            "500m이내공원수":0,
            "3km이내혐오시설수":0,
            "초등학교학업성취도":90.0,
            "중학교학업성취도":81.5,
            "용적률":246,
            "건폐율":56,
            "Y":33.26331,
            "X":126.557848,
            "rank":25.0,
            "area_info":"21평(69.8), 21평(69.44), 21평(70.97), 21평(72.59), 23평(77.45), 23평(77.97), 23평(78.35), 24평(82.17), 25평(85.63), 28평(93.16), 28평(95.57), 29평(96.44), 29평(97.94), 31평(103.28)",
            "last_sales":"2021-12-23,29000.0,31평(103.28)",
            "rank_history":[
                [
                    "202203",
                    25
                ],
                [
                    "202202",
                    9999
                ]
            ],
            "rank_gap":9999
        },
        {
            "index":132,
            "아파트명":"동호아트리움",
            "투자타입":"일반",
            "전용면적(m2)":"93.75",
            "전용면적(평)":"28평",
            "법정동주소":"제주도 서귀포시 동홍동 2196",
            "도로명주소":"제주도 서귀포시 일주동로 8547-10",
            "세대수":0,
            "입주년차":100,
            "용적률점수":"--",
            "건폐율점수":"--",
            "세대당주차수":30,
            "난방방식":30,
            "공급면적":"--",
            "전용률":"--",
            "욕실수":100,
            "현관타입":100,
            "주거총점":47.5,
            "지역구공급총점":100.0,
            "역세권":"NA",
            "30분내 이동가능 거점":"NA",
            "1시간내 이동가능 거점":"NA",
            "교통총점":"NA",
            "백화점":0,
            "아울렛몰":0,
            "대형마트":0,
            "은행":0,
            "병원":0,
            "종합병원":80,
            "공원":100,
            "혐오시설":0,
            "인프라총점":19.0,
            "초등학군":89.99,
            "중학군":43.6,
            "학군총점":52.878,
            "인구수":18.98,
            "인구증감":8.98,
            "인구총점":15.98,
            "일자리":14.55,
            "소득수준":52.75,
            "일자리총점":26.01,
            "가치 총점":37.4445,
            "매매실거래년":20190820.0,
            "매매실거래가":39441.0,
            "전세실거래년":null,
            "전세실거래가":null,
            "전세가율":null,
            "장기전세가율평균":66.82,
            "전세가율거품지수":null,
            "검색코드":119795,
            "세대수":153.0,
            "준공년월":"2019-04-01",
            "준공년차":4.0,
            "가까운역이름":"NA",
            "가까운역거리":"NA",
            "역세권여부":"NA",
            "30분이내주요거점역":"NA",
            "30분거점역이름":"NA",
            "1시간이내주요거점역":"NA",
            "1시간거점역이름":"NA",
            "3km이내백화점수":0,
            "5km이내아울렛몰수":0,
            "1km이내대형먀트수":0,
            "500m이내은행수":0,
            "500m이내병원수":0,
            "5km이내대형병원수":1,
            "500m이내공원수":5,
            "3km이내혐오시설수":0,
            "초등학교학업성취도":89.99,
            "중학교학업성취도":72.4,
            "용적률":0,
            "건폐율":0,
            "Y":33.254033,
            "X":126.574614,
            "rank":26.0,
            "area_info":"28평(93.75), 28평(94.26), 32평(105.94), 32평(106.38)",
            "last_sales":"2019-08-20,39441.0,32평(105.94)",
            "rank_history":[
                [
                    "202203",
                    26
                ],
                [
                    "202202",
                    12
                ],
                [
                    "202201",
                    11
                ]
            ],
            "rank_gap":-14
        },
        {
            "index":534,
            "아파트명":"중문메리디안1차(도시형)",
            "투자타입":"일반",
            "전용면적(m2)":"100.59",
            "전용면적(평)":"30평",
            "법정동주소":"제주도 서귀포시 중문동 1869-1",
            "도로명주소":"제주도 서귀포시 1100로 34",
            "세대수":0,
            "입주년차":80,
            "용적률점수":"--",
            "건폐율점수":"--",
            "세대당주차수":80,
            "난방방식":30,
            "공급면적":"--",
            "전용률":"--",
            "욕실수":100,
            "현관타입":100,
            "주거총점":51.0,
            "지역구공급총점":100.0,
            "역세권":"NA",
            "30분내 이동가능 거점":"NA",
            "1시간내 이동가능 거점":"NA",
            "교통총점":"NA",
            "백화점":0,
            "아울렛몰":0,
            "대형마트":80,
            "은행":0,
            "병원":0,
            "종합병원":0,
            "공원":0,
            "혐오시설":0,
            "인프라총점":12.0,
            "초등학군":90.02,
            "중학군":49.12,
            "학군총점":57.3,
            "인구수":18.98,
            "인구증감":8.98,
            "인구총점":15.98,
            "일자리":14.55,
            "소득수준":52.75,
            "일자리총점":26.01,
            "가치 총점":36.975,
            "매매실거래년":"18000101",
            "매매실거래가":null,
            "전세실거래년":null,
            "전세실거래가":null,
            "전세가율":null,
            "장기전세가율평균":66.82,
            "전세가율거품지수":null,
            "검색코드":118437,
            "세대수":64.0,
            "준공년월":"2016-02-23",
            "준공년차":7.0,
            "가까운역이름":"NA",
            "가까운역거리":"NA",
            "역세권여부":"NA",
            "30분이내주요거점역":"NA",
            "30분거점역이름":"NA",
            "1시간이내주요거점역":"NA",
            "1시간거점역이름":"NA",
            "3km이내백화점수":0,
            "5km이내아울렛몰수":0,
            "1km이내대형먀트수":1,
            "500m이내은행수":0,
            "500m이내병원수":0,
            "5km이내대형병원수":0,
            "500m이내공원수":0,
            "3km이내혐오시설수":0,
            "초등학교학업성취도":90.02,
            "중학교학업성취도":81.0,
            "용적률":64,
            "건폐율":19,
            "Y":33.253536,
            "X":126.434087,
            "rank":27.0,
            "area_info":"30평(100.59)",
            "last_sales":"1800-01-01,nan,30평(100.59)",
            "rank_history":[
                [
                    "202203",
                    27
                ],
                [
                    "202202",
                    9999
                ]
            ],
            "rank_gap":9999
        },
        {
            "index":146,
            "아파트명":"동홍예서두레라움(민간임대)",
            "투자타입":"일반",
            "전용면적(m2)":"97.62",
            "전용면적(평)":"29평",
            "법정동주소":"제주도 서귀포시 동홍동 1045",
            "도로명주소":"제주도 서귀포시 동홍로 212",
            "세대수":0,
            "입주년차":100,
            "용적률점수":"--",
            "건폐율점수":"--",
            "세대당주차수":30,
            "난방방식":30,
            "공급면적":"--",
            "전용률":"--",
            "욕실수":100,
            "현관타입":100,
            "주거총점":47.5,
            "지역구공급총점":100.0,
            "역세권":"NA",
            "30분내 이동가능 거점":"NA",
            "1시간내 이동가능 거점":"NA",
            "교통총점":"NA",
            "백화점":0,
            "아울렛몰":0,
            "대형마트":0,
            "은행":0,
            "병원":0,
            "종합병원":80,
            "공원":0,
            "혐오시설":0,
            "인프라총점":16.0,
            "초등학군":89.99,
            "중학군":46.04,
            "학군총점":54.83,
            "인구수":18.98,
            "인구증감":8.98,
            "인구총점":15.98,
            "일자리":14.55,
            "소득수준":52.75,
            "일자리총점":26.01,
            "가치 총점":36.7325,
            "매매실거래년":"18000101",
            "매매실거래가":null,
            "전세실거래년":null,
            "전세실거래가":null,
            "전세가율":null,
            "장기전세가율평균":66.82,
            "전세가율거품지수":null,
            "검색코드":144413,
            "세대수":56.0,
            "준공년월":"2020-02-05",
            "준공년차":3.0,
            "가까운역이름":"NA",
            "가까운역거리":"NA",
            "역세권여부":"NA",
            "30분이내주요거점역":"NA",
            "30분거점역이름":"NA",
            "1시간이내주요거점역":"NA",
            "1시간거점역이름":"NA",
            "3km이내백화점수":0,
            "5km이내아울렛몰수":0,
            "1km이내대형먀트수":0,
            "500m이내은행수":0,
            "500m이내병원수":0,
            "5km이내대형병원수":1,
            "500m이내공원수":0,
            "3km이내혐오시설수":0,
            "초등학교학업성취도":89.99,
            "중학교학업성취도":76.2,
            "용적률":66,
            "건폐율":19,
            "Y":33.267487,
            "X":126.569412,
            "rank":28.0,
            "area_info":"29평(97.62)",
            "last_sales":"1800-01-01,nan,29평(97.62)",
            "rank_history":[
                [
                    "202203",
                    28
                ],
                [
                    "202202",
                    9999
                ]
            ],
            "rank_gap":9999
        },
        {
            "index":423,
            "아파트명":"지오빌II",
            "투자타입":"일반",
            "전용면적(m2)":"106.21",
            "전용면적(평)":"32평",
            "법정동주소":"제주도 서귀포시 서홍동 305",
            "도로명주소":"제주도 서귀포시 중앙로195번길 7",
            "세대수":0,
            "입주년차":60,
            "용적률점수":"--",
            "건폐율점수":"--",
            "세대당주차수":0,
            "난방방식":30,
            "공급면적":"--",
            "전용률":"--",
            "욕실수":100,
            "현관타입":50,
            "주거총점":30.0,
            "지역구공급총점":100.0,
            "역세권":"NA",
            "30분내 이동가능 거점":"NA",
            "1시간내 이동가능 거점":"NA",
            "교통총점":"NA",
            "백화점":0,
            "아울렛몰":0,
            "대형마트":80,
            "은행":0,
            "병원":0,
            "종합병원":80,
            "공원":0,
            "혐오시설":0,
            "인프라총점":28.0,
            "초등학군":90.0,
            "중학군":49.58,
            "학군총점":57.664,
            "인구수":18.98,
            "인구증감":8.98,
            "인구총점":15.98,
            "일자리":14.55,
            "소득수준":52.75,
            "일자리총점":26.01,
            "가치 총점":36.116,
            "매매실거래년":20220126.0,
            "매매실거래가":33500.0,
            "전세실거래년":20210523.0,
            "전세실거래가":23000.0,
            "전세가율":68.66,
            "장기전세가율평균":66.82,
            "전세가율거품지수":-1.84,
            "검색코드":105350,
            "세대수":122.0,
            "준공년월":"2011-07-29",
            "준공년차":12.0,
            "가까운역이름":"NA",
            "가까운역거리":"NA",
            "역세권여부":"NA",
            "30분이내주요거점역":"NA",
            "30분거점역이름":"NA",
            "1시간이내주요거점역":"NA",
            "1시간거점역이름":"NA",
            "3km이내백화점수":0,
            "5km이내아울렛몰수":0,
            "1km이내대형먀트수":1,
            "500m이내은행수":0,
            "500m이내병원수":0,
            "5km이내대형병원수":1,
            "500m이내공원수":0,
            "3km이내혐오시설수":0,
            "초등학교학업성취도":90.0,
            "중학교학업성취도":81.5,
            "용적률":151,
            "건폐율":28,
            "Y":33.261433,
            "X":126.557678,
            "rank":29.0,
            "area_info":"32평(106.21)",
            "last_sales":"2022-01-26,33500.0,32평(106.21)",
            "rank_history":[
                [
                    "202203",
                    29
                ],
                [
                    "202202",
                    13
                ],
                [
                    "202201",
                    14
                ]
            ],
            "rank_gap":-16
        },
        {
            "index":43,
            "아파트명":"라온프라이빗에듀",
            "투자타입":"일반",
            "전용면적(m2)":"79.87",
            "전용면적(평)":"24평",
            "법정동주소":"제주도 서귀포시 대정읍 보성리 2405",
            "도로명주소":"제주도 서귀포시 에듀시티로 74",
            "세대수":50,
            "입주년차":80,
            "용적률점수":"--",
            "건폐율점수":"--",
            "세대당주차수":30,
            "난방방식":30,
            "공급면적":"--",
            "전용률":"--",
            "욕실수":100,
            "현관타입":100,
            "주거총점":61.0,
            "지역구공급총점":100.0,
            "역세권":"NA",
            "30분내 이동가능 거점":"NA",
            "1시간내 이동가능 거점":"NA",
            "교통총점":"NA",
            "백화점":0,
            "아울렛몰":0,
            "대형마트":0,
            "은행":0,
            "병원":0,
            "종합병원":0,
            "공원":0,
            "혐오시설":0,
            "인프라총점":0.0,
            "초등학군":89.96,
            "중학군":50.82,
            "학군총점":58.648,
            "인구수":18.98,
            "인구증감":8.98,
            "인구총점":15.98,
            "일자리":14.55,
            "소득수준":52.75,
            "일자리총점":26.01,
            "가치 총점":36.012,
            "매매실거래년":"18000101",
            "매매실거래가":null,
            "전세실거래년":null,
            "전세실거래가":null,
            "전세가율":null,
            "장기전세가율평균":66.82,
            "전세가율거품지수":null,
            "검색코드":107327,
            "세대수":420.0,
            "준공년월":"2014-09-19",
            "준공년차":9.0,
            "가까운역이름":"NA",
            "가까운역거리":"NA",
            "역세권여부":"NA",
            "30분이내주요거점역":"NA",
            "30분거점역이름":"NA",
            "1시간이내주요거점역":"NA",
            "1시간거점역이름":"NA",
            "3km이내백화점수":0,
            "5km이내아울렛몰수":0,
            "1km이내대형먀트수":0,
            "500m이내은행수":0,
            "500m이내병원수":0,
            "5km이내대형병원수":0,
            "500m이내공원수":0,
            "3km이내혐오시설수":0,
            "초등학교학업성취도":89.96,
            "중학교학업성취도":78.7,
            "용적률":77,
            "건폐율":27,
            "Y":33.288809,
            "X":126.281836,
            "rank":30.0,
            "area_info":"24평(79.87), 24평(80.21), 33평(111.8), 34평(112.88)",
            "last_sales":"1800-01-01,nan,24평(79.87)",
            "rank_history":[
                [
                    "202203",
                    30
                ],
                [
                    "202202",
                    16
                ],
                [
                    "202201",
                    18
                ]
            ],
            "rank_gap":-14
        },
        {
            "index":535,
            "아파트명":"중문메리디안2차(도시형)",
            "투자타입":"일반",
            "전용면적(m2)":"101.51",
            "전용면적(평)":"30평",
            "법정동주소":"제주도 서귀포시 중문동 1847-1",
            "도로명주소":"제주도 서귀포시 1100로 36",
            "세대수":0,
            "입주년차":80,
            "용적률점수":"--",
            "건폐율점수":"--",
            "세대당주차수":60,
            "난방방식":30,
            "공급면적":"--",
            "전용률":"--",
            "욕실수":100,
            "현관타입":100,
            "주거총점":48.0,
            "지역구공급총점":100.0,
            "역세권":"NA",
            "30분내 이동가능 거점":"NA",
            "1시간내 이동가능 거점":"NA",
            "교통총점":"NA",
            "백화점":0,
            "아울렛몰":0,
            "대형마트":80,
            "은행":0,
            "병원":0,
            "종합병원":0,
            "공원":0,
            "혐오시설":0,
            "인프라총점":12.0,
            "초등학군":90.02,
            "중학군":49.12,
            "학군총점":57.3,
            "인구수":18.98,
            "인구증감":8.98,
            "인구총점":15.98,
            "일자리":14.55,
            "소득수준":52.75,
            "일자리총점":26.01,
            "가치 총점":35.925,
            "매매실거래년":"18000101",
            "매매실거래가":null,
            "전세실거래년":null,
            "전세실거래가":null,
            "전세가율":null,
            "장기전세가율평균":66.82,
            "전세가율거품지수":null,
            "검색코드":118438,
            "세대수":64.0,
            "준공년월":"2016-08-12",
            "준공년차":7.0,
            "가까운역이름":"NA",
            "가까운역거리":"NA",
            "역세권여부":"NA",
            "30분이내주요거점역":"NA",
            "30분거점역이름":"NA",
            "1시간이내주요거점역":"NA",
            "1시간거점역이름":"NA",
            "3km이내백화점수":0,
            "5km이내아울렛몰수":0,
            "1km이내대형먀트수":1,
            "500m이내은행수":0,
            "500m이내병원수":0,
            "5km이내대형병원수":0,
            "500m이내공원수":0,
            "3km이내혐오시설수":0,
            "초등학교학업성취도":90.02,
            "중학교학업성취도":81.0,
            "용적률":64,
            "건폐율":19,
            "Y":33.253728,
            "X":126.435425,
            "rank":31.0,
            "area_info":"30평(101.51)",
            "last_sales":"1800-01-01,nan,30평(101.51)",
            "rank_history":[
                [
                    "202203",
                    31
                ],
                [
                    "202202",
                    9999
                ]
            ],
            "rank_gap":9999
        },
        {
            "index":308,
            "아파트명":"탐라해오름(도시형)",
            "투자타입":"일반",
            "전용면적(m2)":"25.16",
            "전용면적(평)":"7평",
            "법정동주소":"제주도 서귀포시 법환동 744-7",
            "도로명주소":"제주도 서귀포시 김정문화로41번길 10-1",
            "세대수":0,
            "입주년차":80,
            "용적률점수":"--",
            "건폐율점수":"--",
            "세대당주차수":0,
            "난방방식":30,
            "공급면적":"--",
            "전용률":"--",
            "욕실수":50,
            "현관타입":100,
            "주거총점":34.0,
            "지역구공급총점":100.0,
            "역세권":"NA",
            "30분내 이동가능 거점":"NA",
            "1시간내 이동가능 거점":"NA",
            "교통총점":"NA",
            "백화점":0,
            "아울렛몰":0,
            "대형마트":100,
            "은행":70,
            "병원":0,
            "종합병원":0,
            "공원":100,
            "혐오시설":0,
            "인프라총점":25.0,
            "초등학군":90.0,
            "중학군":47.42,
            "학군총점":55.936,
            "인구수":18.98,
            "인구증감":8.98,
            "인구총점":15.98,
            "일자리":14.55,
            "소득수준":52.75,
            "일자리총점":26.01,
            "가치 총점":35.884,
            "매매실거래년":"18000101",
            "매매실거래가":null,
            "전세실거래년":null,
            "전세실거래가":null,
            "전세가율":null,
            "장기전세가율평균":66.82,
            "전세가율거품지수":null,
            "검색코드":125663,
            "세대수":53.0,
            "준공년월":"2017-02-02",
            "준공년차":6.0,
            "가까운역이름":"NA",
            "가까운역거리":"NA",
            "역세권여부":"NA",
            "30분이내주요거점역":"NA",
            "30분거점역이름":"NA",
            "1시간이내주요거점역":"NA",
            "1시간거점역이름":"NA",
            "3km이내백화점수":0,
            "5km이내아울렛몰수":0,
            "1km이내대형먀트수":2,
            "500m이내은행수":3,
            "500m이내병원수":0,
            "5km이내대형병원수":0,
            "500m이내공원수":6,
            "3km이내혐오시설수":0,
            "초등학교학업성취도":90.0,
            "중학교학업성취도":77.7,
            "용적률":398,
            "건폐율":79,
            "Y":33.25239,
            "X":126.509534,
            "rank":32.0,
            "area_info":"7평(25.16), 7평(25.18), 8평(27.98), 8평(29.26), 20평(66.83)",
            "last_sales":"1800-01-01,nan,7평(25.16)",
            "rank_history":[
                [
                    "202203",
                    32
                ],
                [
                    "202202",
                    9999
                ]
            ],
            "rank_gap":9999
        },
        {
            "index":505,
            "아파트명":"e편한세상중문",
            "투자타입":"일반",
            "전용면적(m2)":"94.61",
            "전용면적(평)":"28평",
            "법정동주소":"제주도 서귀포시 중문동 1726",
            "도로명주소":"제주도 서귀포시 일주서로731번길 10",
            "세대수":0,
            "입주년차":100,
            "용적률점수":"--",
            "건폐율점수":"--",
            "세대당주차수":30,
            "난방방식":30,
            "공급면적":"--",
            "전용률":"--",
            "욕실수":100,
            "현관타입":100,
            "주거총점":47.5,
            "지역구공급총점":100.0,
            "역세권":"NA",
            "30분내 이동가능 거점":"NA",
            "1시간내 이동가능 거점":"NA",
            "교통총점":"NA",
            "백화점":0,
            "아울렛몰":0,
            "대형마트":80,
            "은행":0,
            "병원":0,
            "종합병원":0,
            "공원":0,
            "혐오시설":0,
            "인프라총점":12.0,
            "초등학군":90.02,
            "중학군":49.12,
            "학군총점":57.3,
            "인구수":18.98,
            "인구증감":8.98,
            "인구총점":15.98,
            "일자리":14.55,
            "소득수준":52.75,
            "일자리총점":26.01,
            "가치 총점":35.75,
            "매매실거래년":20220128.0,
            "매매실거래가":60000.0,
            "전세실거래년":20210725.0,
            "전세실거래가":28000.0,
            "전세가율":76.92,
            "장기전세가율평균":66.82,
            "전세가율거품지수":-10.1,
            "검색코드":126336,
            "세대수":280.0,
            "준공년월":"2021-06-01",
            "준공년차":2.0,
            "가까운역이름":"NA",
            "가까운역거리":"NA",
            "역세권여부":"NA",
            "30분이내주요거점역":"NA",
            "30분거점역이름":"NA",
            "1시간이내주요거점역":"NA",
            "1시간거점역이름":"NA",
            "3km이내백화점수":0,
            "5km이내아울렛몰수":0,
            "1km이내대형먀트수":1,
            "500m이내은행수":0,
            "500m이내병원수":0,
            "5km이내대형병원수":0,
            "500m이내공원수":0,
            "3km이내혐오시설수":0,
            "초등학교학업성취도":90.02,
            "중학교학업성취도":81.0,
            "용적률":164,
            "건폐율":33,
            "Y":33.255987,
            "X":126.430889,
            "rank":33.0,
            "area_info":"28평(94.61), 30평(101.38), 33평(109.28)",
            "last_sales":"2022-01-28,60000.0,33평(109.28)",
            "rank_history":[
                [
                    "202203",
                    33
                ],
                [
                    "202202",
                    14
                ],
                [
                    "202201",
                    15
                ]
            ],
            "rank_gap":-19
        },
        {
            "index":216,
            "아파트명":"제이원클래시움",
            "투자타입":"일반",
            "전용면적(m2)":"45.55",
            "전용면적(평)":"13평",
            "법정동주소":"제주도 서귀포시 동홍동 2197",
            "도로명주소":"제주도 서귀포시 태평로512번길 1-8",
            "세대수":0,
            "입주년차":100,
            "용적률점수":"--",
            "건폐율점수":"--",
            "세대당주차수":30,
            "난방방식":30,
            "공급면적":"--",
            "전용률":"--",
            "욕실수":50,
            "현관타입":100,
            "주거총점":42.5,
            "지역구공급총점":100.0,
            "역세권":"NA",
            "30분내 이동가능 거점":"NA",
            "1시간내 이동가능 거점":"NA",
            "교통총점":"NA",
            "백화점":0,
            "아울렛몰":0,
            "대형마트":0,
            "은행":0,
            "병원":0,
            "종합병원":80,
            "공원":100,
            "혐오시설":0,
            "인프라총점":19.0,
            "초등학군":90.02,
            "중학군":43.6,
            "학군총점":52.884,
            "인구수":18.98,
            "인구증감":8.98,
            "인구총점":15.98,
            "일자리":14.55,
            "소득수준":52.75,
            "일자리총점":26.01,
            "가치 총점":35.696,
            "매매실거래년":20201013.0,
            "매매실거래가":15500.0,
            "전세실거래년":null,
            "전세실거래가":null,
            "전세가율":null,
            "장기전세가율평균":66.82,
            "전세가율거품지수":null,
            "검색코드":131199,
            "세대수":59.0,
            "준공년월":"2020-03-31",
            "준공년차":3.0,
            "가까운역이름":"NA",
            "가까운역거리":"NA",
            "역세권여부":"NA",
            "30분이내주요거점역":"NA",
            "30분거점역이름":"NA",
            "1시간이내주요거점역":"NA",
            "1시간거점역이름":"NA",
            "3km이내백화점수":0,
            "5km이내아울렛몰수":0,
            "1km이내대형먀트수":0,
            "500m이내은행수":0,
            "500m이내병원수":0,
            "5km이내대형병원수":1,
            "500m이내공원수":3,
            "3km이내혐오시설수":0,
            "초등학교학업성취도":90.02,
            "중학교학업성취도":72.4,
            "용적률":235,
            "건폐율":48,
            "Y":33.250486,
            "X":126.573144,
            "rank":34.0,
            "area_info":"13평(45.55), 20평(68.43), 21평(71.86), 24평(81.61), 26평(86.16), 26평(86.89), 26평(87.58), 27평(90.86), 28평(94.43), 28평(95.8), 29평(96.28), 29평(96.29), 29평(98.69), 30평(101.12), 31평(102.89), 31평(103.28), 31평(103.65), 31평(103.27), 31평(103.27), 31평(104.41), 39평(130.07), 40평(134.87), 41평(136.62), 42평(140.86), 49평(163.45)",
            "last_sales":"2020-10-13,15500.0,13평(45.55)",
            "rank_history":[
                [
                    "202203",
                    34
                ],
                [
                    "202202",
                    9999
                ]
            ],
            "rank_gap":9999
        },
        {
            "index":608,
            "아파트명":"제일행복해",
            "투자타입":"일반",
            "전용면적(m2)":"75.54",
            "전용면적(평)":"22평",
            "법정동주소":"제주도 서귀포시 호근동 1328-2",
            "도로명주소":"제주도 서귀포시 호근남로 26",
            "세대수":0,
            "입주년차":80,
            "용적률점수":"--",
            "건폐율점수":"--",
            "세대당주차수":30,
            "난방방식":30,
            "공급면적":"--",
            "전용률":"--",
            "욕실수":100,
            "현관타입":100,
            "주거총점":43.5,
            "지역구공급총점":100.0,
            "역세권":"NA",
            "30분내 이동가능 거점":"NA",
            "1시간내 이동가능 거점":"NA",
            "교통총점":"NA",
            "백화점":0,
            "아울렛몰":0,
            "대형마트":0,
            "은행":0,
            "병원":0,
            "종합병원":80,
            "공원":0,
            "혐오시설":0,
            "인프라총점":16.0,
            "초등학군":90.0,
            "중학군":47.52,
            "학군총점":56.016,
            "인구수":18.98,
            "인구증감":8.98,
            "인구총점":15.98,
            "일자리":14.55,
            "소득수준":52.75,
            "일자리총점":26.01,
            "가치 총점":35.629,
            "매매실거래년":"18000101",
            "매매실거래가":null,
            "전세실거래년":null,
            "전세실거래가":null,
            "전세가율":null,
            "장기전세가율평균":66.82,
            "전세가율거품지수":null,
            "검색코드":132255,
            "세대수":86.0,
            "준공년월":"2017-09-01",
            "준공년차":6.0,
            "가까운역이름":"NA",
            "가까운역거리":"NA",
            "역세권여부":"NA",
            "30분이내주요거점역":"NA",
            "30분거점역이름":"NA",
            "1시간이내주요거점역":"NA",
            "1시간거점역이름":"NA",
            "3km이내백화점수":0,
            "5km이내아울렛몰수":0,
            "1km이내대형먀트수":0,
            "500m이내은행수":0,
            "500m이내병원수":0,
            "5km이내대형병원수":1,
            "500m이내공원수":0,
            "3km이내혐오시설수":0,
            "초등학교학업성취도":90.0,
            "중학교학업성취도":78.0,
            "용적률":142,
            "건폐율":41,
            "Y":33.255308,
            "X":126.52897,
            "rank":35.0,
            "area_info":"22평(75.54), 23평(76.37), 23평(77.38), 23평(77.17), 24평(80.65), 25평(84.57), 27평(90.62), 27평(91.2), 28평(94.7), 29평(97.48), 29평(98.57), 30평(99.47), 30평(99.52), 30평(99.58), 30평(99.65)",
            "last_sales":"1800-01-01,nan,22평(75.54)",
            "rank_history":[
                [
                    "202203",
                    35
                ],
                [
                    "202202",
                    9999
                ]
            ],
            "rank_gap":9999
        },
        {
            "index":353,
            "아파트명":"광진주택(도시형)",
            "투자타입":"일반",
            "전용면적(m2)":"94.15",
            "전용면적(평)":"28평",
            "법정동주소":"제주도 서귀포시 서호동 395-6",
            "도로명주소":"제주도 서귀포시 서호호근로 168-1",
            "세대수":0,
            "입주년차":80,
            "용적률점수":"--",
            "건폐율점수":"--",
            "세대당주차수":30,
            "난방방식":30,
            "공급면적":"--",
            "전용률":"--",
            "욕실수":100,
            "현관타입":100,
            "주거총점":43.5,
            "지역구공급총점":100.0,
            "역세권":"NA",
            "30분내 이동가능 거점":"NA",
            "1시간내 이동가능 거점":"NA",
            "교통총점":"NA",
            "백화점":0,
            "아울렛몰":0,
            "대형마트":0,
            "은행":0,
            "병원":0,
            "종합병원":80,
            "공원":0,
            "혐오시설":0,
            "인프라총점":16.0,
            "초등학군":90.0,
            "중학군":47.42,
            "학군총점":55.936,
            "인구수":18.98,
            "인구증감":8.98,
            "인구총점":15.98,
            "일자리":14.55,
            "소득수준":52.75,
            "일자리총점":26.01,
            "가치 총점":35.609,
            "매매실거래년":"18000101",
            "매매실거래가":null,
            "전세실거래년":null,
            "전세실거래가":null,
            "전세가율":null,
            "장기전세가율평균":66.82,
            "전세가율거품지수":null,
            "검색코드":118056,
            "세대수":64.0,
            "준공년월":"2017-08-07",
            "준공년차":6.0,
            "가까운역이름":"NA",
            "가까운역거리":"NA",
            "역세권여부":"NA",
            "30분이내주요거점역":"NA",
            "30분거점역이름":"NA",
            "1시간이내주요거점역":"NA",
            "1시간거점역이름":"NA",
            "3km이내백화점수":0,
            "5km이내아울렛몰수":0,
            "1km이내대형먀트수":0,
            "500m이내은행수":0,
            "500m이내병원수":0,
            "5km이내대형병원수":1,
            "500m이내공원수":0,
            "3km이내혐오시설수":0,
            "초등학교학업성취도":90.0,
            "중학교학업성취도":77.7,
            "용적률":73,
            "건폐율":19,
            "Y":33.262412,
            "X":126.523908,
            "rank":36.0,
            "area_info":"28평(94.15)",
            "last_sales":"1800-01-01,nan,28평(94.15)",
            "rank_history":[
                [
                    "202203",
                    36
                ],
                [
                    "202202",
                    9999
                ]
            ],
            "rank_gap":9999
        },
        {
            "index":292,
            "아파트명":"루체클래식(도시형)",
            "투자타입":"일반",
            "전용면적(m2)":"91.65",
            "전용면적(평)":"27평",
            "법정동주소":"제주도 서귀포시 법환동 1196-1",
            "도로명주소":"제주도 서귀포시 법환로 61",
            "세대수":0,
            "입주년차":80,
            "용적률점수":"--",
            "건폐율점수":"--",
            "세대당주차수":60,
            "난방방식":30,
            "공급면적":"--",
            "전용률":"--",
            "욕실수":100,
            "현관타입":100,
            "주거총점":48.0,
            "지역구공급총점":100.0,
            "역세권":"NA",
            "30분내 이동가능 거점":"NA",
            "1시간내 이동가능 거점":"NA",
            "교통총점":"NA",
            "백화점":0,
            "아울렛몰":0,
            "대형마트":80,
            "은행":0,
            "병원":0,
            "종합병원":0,
            "공원":0,
            "혐오시설":0,
            "인프라총점":12.0,
            "초등학군":90.07,
            "중학군":47.42,
            "학군총점":55.95,
            "인구수":18.98,
            "인구증감":8.98,
            "인구총점":15.98,
            "일자리":14.55,
            "소득수준":52.75,
            "일자리총점":26.01,
            "가치 총점":35.5875,
            "매매실거래년":"18000101",
            "매매실거래가":null,
            "전세실거래년":null,
            "전세실거래가":null,
            "전세가율":null,
            "장기전세가율평균":66.82,
            "전세가율거품지수":null,
            "검색코드":114839,
            "세대수":79.0,
            "준공년월":"2015-09-25",
            "준공년차":8.0,
            "가까운역이름":"NA",
            "가까운역거리":"NA",
            "역세권여부":"NA",
            "30분이내주요거점역":"NA",
            "30분거점역이름":"NA",
            "1시간이내주요거점역":"NA",
            "1시간거점역이름":"NA",
            "3km이내백화점수":0,
            "5km이내아울렛몰수":0,
            "1km이내대형먀트수":1,
            "500m이내은행수":0,
            "500m이내병원수":0,
            "5km이내대형병원수":0,
            "500m이내공원수":0,
            "3km이내혐오시설수":0,
            "초등학교학업성취도":90.07,
            "중학교학업성취도":77.7,
            "용적률":0,
            "건폐율":0,
            "Y":33.238903,
            "X":126.510267,
            "rank":37.0,
            "area_info":"27평(91.65), 27평(91.73), 27평(92.43), 28평(93.77), 28평(94.81), 29평(96.12), 29평(96.75), 30평(99.27)",
            "last_sales":"1800-01-01,nan,27평(91.65)",
            "rank_history":[
                [
                    "202203",
                    37
                ],
                [
                    "202202",
                    9999
                ]
            ],
            "rank_gap":9999
        },
        {
            "index":261,
            "아파트명":"디자인뷰(도시형)",
            "투자타입":"일반",
            "전용면적(m2)":"73.72",
            "전용면적(평)":"22평",
            "법정동주소":"제주도 서귀포시 법환동 212",
            "도로명주소":"제주도 서귀포시 법환로 12",
            "세대수":0,
            "입주년차":100,
            "용적률점수":"--",
            "건폐율점수":"--",
            "세대당주차수":30,
            "난방방식":30,
            "공급면적":"--",
            "전용률":"--",
            "욕실수":100,
            "현관타입":100,
            "주거총점":47.5,
            "지역구공급총점":100.0,
            "역세권":"NA",
            "30분내 이동가능 거점":"NA",
            "1시간내 이동가능 거점":"NA",
            "교통총점":"NA",
            "백화점":0,
            "아울렛몰":0,
            "대형마트":80,
            "은행":0,
            "병원":0,
            "종합병원":0,
            "공원":0,
            "혐오시설":0,
            "인프라총점":12.0,
            "초등학군":90.07,
            "중학군":47.42,
            "학군총점":55.95,
            "인구수":18.98,
            "인구증감":8.98,
            "인구총점":15.98,
            "일자리":14.55,
            "소득수준":52.75,
            "일자리총점":26.01,
            "가치 총점":35.4125,
            "매매실거래년":"18000101",
            "매매실거래가":null,
            "전세실거래년":null,
            "전세실거래가":null,
            "전세가율":null,
            "장기전세가율평균":66.82,
            "전세가율거품지수":null,
            "검색코드":140917,
            "세대수":112.0,
            "준공년월":"2020-01-16",
            "준공년차":3.0,
            "가까운역이름":"NA",
            "가까운역거리":"NA",
            "역세권여부":"NA",
            "30분이내주요거점역":"NA",
            "30분거점역이름":"NA",
            "1시간이내주요거점역":"NA",
            "1시간거점역이름":"NA",
            "3km이내백화점수":0,
            "5km이내아울렛몰수":0,
            "1km이내대형먀트수":1,
            "500m이내은행수":0,
            "500m이내병원수":0,
            "5km이내대형병원수":0,
            "500m이내공원수":0,
            "3km이내혐오시설수":0,
            "초등학교학업성취도":90.07,
            "중학교학업성취도":77.7,
            "용적률":129,
            "건폐율":42,
            "Y":33.236736,
            "X":126.515079,
            "rank":38.0,
            "area_info":"22평(73.72), 26평(87.44), 27평(89.78), 27평(90.06), 28평(93.46), 28평(94.66), 28평(94.09), 28평(94.74), 28평(94.16), 28평(94.04), 28평(95.68), 28평(95.78), 28평(95.64), 29평(95.9), 28평(95.74), 29평(96.56), 29평(96.81), 29평(96.64), 29평(96.89), 29평(98.51), 29평(98.68), 29평(98.79), 29평(98.7), 30평(99.55), 30평(101.51), 31평(104.28), 31평(105.77), 31평(105.76), 32평(106.54), 32평(107.87), 32평(107.78)",
            "last_sales":"1800-01-01,nan,22평(73.72)",
            "rank_history":[
                [
                    "202203",
                    38
                ],
                [
                    "202202",
                    15
                ],
                [
                    "202201",
                    33
                ]
            ],
            "rank_gap":-23
        },
        {
            "index":7,
            "아파트명":"서귀포강정골드클래스",
            "투자타입":"일반",
            "전용면적(m2)":"109.55",
            "전용면적(평)":"33평",
            "법정동주소":"제주도 서귀포시 강정동 193",
            "도로명주소":"제주도 서귀포시 대청로 11",
            "세대수":0,
            "입주년차":80,
            "용적률점수":"--",
            "건폐율점수":"--",
            "세대당주차수":30,
            "난방방식":30,
            "공급면적":"--",
            "전용률":"--",
            "욕실수":100,
            "현관타입":100,
            "주거총점":43.5,
            "지역구공급총점":100.0,
            "역세권":"NA",
            "30분내 이동가능 거점":"NA",
            "1시간내 이동가능 거점":"NA",
            "교통총점":"NA",
            "백화점":0,
            "아울렛몰":0,
            "대형마트":80,
            "은행":0,
            "병원":0,
            "종합병원":0,
            "공원":100,
            "혐오시설":0,
            "인프라총점":15.0,
            "초등학군":90.0,
            "중학군":47.42,
            "학군총점":55.936,
            "인구수":18.98,
            "인구증감":8.98,
            "인구총점":15.98,
            "일자리":14.55,
            "소득수준":52.75,
            "일자리총점":26.01,
            "가치 총점":35.209,
            "매매실거래년":20220102.0,
            "매매실거래가":53000.0,
            "전세실거래년":20220207.0,
            "전세실거래가":40000.0,
            "전세가율":75.47,
            "장기전세가율평균":66.82,
            "전세가율거품지수":-8.65,
            "검색코드":109607,
            "세대수":212.0,
            "준공년월":"2016-12-01",
            "준공년차":7.0,
            "가까운역이름":"NA",
            "가까운역거리":"NA",
            "역세권여부":"NA",
            "30분이내주요거점역":"NA",
            "30분거점역이름":"NA",
            "1시간이내주요거점역":"NA",
            "1시간거점역이름":"NA",
            "3km이내백화점수":0,
            "5km이내아울렛몰수":0,
            "1km이내대형먀트수":1,
            "500m이내은행수":0,
            "500m이내병원수":0,
            "5km이내대형병원수":0,
            "500m이내공원수":4,
            "3km이내혐오시설수":0,
            "초등학교학업성취도":90.0,
            "중학교학업성취도":77.7,
            "용적률":139,
            "건폐율":18,
            "Y":33.253664,
            "X":126.501149,
            "rank":39.0,
            "area_info":"33평(109.55)",
            "last_sales":"2022-01-02,53000.0,33평(109.55)",
            "rank_history":[
                [
                    "202203",
                    39
                ],
                [
                    "202202",
                    17
                ],
                [
                    "202201",
                    17
                ]
            ],
            "rank_gap":-22
        },
        {
            "index":490,
            "아파트명":"산방산어반아르떼",
            "투자타입":"일반",
            "전용면적(m2)":"101.53",
            "전용면적(평)":"30평",
            "법정동주소":"제주도 서귀포시 안덕면 화순리 2134",
            "도로명주소":"제주도 서귀포시 화순로 193",
            "세대수":0,
            "입주년차":100,
            "용적률점수":"--",
            "건폐율점수":"--",
            "세대당주차수":30,
            "난방방식":30,
            "공급면적":"--",
            "전용률":"--",
            "욕실수":100,
            "현관타입":100,
            "주거총점":47.5,
            "지역구공급총점":100.0,
            "역세권":"NA",
            "30분내 이동가능 거점":"NA",
            "1시간내 이동가능 거점":"NA",
            "교통총점":"NA",
            "백화점":0,
            "아울렛몰":0,
            "대형마트":80,
            "은행":0,
            "병원":0,
            "종합병원":0,
            "공원":80,
            "혐오시설":0,
            "인프라총점":14.4,
            "초등학군":90.01,
            "중학군":41.36,
            "학군총점":51.09,
            "인구수":18.98,
            "인구증감":8.98,
            "인구총점":15.98,
            "일자리":14.55,
            "소득수준":52.75,
            "일자리총점":26.01,
            "가치 총점":35.1575,
            "매매실거래년":"18000101",
            "매매실거래가":null,
            "전세실거래년":null,
            "전세실거래가":null,
            "전세가율":null,
            "장기전세가율평균":66.82,
            "전세가율거품지수":null,
            "검색코드":125794,
            "세대수":72.0,
            "준공년월":"2019-01-30",
            "준공년차":4.0,
            "가까운역이름":"NA",
            "가까운역거리":"NA",
            "역세권여부":"NA",
            "30분이내주요거점역":"NA",
            "30분거점역이름":"NA",
            "1시간이내주요거점역":"NA",
            "1시간거점역이름":"NA",
            "3km이내백화점수":0,
            "5km이내아울렛몰수":0,
            "1km이내대형먀트수":1,
            "500m이내은행수":0,
            "500m이내병원수":0,
            "5km이내대형병원수":0,
            "500m이내공원수":1,
            "3km이내혐오시설수":0,
            "초등학교학업성취도":90.01,
            "중학교학업성취도":68.0,
            "용적률":72,
            "건폐율":19,
            "Y":33.246543,
            "X":126.32529,
            "rank":40.0,
            "area_info":"30평(101.53)",
            "last_sales":"1800-01-01,nan,30평(101.53)",
            "rank_history":[
                [
                    "202203",
                    40
                ],
                [
                    "202202",
                    9999
                ]
            ],
            "rank_gap":9999
        },
        {
            "index":430,
            "아파트명":"형남3차",
            "투자타입":"일반",
            "전용면적(m2)":"106.0",
            "전용면적(평)":"32평",
            "법정동주소":"제주도 서귀포시 서홍동 1602",
            "도로명주소":"제주도 서귀포시 홍중로 115",
            "세대수":0,
            "입주년차":60,
            "용적률점수":"--",
            "건폐율점수":"--",
            "세대당주차수":0,
            "난방방식":30,
            "공급면적":"--",
            "전용률":"--",
            "욕실수":100,
            "현관타입":10,
            "주거총점":26.0,
            "지역구공급총점":100.0,
            "역세권":"NA",
            "30분내 이동가능 거점":"NA",
            "1시간내 이동가능 거점":"NA",
            "교통총점":"NA",
            "백화점":0,
            "아울렛몰":0,
            "대형마트":80,
            "은행":0,
            "병원":0,
            "종합병원":80,
            "공원":0,
            "혐오시설":0,
            "인프라총점":28.0,
            "초등학군":90.0,
            "중학군":49.58,
            "학군총점":57.664,
            "인구수":18.98,
            "인구증감":8.98,
            "인구총점":15.98,
            "일자리":14.55,
            "소득수준":52.75,
            "일자리총점":26.01,
            "가치 총점":34.716,
            "매매실거래년":20210902.0,
            "매매실거래가":29000.0,
            "전세실거래년":20130310.0,
            "전세실거래가":12000.0,
            "전세가율":41.38,
            "장기전세가율평균":66.82,
            "전세가율거품지수":25.44,
            "검색코드":117317,
            "세대수":84.0,
            "준공년월":"2011-11-29",
            "준공년차":12.0,
            "가까운역이름":"NA",
            "가까운역거리":"NA",
            "역세권여부":"NA",
            "30분이내주요거점역":"NA",
            "30분거점역이름":"NA",
            "1시간이내주요거점역":"NA",
            "1시간거점역이름":"NA",
            "3km이내백화점수":0,
            "5km이내아울렛몰수":0,
            "1km이내대형먀트수":1,
            "500m이내은행수":0,
            "500m이내병원수":0,
            "5km이내대형병원수":1,
            "500m이내공원수":0,
            "3km이내혐오시설수":0,
            "초등학교학업성취도":90.0,
            "중학교학업성취도":81.5,
            "용적률":130,
            "건폐율":26,
            "Y":33.262711,
            "X":126.555355,
            "rank":41.0,
            "area_info":"32평(106.0), 32평(106.97), 32평(106.23), 32평(106.85), 32평(106.97), 32평(107.2), 32평(107.2)",
            "last_sales":"2021-09-02,29000.0,32평(106.0)",
            "rank_history":[
                [
                    "202203",
                    41
                ],
                [
                    "202202",
                    9999
                ]
            ],
            "rank_gap":9999
        },
        {
            "index":122,
            "아파트명":"대오",
            "투자타입":"일반",
            "전용면적(m2)":"60.19",
            "전용면적(평)":"18평",
            "법정동주소":"제주도 서귀포시 동홍동 506-1",
            "도로명주소":"제주도 서귀포시 동홍서로 83",
            "세대수":0,
            "입주년차":0,
            "용적률점수":"--",
            "건폐율점수":"--",
            "세대당주차수":30,
            "난방방식":30,
            "공급면적":"--",
            "전용률":"--",
            "욕실수":50,
            "현관타입":100,
            "주거총점":22.5,
            "지역구공급총점":100.0,
            "역세권":"NA",
            "30분내 이동가능 거점":"NA",
            "1시간내 이동가능 거점":"NA",
            "교통총점":"NA",
            "백화점":0,
            "아울렛몰":0,
            "대형마트":80,
            "은행":0,
            "병원":0,
            "종합병원":80,
            "공원":100,
            "혐오시설":0,
            "인프라총점":31.0,
            "초등학군":89.99,
            "중학군":49.58,
            "학군총점":57.662,
            "인구수":18.98,
            "인구증감":8.98,
            "인구총점":15.98,
            "일자리":14.55,
            "소득수준":52.75,
            "일자리총점":26.01,
            "가치 총점":34.6905,
            "매매실거래년":20191021.0,
            "매매실거래가":17300.0,
            "전세실거래년":null,
            "전세실거래가":null,
            "전세가율":null,
            "장기전세가율평균":66.82,
            "전세가율거품지수":null,
            "검색코드":17134,
            "세대수":70.0,
            "준공년월":"1998-03-11",
            "준공년차":25.0,
            "가까운역이름":"NA",
            "가까운역거리":"NA",
            "역세권여부":"NA",
            "30분이내주요거점역":"NA",
            "30분거점역이름":"NA",
            "1시간이내주요거점역":"NA",
            "1시간거점역이름":"NA",
            "3km이내백화점수":0,
            "5km이내아울렛몰수":0,
            "1km이내대형먀트수":1,
            "500m이내은행수":1,
            "500m이내병원수":0,
            "5km이내대형병원수":1,
            "500m이내공원수":4,
            "3km이내혐오시설수":0,
            "초등학교학업성취도":89.99,
            "중학교학업성취도":81.5,
            "용적률":242,
            "건폐율":41,
            "Y":33.256157,
            "X":126.569269,
            "rank":42.0,
            "area_info":"18평(60.19), 22평(74.62), 23평(76.53), 23평(78.84), 23평(78.85), 25평(85.37), 28평(92.67), 28평(93.09), 28평(95.62)",
            "last_sales":"2019-10-21,17300.0,28평(95.62)",
            "rank_history":[
                [
                    "202203",
                    42
                ],
                [
                    "202202",
                    9999
                ]
            ],
            "rank_gap":9999
        },
        {
            "index":161,
            "아파트명":"동홍코아루",
            "투자타입":"일반",
            "전용면적(m2)":"86.92",
            "전용면적(평)":"26평",
            "법정동주소":"제주도 서귀포시 동홍동 157",
            "도로명주소":"제주도 서귀포시 일주동로 8565",
            "세대수":0,
            "입주년차":60,
            "용적률점수":"--",
            "건폐율점수":"--",
            "세대당주차수":30,
            "난방방식":30,
            "공급면적":"--",
            "전용률":"--",
            "욕실수":100,
            "현관타입":100,
            "주거총점":39.5,
            "지역구공급총점":100.0,
            "역세권":"NA",
            "30분내 이동가능 거점":"NA",
            "1시간내 이동가능 거점":"NA",
            "교통총점":"NA",
            "백화점":0,
            "아울렛몰":0,
            "대형마트":0,
            "은행":0,
            "병원":0,
            "종합병원":80,
            "공원":100,
            "혐오시설":0,
            "인프라총점":19.0,
            "초등학군":89.99,
            "중학군":43.6,
            "학군총점":52.878,
            "인구수":18.98,
            "인구증감":8.98,
            "인구총점":15.98,
            "일자리":14.55,
            "소득수준":52.75,
            "일자리총점":26.01,
            "가치 총점":34.6445,
            "매매실거래년":20210525.0,
            "매매실거래가":34400.0,
            "전세실거래년":null,
            "전세실거래가":null,
            "전세가율":null,
            "장기전세가율평균":66.82,
            "전세가율거품지수":null,
            "검색코드":105110,
            "세대수":263.0,
            "준공년월":"2013-09-11",
            "준공년차":10.0,
            "가까운역이름":"NA",
            "가까운역거리":"NA",
            "역세권여부":"NA",
            "30분이내주요거점역":"NA",
            "30분거점역이름":"NA",
            "1시간이내주요거점역":"NA",
            "1시간거점역이름":"NA",
            "3km이내백화점수":0,
            "5km이내아울렛몰수":0,
            "1km이내대형먀트수":0,
            "500m이내은행수":1,
            "500m이내병원수":0,
            "5km이내대형병원수":1,
            "500m이내공원수":6,
            "3km이내혐오시설수":0,
            "초등학교학업성취도":89.99,
            "중학교학업성취도":72.4,
            "용적률":169,
            "건폐율":26,
            "Y":33.254116,
            "X":126.573713,
            "rank":43.0,
            "area_info":"26평(86.92), 26평(86.88), 26평(86.9), 26평(87.98), 26평(88.03), 26평(88.0), 27평(92.53), 27평(92.51), 33평(110.32), 33평(110.28), 34평(113.38), 34평(113.42), 34평(113.38)",
            "last_sales":"2021-05-25,34400.0,34평(113.38)",
            "rank_history":[
                [
                    "202203",
                    43
                ],
                [
                    "202202",
                    18
                ],
                [
                    "202201",
                    16
                ]
            ],
            "rank_gap":-25
        },
        {
            "index":174,
            "아파트명":"동홍형남",
            "투자타입":"일반",
            "전용면적(m2)":"100.58",
            "전용면적(평)":"30평",
            "법정동주소":"제주도 서귀포시 동홍동 76-1",
            "도로명주소":"제주도 서귀포시 동홍중앙로90번길 38-4",
            "세대수":0,
            "입주년차":80,
            "용적률점수":"--",
            "건폐율점수":"--",
            "세대당주차수":0,
            "난방방식":30,
            "공급면적":"--",
            "전용률":"--",
            "욕실수":100,
            "현관타입":100,
            "주거총점":39.0,
            "지역구공급총점":100.0,
            "역세권":"NA",
            "30분내 이동가능 거점":"NA",
            "1시간내 이동가능 거점":"NA",
            "교통총점":"NA",
            "백화점":0,
            "아울렛몰":0,
            "대형마트":0,
            "은행":0,
            "병원":0,
            "종합병원":80,
            "공원":100,
            "혐오시설":0,
            "인프라총점":19.0,
            "초등학군":89.99,
            "중학군":43.6,
            "학군총점":52.878,
            "인구수":18.98,
            "인구증감":8.98,
            "인구총점":15.98,
            "일자리":14.55,
            "소득수준":52.75,
            "일자리총점":26.01,
            "가치 총점":34.4695,
            "매매실거래년":20200729.0,
            "매매실거래가":37000.0,
            "전세실거래년":null,
            "전세실거래가":null,
            "전세가율":null,
            "장기전세가율평균":66.82,
            "전세가율거품지수":null,
            "검색코드":122999,
            "세대수":68.0,
            "준공년월":"2017-01-26",
            "준공년차":6.0,
            "가까운역이름":"NA",
            "가까운역거리":"NA",
            "역세권여부":"NA",
            "30분이내주요거점역":"NA",
            "30분거점역이름":"NA",
            "1시간이내주요거점역":"NA",
            "1시간거점역이름":"NA",
            "3km이내백화점수":0,
            "5km이내아울렛몰수":0,
            "1km이내대형먀트수":0,
            "500m이내은행수":0,
            "500m이내병원수":0,
            "5km이내대형병원수":1,
            "500m이내공원수":4,
            "3km이내혐오시설수":0,
            "초등학교학업성취도":89.99,
            "중학교학업성취도":72.4,
            "용적률":203,
            "건폐율":31,
            "Y":33.258049,
            "X":126.575984,
            "rank":44.0,
            "area_info":"30평(100.58), 30평(101.43)",
            "last_sales":"2020-07-29,37000.0,30평(100.58)",
            "rank_history":[
                [
                    "202203",
                    44
                ],
                [
                    "202202",
                    9999
                ]
            ],
            "rank_gap":9999
        },
        {
            "index":413,
            "아파트명":"아우룸숲",
            "투자타입":"일반",
            "전용면적(m2)":"73.0",
            "전용면적(평)":"22평",
            "법정동주소":"제주도 서귀포시 서홍동 1598",
            "도로명주소":"제주도 서귀포시 홍중로 105",
            "세대수":0,
            "입주년차":80,
            "용적률점수":"--",
            "건폐율점수":"--",
            "세대당주차수":0,
            "난방방식":30,
            "공급면적":"--",
            "전용률":"--",
            "욕실수":50,
            "현관타입":10,
            "주거총점":25.0,
            "지역구공급총점":100.0,
            "역세권":"NA",
            "30분내 이동가능 거점":"NA",
            "1시간내 이동가능 거점":"NA",
            "교통총점":"NA",
            "백화점":0,
            "아울렛몰":0,
            "대형마트":80,
            "은행":0,
            "병원":0,
            "종합병원":80,
            "공원":0,
            "혐오시설":0,
            "인프라총점":28.0,
            "초등학군":90.0,
            "중학군":49.58,
            "학군총점":57.664,
            "인구수":18.98,
            "인구증감":8.98,
            "인구총점":15.98,
            "일자리":14.55,
            "소득수준":52.75,
            "일자리총점":26.01,
            "가치 총점":34.366,
            "매매실거래년":20211213.0,
            "매매실거래가":30700.0,
            "전세실거래년":null,
            "전세실거래가":null,
            "전세가율":null,
            "장기전세가율평균":66.82,
            "전세가율거품지수":null,
            "검색코드":117150,
            "세대수":54.0,
            "준공년월":"2016-09-08",
            "준공년차":7.0,
            "가까운역이름":"NA",
            "가까운역거리":"NA",
            "역세권여부":"NA",
            "30분이내주요거점역":"NA",
            "30분거점역이름":"NA",
            "1시간이내주요거점역":"NA",
            "1시간거점역이름":"NA",
            "3km이내백화점수":0,
            "5km이내아울렛몰수":0,
            "1km이내대형먀트수":1,
            "500m이내은행수":0,
            "500m이내병원수":0,
            "5km이내대형병원수":1,
            "500m이내공원수":0,
            "3km이내혐오시설수":0,
            "초등학교학업성취도":90.0,
            "중학교학업성취도":81.5,
            "용적률":171,
            "건폐율":32,
            "Y":33.261778,
            "X":126.555194,
            "rank":45.0,
            "area_info":"22평(73.0), 22평(73.0), 30평(101.43), 30평(101.77)",
            "last_sales":"2021-12-13,30700.0,30평(101.43)",
            "rank_history":[
                [
                    "202203",
                    45
                ],
                [
                    "202202",
                    9999
                ]
            ],
            "rank_gap":9999
        },
        {
            "index":532,
            "아파트명":"중문남해오네뜨오션힐",
            "투자타입":"일반",
            "전용면적(m2)":"88.77",
            "전용면적(평)":"26평",
            "법정동주소":"제주도 서귀포시 중문동 1725",
            "도로명주소":"제주도 서귀포시 중문상로82번길 15",
            "세대수":0,
            "입주년차":80,
            "용적률점수":"--",
            "건폐율점수":"--",
            "세대당주차수":30,
            "난방방식":30,
            "공급면적":"--",
            "전용률":"--",
            "욕실수":100,
            "현관타입":100,
            "주거총점":43.5,
            "지역구공급총점":100.0,
            "역세권":"NA",
            "30분내 이동가능 거점":"NA",
            "1시간내 이동가능 거점":"NA",
            "교통총점":"NA",
            "백화점":0,
            "아울렛몰":0,
            "대형마트":80,
            "은행":0,
            "병원":0,
            "종합병원":0,
            "공원":0,
            "혐오시설":0,
            "인프라총점":12.0,
            "초등학군":90.02,
            "중학군":49.12,
            "학군총점":57.3,
            "인구수":18.98,
            "인구증감":8.98,
            "인구총점":15.98,
            "일자리":14.55,
            "소득수준":52.75,
            "일자리총점":26.01,
            "가치 총점":34.35,
            "매매실거래년":20220218.0,
            "매매실거래가":35000.0,
            "전세실거래년":20220207.0,
            "전세실거래가":24000.0,
            "전세가율":75.0,
            "장기전세가율평균":66.82,
            "전세가율거품지수":-8.18,
            "검색코드":110808,
            "세대수":290.0,
            "준공년월":"2016-11-01",
            "준공년차":7.0,
            "가까운역이름":"NA",
            "가까운역거리":"NA",
            "역세권여부":"NA",
            "30분이내주요거점역":"NA",
            "30분거점역이름":"NA",
            "1시간이내주요거점역":"NA",
            "1시간거점역이름":"NA",
            "3km이내백화점수":0,
            "5km이내아울렛몰수":0,
            "1km이내대형먀트수":1,
            "500m이내은행수":0,
            "500m이내병원수":0,
            "5km이내대형병원수":0,
            "500m이내공원수":0,
            "3km이내혐오시설수":0,
            "초등학교학업성취도":90.02,
            "중학교학업성취도":81.0,
            "용적률":124,
            "건폐율":32,
            "Y":33.255702,
            "X":126.429923,
            "rank":46.0,
            "area_info":"26평(88.77), 33평(109.44)",
            "last_sales":"2022-02-18,35000.0,33평(109.44)",
            "rank_history":[
                [
                    "202203",
                    46
                ],
                [
                    "202202",
                    19
                ],
                [
                    "202201",
                    20
                ]
            ],
            "rank_gap":-27
        },
        {
            "index":111,
            "아파트명":"천마에코피아7차(도시형)",
            "투자타입":"일반",
            "전용면적(m2)":"100.7",
            "전용면적(평)":"30평",
            "법정동주소":"제주도 서귀포시 대포동 792",
            "도로명주소":"제주도 서귀포시 대포중앙로 21",
            "세대수":0,
            "입주년차":80,
            "용적률점수":"--",
            "건폐율점수":"--",
            "세대당주차수":30,
            "난방방식":30,
            "공급면적":"--",
            "전용률":"--",
            "욕실수":100,
            "현관타입":100,
            "주거총점":43.5,
            "지역구공급총점":100.0,
            "역세권":"NA",
            "30분내 이동가능 거점":"NA",
            "1시간내 이동가능 거점":"NA",
            "교통총점":"NA",
            "백화점":0,
            "아울렛몰":0,
            "대형마트":80,
            "은행":0,
            "병원":0,
            "종합병원":0,
            "공원":0,
            "혐오시설":0,
            "인프라총점":12.0,
            "초등학군":90.02,
            "중학군":49.12,
            "학군총점":57.3,
            "인구수":18.98,
            "인구증감":8.98,
            "인구총점":15.98,
            "일자리":14.55,
            "소득수준":52.75,
            "일자리총점":26.01,
            "가치 총점":34.35,
            "매매실거래년":"18000101",
            "매매실거래가":null,
            "전세실거래년":null,
            "전세실거래가":null,
            "전세가율":null,
            "장기전세가율평균":66.82,
            "전세가율거품지수":null,
            "검색코드":124132,
            "세대수":72.0,
            "준공년월":"2018-03-16",
            "준공년차":5.0,
            "가까운역이름":"NA",
            "가까운역거리":"NA",
            "역세권여부":"NA",
            "30분이내주요거점역":"NA",
            "30분거점역이름":"NA",
            "1시간이내주요거점역":"NA",
            "1시간거점역이름":"NA",
            "3km이내백화점수":0,
            "5km이내아울렛몰수":0,
            "1km이내대형먀트수":1,
            "500m이내은행수":0,
            "500m이내병원수":0,
            "5km이내대형병원수":0,
            "500m이내공원수":0,
            "3km이내혐오시설수":0,
            "초등학교학업성취도":90.02,
            "중학교학업성취도":81.0,
            "용적률":72,
            "건폐율":19,
            "Y":33.24928,
            "X":126.433598,
            "rank":46.0,
            "area_info":"30평(100.7)",
            "last_sales":"1800-01-01,nan,30평(100.7)",
            "rank_history":[
                [
                    "202203",
                    46
                ],
                [
                    "202202",
                    9999
                ]
            ],
            "rank_gap":9999
        },
        {
            "index":247,
            "아파트명":"제이원파크(도시형)",
            "투자타입":"일반",
            "전용면적(m2)":"76.86",
            "전용면적(평)":"23평",
            "법정동주소":"제주도 서귀포시 동홍동 405-1",
            "도로명주소":"제주도 서귀포시 동홍서로 10-10",
            "세대수":0,
            "입주년차":80,
            "용적률점수":"--",
            "건폐율점수":"--",
            "세대당주차수":30,
            "난방방식":30,
            "공급면적":"--",
            "전용률":"--",
            "욕실수":50,
            "현관타입":100,
            "주거총점":38.5,
            "지역구공급총점":100.0,
            "역세권":"NA",
            "30분내 이동가능 거점":"NA",
            "1시간내 이동가능 거점":"NA",
            "교통총점":"NA",
            "백화점":0,
            "아울렛몰":0,
            "대형마트":0,
            "은행":0,
            "병원":0,
            "종합병원":80,
            "공원":100,
            "혐오시설":0,
            "인프라총점":19.0,
            "초등학군":90.02,
            "중학군":43.6,
            "학군총점":52.884,
            "인구수":18.98,
            "인구증감":8.98,
            "인구총점":15.98,
            "일자리":14.55,
            "소득수준":52.75,
            "일자리총점":26.01,
            "가치 총점":34.296,
            "매매실거래년":20210417.0,
            "매매실거래가":26000.0,
            "전세실거래년":20211015.0,
            "전세실거래가":16000.0,
            "전세가율":88.89,
            "장기전세가율평균":66.82,
            "전세가율거품지수":-22.07,
            "검색코드":110103,
            "세대수":105.0,
            "준공년월":"2015-11-20",
            "준공년차":8.0,
            "가까운역이름":"NA",
            "가까운역거리":"NA",
            "역세권여부":"NA",
            "30분이내주요거점역":"NA",
            "30분거점역이름":"NA",
            "1시간이내주요거점역":"NA",
            "1시간거점역이름":"NA",
            "3km이내백화점수":0,
            "5km이내아울렛몰수":0,
            "1km이내대형먀트수":0,
            "500m이내은행수":0,
            "500m이내병원수":0,
            "5km이내대형병원수":1,
            "500m이내공원수":3,
            "3km이내혐오시설수":0,
            "초등학교학업성취도":90.02,
            "중학교학업성취도":72.4,
            "용적률":164,
            "건폐율":36,
            "Y":33.250848,
            "X":126.571259,
            "rank":47.0,
            "area_info":"23평(76.86), 23평(76.86), 28평(93.24), 28평(93.24), 28평(93.97), 28평(93.97)",
            "last_sales":"2021-04-17,26000.0,28평(93.97)",
            "rank_history":[
                [
                    "202203",
                    47
                ],
                [
                    "202202",
                    20
                ],
                [
                    "202201",
                    19
                ]
            ],
            "rank_gap":-27
        },
        {
            "index":342,
            "아파트명":"효림스카이",
            "투자타입":"일반",
            "전용면적(m2)":"18.57",
            "전용면적(평)":"5평",
            "법정동주소":"제주도 서귀포시 서귀동 150",
            "도로명주소":"제주도 서귀포시 태평로 446",
            "세대수":0,
            "입주년차":40,
            "용적률점수":"--",
            "건폐율점수":"--",
            "세대당주차수":0,
            "난방방식":30,
            "공급면적":"--",
            "전용률":"--",
            "욕실수":50,
            "현관타입":10,
            "주거총점":17.0,
            "지역구공급총점":100.0,
            "역세권":"NA",
            "30분내 이동가능 거점":"NA",
            "1시간내 이동가능 거점":"NA",
            "교통총점":"NA",
            "백화점":0,
            "아울렛몰":0,
            "대형마트":100,
            "은행":20,
            "병원":0,
            "종합병원":80,
            "공원":100,
            "혐오시설":0,
            "인프라총점":36.0,
            "초등학군":90.03,
            "중학군":43.6,
            "학군총점":52.886,
            "인구수":18.98,
            "인구증감":8.98,
            "인구총점":15.98,
            "일자리":14.55,
            "소득수준":52.75,
            "일자리총점":26.01,
            "가치 총점":33.5715,
            "매매실거래년":20200309.0,
            "매매실거래가":10000.0,
            "전세실거래년":null,
            "전세실거래가":null,
            "전세가율":null,
            "장기전세가율평균":66.82,
            "전세가율거품지수":null,
            "검색코드":117495,
            "세대수":88.0,
            "준공년월":"2007-01-23",
            "준공년차":16.0,
            "가까운역이름":"NA",
            "가까운역거리":"NA",
            "역세권여부":"NA",
            "30분이내주요거점역":"NA",
            "30분거점역이름":"NA",
            "1시간이내주요거점역":"NA",
            "1시간거점역이름":"NA",
            "3km이내백화점수":0,
            "5km이내아울렛몰수":0,
            "1km이내대형먀트수":2,
            "500m이내은행수":2,
            "500m이내병원수":0,
            "5km이내대형병원수":1,
            "500m이내공원수":2,
            "3km이내혐오시설수":0,
            "초등학교학업성취도":90.03,
            "중학교학업성취도":72.4,
            "용적률":556,
            "건폐율":71,
            "Y":33.246161,
            "X":126.567643,
            "rank":48.0,
            "area_info":"5평(18.57), 9평(32.56), 13평(45.52), 15평(50.84)",
            "last_sales":"2020-03-09,10000.0,15평(50.84)",
            "rank_history":[
                [
                    "202203",
                    48
                ],
                [
                    "202202",
                    9999
                ]
            ],
            "rank_gap":9999
        },
        {
            "index":424,
            "아파트명":"태봉그린피아",
            "투자타입":"일반",
            "전용면적(m2)":"53.74",
            "전용면적(평)":"16평",
            "법정동주소":"제주도 서귀포시 서홍동 299-1",
            "도로명주소":"제주도 서귀포시 홍중로 92",
            "세대수":0,
            "입주년차":20,
            "용적률점수":"--",
            "건폐율점수":"--",
            "세대당주차수":0,
            "난방방식":30,
            "공급면적":"--",
            "전용률":"--",
            "욕실수":50,
            "현관타입":100,
            "주거총점":22.0,
            "지역구공급총점":100.0,
            "역세권":"NA",
            "30분내 이동가능 거점":"NA",
            "1시간내 이동가능 거점":"NA",
            "교통총점":"NA",
            "백화점":0,
            "아울렛몰":0,
            "대형마트":80,
            "은행":0,
            "병원":0,
            "종합병원":80,
            "공원":0,
            "혐오시설":0,
            "인프라총점":28.0,
            "초등학군":90.0,
            "중학군":49.58,
            "학군총점":57.664,
            "인구수":18.98,
            "인구증감":8.98,
            "인구총점":15.98,
            "일자리":14.55,
            "소득수준":52.75,
            "일자리총점":26.01,
            "가치 총점":33.316,
            "매매실거래년":20220129.0,
            "매매실거래가":9700.0,
            "전세실거래년":20180314.0,
            "전세실거래가":7000.0,
            "전세가율":72.16,
            "장기전세가율평균":66.82,
            "전세가율거품지수":-5.34,
            "검색코드":108608,
            "세대수":126.0,
            "준공년월":"2002-01-31",
            "준공년차":21.0,
            "가까운역이름":"NA",
            "가까운역거리":"NA",
            "역세권여부":"NA",
            "30분이내주요거점역":"NA",
            "30분거점역이름":"NA",
            "1시간이내주요거점역":"NA",
            "1시간거점역이름":"NA",
            "3km이내백화점수":0,
            "5km이내아울렛몰수":0,
            "1km이내대형먀트수":1,
            "500m이내은행수":0,
            "500m이내병원수":0,
            "5km이내대형병원수":1,
            "500m이내공원수":0,
            "3km이내혐오시설수":0,
            "초등학교학업성취도":90.0,
            "중학교학업성취도":81.5,
            "용적률":217,
            "건폐율":36,
            "Y":33.260592,
            "X":126.555921,
            "rank":49.0,
            "area_info":"16평(53.74), 24평(81.75)",
            "last_sales":"2022-01-29,9700.0,16평(53.74)",
            "rank_history":[
                [
                    "202203",
                    49
                ],
                [
                    "202202",
                    21
                ],
                [
                    "202201",
                    23
                ]
            ],
            "rank_gap":-28
        },
        {
            "index":13,
            "아파트명":"스마트하이빌(도시형)",
            "투자타입":"일반",
            "전용면적(m2)":"34.56",
            "전용면적(평)":"10평",
            "법정동주소":"제주도 서귀포시 강정동 175-2",
            "도로명주소":"제주도 서귀포시 신중남로 1",
            "세대수":0,
            "입주년차":60,
            "용적률점수":"--",
            "건폐율점수":"--",
            "세대당주차수":0,
            "난방방식":30,
            "공급면적":"--",
            "전용률":"--",
            "욕실수":50,
            "현관타입":100,
            "주거총점":30.0,
            "지역구공급총점":100.0,
            "역세권":"NA",
            "30분내 이동가능 거점":"NA",
            "1시간내 이동가능 거점":"NA",
            "교통총점":"NA",
            "백화점":0,
            "아울렛몰":0,
            "대형마트":80,
            "은행":70,
            "병원":0,
            "종합병원":0,
            "공원":100,
            "혐오시설":0,
            "인프라총점":22.0,
            "초등학군":90.0,
            "중학군":47.42,
            "학군총점":55.936,
            "인구수":18.98,
            "인구증감":8.98,
            "인구총점":15.98,
            "일자리":14.55,
            "소득수준":52.75,
            "일자리총점":26.01,
            "가치 총점":33.284,
            "매매실거래년":20220115.0,
            "매매실거래가":12000.0,
            "전세실거래년":20200207.0,
            "전세실거래가":5000.0,
            "전세가율":58.82,
            "장기전세가율평균":66.82,
            "전세가율거품지수":8.0,
            "검색코드":121646,
            "세대수":56.0,
            "준공년월":"2013-04-04",
            "준공년차":10.0,
            "가까운역이름":"NA",
            "가까운역거리":"NA",
            "역세권여부":"NA",
            "30분이내주요거점역":"NA",
            "30분거점역이름":"NA",
            "1시간이내주요거점역":"NA",
            "1시간거점역이름":"NA",
            "3km이내백화점수":0,
            "5km이내아울렛몰수":0,
            "1km이내대형먀트수":1,
            "500m이내은행수":3,
            "500m이내병원수":0,
            "5km이내대형병원수":0,
            "500m이내공원수":3,
            "3km이내혐오시설수":0,
            "초등학교학업성취도":90.0,
            "중학교학업성취도":77.7,
            "용적률":510,
            "건폐율":79,
            "Y":33.251908,
            "X":126.508003,
            "rank":50.0,
            "area_info":"10평(34.56), 11평(39.16), 12평(40.91), 13평(46.07)",
            "last_sales":"2022-01-15,12000.0,13평(46.07)",
            "rank_history":[
                [
                    "202203",
                    50
                ],
                [
                    "202202",
                    9999
                ]
            ],
            "rank_gap":9999
        },
        {
            "index":131,
            "아파트명":"덕산캐슬",
            "투자타입":"일반",
            "전용면적(m2)":"109.13",
            "전용면적(평)":"33평",
            "법정동주소":"제주도 서귀포시 동홍동 149-1",
            "도로명주소":"제주도 서귀포시 태평로 529-6",
            "세대수":0,
            "입주년차":40,
            "용적률점수":"--",
            "건폐율점수":"--",
            "세대당주차수":30,
            "난방방식":30,
            "공급면적":"--",
            "전용률":"--",
            "욕실수":100,
            "현관타입":100,
            "주거총점":35.5,
            "지역구공급총점":100.0,
            "역세권":"NA",
            "30분내 이동가능 거점":"NA",
            "1시간내 이동가능 거점":"NA",
            "교통총점":"NA",
            "백화점":0,
            "아울렛몰":0,
            "대형마트":0,
            "은행":0,
            "병원":0,
            "종합병원":80,
            "공원":100,
            "혐오시설":0,
            "인프라총점":19.0,
            "초등학군":89.99,
            "중학군":43.6,
            "학군총점":52.878,
            "인구수":18.98,
            "인구증감":8.98,
            "인구총점":15.98,
            "일자리":14.55,
            "소득수준":52.75,
            "일자리총점":26.01,
            "가치 총점":33.2445,
            "매매실거래년":20211114.0,
            "매매실거래가":25500.0,
            "전세실거래년":20201110.0,
            "전세실거래가":15000.0,
            "전세가율":58.82,
            "장기전세가율평균":66.82,
            "전세가율거품지수":8.0,
            "검색코드":143344,
            "세대수":63.0,
            "준공년월":"2008-04-23",
            "준공년차":15.0,
            "가까운역이름":"NA",
            "가까운역거리":"NA",
            "역세권여부":"NA",
            "30분이내주요거점역":"NA",
            "30분거점역이름":"NA",
            "1시간이내주요거점역":"NA",
            "1시간거점역이름":"NA",
            "3km이내백화점수":0,
            "5km이내아울렛몰수":0,
            "1km이내대형먀트수":0,
            "500m이내은행수":0,
            "500m이내병원수":0,
            "5km이내대형병원수":1,
            "500m이내공원수":4,
            "3km이내혐오시설수":0,
            "초등학교학업성취도":89.99,
            "중학교학업성취도":72.4,
            "용적률":154,
            "건폐율":25,
            "Y":33.252436,
            "X":126.573751,
            "rank":51.0,
            "area_info":"33평(109.13)",
            "last_sales":"2021-11-14,25500.0,33평(109.13)",
            "rank_history":[
                [
                    "202203",
                    51
                ],
                [
                    "202202",
                    9999
                ]
            ],
            "rank_gap":9999
        },
        {
            "index":214,
            "아파트명":"일호3차",
            "투자타입":"일반",
            "전용면적(m2)":"101.72",
            "전용면적(평)":"30평",
            "법정동주소":"제주도 서귀포시 동홍동 82-1",
            "도로명주소":"제주도 서귀포시 동홍북로48번길 10",
            "세대수":0,
            "입주년차":20,
            "용적률점수":"--",
            "건폐율점수":"--",
            "세대당주차수":30,
            "난방방식":30,
            "공급면적":"--",
            "전용률":"--",
            "욕실수":100,
            "현관타입":100,
            "주거총점":31.5,
            "지역구공급총점":100.0,
            "역세권":"NA",
            "30분내 이동가능 거점":"NA",
            "1시간내 이동가능 거점":"NA",
            "교통총점":"NA",
            "백화점":0,
            "아울렛몰":0,
            "대형마트":0,
            "은행":0,
            "병원":0,
            "종합병원":80,
            "공원":100,
            "혐오시설":0,
            "인프라총점":19.0,
            "초등학군":89.99,
            "중학군":49.58,
            "학군총점":57.662,
            "인구수":18.98,
            "인구증감":8.98,
            "인구총점":15.98,
            "일자리":14.55,
            "소득수준":52.75,
            "일자리총점":26.01,
            "가치 총점":33.0405,
            "매매실거래년":20201225.0,
            "매매실거래가":21600.0,
            "전세실거래년":null,
            "전세실거래가":null,
            "전세가율":null,
            "장기전세가율평균":66.82,
            "전세가율거품지수":null,
            "검색코드":25092,
            "세대수":54.0,
            "준공년월":"2000-12-13",
            "준공년차":23.0,
            "가까운역이름":"NA",
            "가까운역거리":"NA",
            "역세권여부":"NA",
            "30분이내주요거점역":"NA",
            "30분거점역이름":"NA",
            "1시간이내주요거점역":"NA",
            "1시간거점역이름":"NA",
            "3km이내백화점수":0,
            "5km이내아울렛몰수":0,
            "1km이내대형먀트수":0,
            "500m이내은행수":0,
            "500m이내병원수":0,
            "5km이내대형병원수":1,
            "500m이내공원수":4,
            "3km이내혐오시설수":0,
            "초등학교학업성취도":89.99,
            "중학교학업성취도":81.5,
            "용적률":187,
            "건폐율":23,
            "Y":33.25829,
            "X":126.57313,
            "rank":52.0,
            "area_info":"30평(101.72), 51평(171.29)",
            "last_sales":"2020-12-25,21600.0,30평(101.72)",
            "rank_history":[
                [
                    "202203",
                    52
                ],
                [
                    "202202",
                    9999
                ]
            ],
            "rank_gap":9999
        },
        {
            "index":136,
            "아파트명":"동홍대림",
            "투자타입":"일반",
            "전용면적(m2)":"109.23",
            "전용면적(평)":"33평",
            "법정동주소":"제주도 서귀포시 동홍동 114-7",
            "도로명주소":"제주도 서귀포시 동홍중앙로 61",
            "세대수":0,
            "입주년차":20,
            "용적률점수":"--",
            "건폐율점수":"--",
            "세대당주차수":30,
            "난방방식":30,
            "공급면적":"--",
            "전용률":"--",
            "욕실수":100,
            "현관타입":100,
            "주거총점":31.5,
            "지역구공급총점":100.0,
            "역세권":"NA",
            "30분내 이동가능 거점":"NA",
            "1시간내 이동가능 거점":"NA",
            "교통총점":"NA",
            "백화점":0,
            "아울렛몰":0,
            "대형마트":0,
            "은행":0,
            "병원":0,
            "종합병원":80,
            "공원":100,
            "혐오시설":0,
            "인프라총점":19.0,
            "초등학군":89.99,
            "중학군":49.58,
            "학군총점":57.662,
            "인구수":18.98,
            "인구증감":8.98,
            "인구총점":15.98,
            "일자리":14.55,
            "소득수준":52.75,
            "일자리총점":26.01,
            "가치 총점":33.0405,
            "매매실거래년":20211110.0,
            "매매실거래가":35000.0,
            "전세실거래년":20220118.0,
            "전세실거래가":27000.0,
            "전세가율":77.14,
            "장기전세가율평균":66.82,
            "전세가율거품지수":-10.32,
            "검색코드":15138,
            "세대수":192.0,
            "준공년월":"2001-10-31",
            "준공년차":22.0,
            "가까운역이름":"NA",
            "가까운역거리":"NA",
            "역세권여부":"NA",
            "30분이내주요거점역":"NA",
            "30분거점역이름":"NA",
            "1시간이내주요거점역":"NA",
            "1시간거점역이름":"NA",
            "3km이내백화점수":0,
            "5km이내아울렛몰수":0,
            "1km이내대형먀트수":0,
            "500m이내은행수":1,
            "500m이내병원수":0,
            "5km이내대형병원수":1,
            "500m이내공원수":5,
            "3km이내혐오시설수":0,
            "초등학교학업성취도":89.99,
            "중학교학업성취도":81.5,
            "용적률":160,
            "건폐율":22,
            "Y":33.256217,
            "X":126.571393,
            "rank":52.0,
            "area_info":"33평(109.23), 45평(149.71)",
            "last_sales":"2021-11-10,35000.0,33평(109.23)",
            "rank_history":[
                [
                    "202203",
                    52
                ],
                [
                    "202202",
                    22
                ],
                [
                    "202201",
                    22
                ]
            ],
            "rank_gap":-30
        },
        {
            "index":547,
            "아파트명":"중문푸른마을주공",
            "투자타입":"일반",
            "전용면적(m2)":"63.35",
            "전용면적(평)":"19평",
            "법정동주소":"제주도 서귀포시 중문동 1789",
            "도로명주소":"제주도 서귀포시 천제연로 239",
            "세대수":50,
            "입주년차":20,
            "용적률점수":"--",
            "건폐율점수":"--",
            "세대당주차수":0,
            "난방방식":30,
            "공급면적":"--",
            "전용률":"--",
            "욕실수":50,
            "현관타입":100,
            "주거총점":39.5,
            "지역구공급총점":100.0,
            "역세권":"NA",
            "30분내 이동가능 거점":"NA",
            "1시간내 이동가능 거점":"NA",
            "교통총점":"NA",
            "백화점":0,
            "아울렛몰":0,
            "대형마트":80,
            "은행":0,
            "병원":0,
            "종합병원":0,
            "공원":0,
            "혐오시설":0,
            "인프라총점":12.0,
            "초등학군":90.02,
            "중학군":49.12,
            "학군총점":57.3,
            "인구수":18.98,
            "인구증감":8.98,
            "인구총점":15.98,
            "일자리":14.55,
            "소득수준":52.75,
            "일자리총점":26.01,
            "가치 총점":32.95,
            "매매실거래년":20211116.0,
            "매매실거래가":15000.0,
            "전세실거래년":20220225.0,
            "전세실거래가":12600.0,
            "전세가율":54.31,
            "장기전세가율평균":66.82,
            "전세가율거품지수":12.51,
            "검색코드":27198,
            "세대수":460.0,
            "준공년월":"2003-05-20",
            "준공년차":20.0,
            "가까운역이름":"NA",
            "가까운역거리":"NA",
            "역세권여부":"NA",
            "30분이내주요거점역":"NA",
            "30분거점역이름":"NA",
            "1시간이내주요거점역":"NA",
            "1시간거점역이름":"NA",
            "3km이내백화점수":0,
            "5km이내아울렛몰수":0,
            "1km이내대형먀트수":1,
            "500m이내은행수":0,
            "500m이내병원수":0,
            "5km이내대형병원수":0,
            "500m이내공원수":0,
            "3km이내혐오시설수":0,
            "초등학교학업성취도":90.02,
            "중학교학업성취도":81.0,
            "용적률":75,
            "건폐율":19,
            "Y":33.253242,
            "X":126.43148,
            "rank":53.0,
            "area_info":"19평(63.35), 22평(73.25), 22평(73.22)",
            "last_sales":"2021-11-16,15000.0,22평(73.22)",
            "rank_history":[
                [
                    "202203",
                    53
                ],
                [
                    "202202",
                    23
                ],
                [
                    "202201",
                    24
                ]
            ],
            "rank_gap":-30
        },
        {
            "index":65,
            "아파트명":"제주라임힐",
            "투자타입":"일반",
            "전용면적(m2)":"116.96",
            "전용면적(평)":"35평",
            "법정동주소":"제주도 서귀포시 대정읍 보성리 2549",
            "도로명주소":"제주도 서귀포시 영어도시로 77-6",
            "세대수":0,
            "입주년차":100,
            "용적률점수":"--",
            "건폐율점수":"--",
            "세대당주차수":60,
            "난방방식":30,
            "공급면적":"--",
            "전용률":"--",
            "욕실수":100,
            "현관타입":100,
            "주거총점":52.0,
            "지역구공급총점":100.0,
            "역세권":"NA",
            "30분내 이동가능 거점":"NA",
            "1시간내 이동가능 거점":"NA",
            "교통총점":"NA",
            "백화점":0,
            "아울렛몰":0,
            "대형마트":0,
            "은행":0,
            "병원":0,
            "종합병원":0,
            "공원":0,
            "혐오시설":0,
            "인프라총점":0.0,
            "초등학군":89.98,
            "중학군":50.82,
            "학군총점":58.652,
            "인구수":18.98,
            "인구증감":8.98,
            "인구총점":15.98,
            "일자리":14.55,
            "소득수준":52.75,
            "일자리총점":26.01,
            "가치 총점":32.863,
            "매매실거래년":20180828.0,
            "매매실거래가":70426.0,
            "전세실거래년":null,
            "전세실거래가":null,
            "전세가율":null,
            "장기전세가율평균":66.82,
            "전세가율거품지수":null,
            "검색코드":124969,
            "세대수":68.0,
            "준공년월":"2019-10-01",
            "준공년차":4.0,
            "가까운역이름":"NA",
            "가까운역거리":"NA",
            "역세권여부":"NA",
            "30분이내주요거점역":"NA",
            "30분거점역이름":"NA",
            "1시간이내주요거점역":"NA",
            "1시간거점역이름":"NA",
            "3km이내백화점수":0,
            "5km이내아울렛몰수":0,
            "1km이내대형먀트수":0,
            "500m이내은행수":0,
            "500m이내병원수":0,
            "5km이내대형병원수":0,
            "500m이내공원수":0,
            "3km이내혐오시설수":0,
            "초등학교학업성취도":89.98,
            "중학교학업성취도":78.7,
            "용적률":76,
            "건폐율":0,
            "Y":33.27938,
            "X":126.278311,
            "rank":54.0,
            "area_info":"35평(116.96), 35평(116.96), 35평(116.96), 35평(117.47)",
            "last_sales":"2018-08-28,70426.0,35평(117.47)",
            "rank_history":[
                [
                    "202203",
                    54
                ],
                [
                    "202202",
                    9999
                ]
            ],
            "rank_gap":9999
        },
        {
            "index":497,
            "아파트명":"서귀포화순코아루푸르나임",
            "투자타입":"일반",
            "전용면적(m2)":"96.72",
            "전용면적(평)":"29평",
            "법정동주소":"제주도 서귀포시 안덕면 화순리 2133",
            "도로명주소":"제주도 서귀포시 화순중앙로12번길 39",
            "세대수":0,
            "입주년차":80,
            "용적률점수":"--",
            "건폐율점수":"--",
            "세대당주차수":30,
            "난방방식":30,
            "공급면적":"--",
            "전용률":"--",
            "욕실수":100,
            "현관타입":100,
            "주거총점":43.5,
            "지역구공급총점":100.0,
            "역세권":"NA",
            "30분내 이동가능 거점":"NA",
            "1시간내 이동가능 거점":"NA",
            "교통총점":"NA",
            "백화점":0,
            "아울렛몰":0,
            "대형마트":80,
            "은행":0,
            "병원":0,
            "종합병원":0,
            "공원":0,
            "혐오시설":0,
            "인프라총점":12.0,
            "초등학군":90.01,
            "중학군":41.36,
            "학군총점":51.09,
            "인구수":18.98,
            "인구증감":8.98,
            "인구총점":15.98,
            "일자리":14.55,
            "소득수준":52.75,
            "일자리총점":26.01,
            "가치 총점":32.7975,
            "매매실거래년":20211218.0,
            "매매실거래가":28600.0,
            "전세실거래년":20210529.0,
            "전세실거래가":14000.0,
            "전세가율":53.13,
            "장기전세가율평균":66.82,
            "전세가율거품지수":13.69,
            "검색코드":113131,
            "세대수":88.0,
            "준공년월":"2017-11-01",
            "준공년차":6.0,
            "가까운역이름":"NA",
            "가까운역거리":"NA",
            "역세권여부":"NA",
            "30분이내주요거점역":"NA",
            "30분거점역이름":"NA",
            "1시간이내주요거점역":"NA",
            "1시간거점역이름":"NA",
            "3km이내백화점수":0,
            "5km이내아울렛몰수":0,
            "1km이내대형먀트수":1,
            "500m이내은행수":0,
            "500m이내병원수":0,
            "5km이내대형병원수":0,
            "500m이내공원수":0,
            "3km이내혐오시설수":0,
            "초등학교학업성취도":90.01,
            "중학교학업성취도":68.0,
            "용적률":144,
            "건폐율":28,
            "Y":33.249088,
            "X":126.330552,
            "rank":55.0,
            "area_info":"29평(96.72), 31평(102.68), 33평(110.7), 33평(110.6), 33평(111.03)",
            "last_sales":"2021-12-18,28600.0,33평(111.03)",
            "rank_history":[
                [
                    "202203",
                    55
                ],
                [
                    "202202",
                    9999
                ]
            ],
            "rank_gap":9999
        },
        {
            "index":241,
            "아파트명":"제이원타워(도시형)",
            "투자타입":"일반",
            "전용면적(m2)":"24.41",
            "전용면적(평)":"7평",
            "법정동주소":"제주도 서귀포시 동홍동 179",
            "도로명주소":"제주도 서귀포시 태평로 509",
            "세대수":0,
            "입주년차":80,
            "용적률점수":"--",
            "건폐율점수":"--",
            "세대당주차수":0,
            "난방방식":30,
            "공급면적":"--",
            "전용률":"--",
            "욕실수":50,
            "현관타입":100,
            "주거총점":34.0,
            "지역구공급총점":100.0,
            "역세권":"NA",
            "30분내 이동가능 거점":"NA",
            "1시간내 이동가능 거점":"NA",
            "교통총점":"NA",
            "백화점":0,
            "아울렛몰":0,
            "대형마트":0,
            "은행":0,
            "병원":0,
            "종합병원":80,
            "공원":100,
            "혐오시설":0,
            "인프라총점":19.0,
            "초등학군":90.02,
            "중학군":43.6,
            "학군총점":52.884,
            "인구수":18.98,
            "인구증감":8.98,
            "인구총점":15.98,
            "일자리":14.55,
            "소득수준":52.75,
            "일자리총점":26.01,
            "가치 총점":32.721,
            "매매실거래년":20220214.0,
            "매매실거래가":6000.0,
            "전세실거래년":20220207.0,
            "전세실거래가":5500.0,
            "전세가율":91.67,
            "장기전세가율평균":66.82,
            "전세가율거품지수":-24.85,
            "검색코드":112571,
            "세대수":264.0,
            "준공년월":"2015-12-30",
            "준공년차":8.0,
            "가까운역이름":"NA",
            "가까운역거리":"NA",
            "역세권여부":"NA",
            "30분이내주요거점역":"NA",
            "30분거점역이름":"NA",
            "1시간이내주요거점역":"NA",
            "1시간거점역이름":"NA",
            "3km이내백화점수":0,
            "5km이내아울렛몰수":0,
            "1km이내대형먀트수":0,
            "500m이내은행수":0,
            "500m이내병원수":0,
            "5km이내대형병원수":1,
            "500m이내공원수":3,
            "3km이내혐오시설수":0,
            "초등학교학업성취도":90.02,
            "중학교학업성취도":72.4,
            "용적률":360,
            "건폐율":59,
            "Y":33.250769,
            "X":126.571943,
            "rank":56.0,
            "area_info":"7평(24.41), 8평(28.17), 13평(44.57), 14평(47.76), 15평(50.22), 16평(53.17)",
            "last_sales":"2022-02-14,6000.0,7평(24.41)",
            "rank_history":[
                [
                    "202203",
                    56
                ],
                [
                    "202202",
                    24
                ],
                [
                    "202201",
                    21
                ]
            ],
            "rank_gap":-32
        },
        {
            "index":386,
            "아파트명":"서홍반석타운",
            "투자타입":"일반",
            "전용면적(m2)":"45.3",
            "전용면적(평)":"13평",
            "법정동주소":"제주도 서귀포시 서홍동 2004-1",
            "도로명주소":"제주도 서귀포시 현청로 41-14",
            "세대수":0,
            "입주년차":20,
            "용적률점수":"--",
            "건폐율점수":"--",
            "세대당주차수":0,
            "난방방식":30,
            "공급면적":"--",
            "전용률":"--",
            "욕실수":50,
            "현관타입":100,
            "주거총점":22.0,
            "지역구공급총점":100.0,
            "역세권":"NA",
            "30분내 이동가능 거점":"NA",
            "1시간내 이동가능 거점":"NA",
            "교통총점":"NA",
            "백화점":0,
            "아울렛몰":0,
            "대형마트":80,
            "은행":0,
            "병원":0,
            "종합병원":80,
            "공원":0,
            "혐오시설":0,
            "인프라총점":28.0,
            "초등학군":90.0,
            "중학군":46.04,
            "학군총점":54.832,
            "인구수":18.98,
            "인구증감":8.98,
            "인구총점":15.98,
            "일자리":14.55,
            "소득수준":52.75,
            "일자리총점":26.01,
            "가치 총점":32.608,
            "매매실거래년":20211209.0,
            "매매실거래가":8800.0,
            "전세실거래년":null,
            "전세실거래가":null,
            "전세가율":null,
            "장기전세가율평균":66.82,
            "전세가율거품지수":null,
            "검색코드":121591,
            "세대수":70.0,
            "준공년월":"2000-01-03",
            "준공년차":23.0,
            "가까운역이름":"NA",
            "가까운역거리":"NA",
            "역세권여부":"NA",
            "30분이내주요거점역":"NA",
            "30분거점역이름":"NA",
            "1시간이내주요거점역":"NA",
            "1시간거점역이름":"NA",
            "3km이내백화점수":0,
            "5km이내아울렛몰수":0,
            "1km이내대형먀트수":1,
            "500m이내은행수":0,
            "500m이내병원수":0,
            "5km이내대형병원수":1,
            "500m이내공원수":0,
            "3km이내혐오시설수":0,
            "초등학교학업성취도":90.0,
            "중학교학업성취도":76.2,
            "용적률":128,
            "건폐율":32,
            "Y":33.266513,
            "X":126.555229,
            "rank":57.0,
            "area_info":"13평(45.3), 13평(46.26), 13평(46.2), 13평(46.21), 13평(46.26), 14평(47.08), 17평(57.34), 17평(57.31), 17평(57.34)",
            "last_sales":"2021-12-09,8800.0,17평(57.31)",
            "rank_history":[
                [
                    "202203",
                    57
                ],
                [
                    "202202",
                    9999
                ]
            ],
            "rank_gap":9999
        },
        {
            "index":573,
            "아파트명":"파우제인제주마운틴블록(도시형)",
            "투자타입":"일반",
            "전용면적(m2)":"31.26",
            "전용면적(평)":"9평",
            "법정동주소":"제주도 서귀포시 토평동 3084",
            "도로명주소":"제주도 서귀포시 인정오름로86번길 12-7",
            "세대수":0,
            "입주년차":80,
            "용적률점수":"--",
            "건폐율점수":"--",
            "세대당주차수":0,
            "난방방식":30,
            "공급면적":"--",
            "전용률":"--",
            "욕실수":50,
            "현관타입":100,
            "주거총점":34.0,
            "지역구공급총점":100.0,
            "역세권":"NA",
            "30분내 이동가능 거점":"NA",
            "1시간내 이동가능 거점":"NA",
            "교통총점":"NA",
            "백화점":0,
            "아울렛몰":0,
            "대형마트":0,
            "은행":0,
            "병원":0,
            "종합병원":80,
            "공원":0,
            "혐오시설":0,
            "인프라총점":16.0,
            "초등학군":90.02,
            "중학군":46.04,
            "학군총점":54.836,
            "인구수":18.98,
            "인구증감":8.98,
            "인구총점":15.98,
            "일자리":14.55,
            "소득수준":52.75,
            "일자리총점":26.01,
            "가치 총점":32.009,
            "매매실거래년":"18000101",
            "매매실거래가":null,
            "전세실거래년":null,
            "전세실거래가":null,
            "전세가율":null,
            "장기전세가율평균":66.82,
            "전세가율거품지수":null,
            "검색코드":120984,
            "세대수":194.0,
            "준공년월":"2015-08-05",
            "준공년차":8.0,
            "가까운역이름":"NA",
            "가까운역거리":"NA",
            "역세권여부":"NA",
            "30분이내주요거점역":"NA",
            "30분거점역이름":"NA",
            "1시간이내주요거점역":"NA",
            "1시간거점역이름":"NA",
            "3km이내백화점수":0,
            "5km이내아울렛몰수":0,
            "1km이내대형먀트수":0,
            "500m이내은행수":0,
            "500m이내병원수":0,
            "5km이내대형병원수":1,
            "500m이내공원수":0,
            "3km이내혐오시설수":0,
            "초등학교학업성취도":90.02,
            "중학교학업성취도":76.2,
            "용적률":74,
            "건폐율":19,
            "Y":33.288999,
            "X":126.578263,
            "rank":58.0,
            "area_info":"9평(31.26), 9평(31.45), 12평(40.89), 12평(40.58), 12평(40.68), 23평(76.55)",
            "last_sales":"1800-01-01,nan,9평(31.26)",
            "rank_history":[
                [
                    "202203",
                    58
                ],
                [
                    "202202",
                    25
                ],
                [
                    "202201",
                    26
                ]
            ],
            "rank_gap":-33
        },
        {
            "index":142,
            "아파트명":"동홍반석아르미",
            "투자타입":"일반",
            "전용면적(m2)":"84.28",
            "전용면적(평)":"25평",
            "법정동주소":"제주도 서귀포시 동홍동 1230-1",
            "도로명주소":"제주도 서귀포시 동홍로162번길 30",
            "세대수":0,
            "입주년차":20,
            "용적률점수":"--",
            "건폐율점수":"--",
            "세대당주차수":30,
            "난방방식":30,
            "공급면적":"--",
            "전용률":"--",
            "욕실수":100,
            "현관타입":100,
            "주거총점":31.5,
            "지역구공급총점":100.0,
            "역세권":"NA",
            "30분내 이동가능 거점":"NA",
            "1시간내 이동가능 거점":"NA",
            "교통총점":"NA",
            "백화점":0,
            "아울렛몰":0,
            "대형마트":0,
            "은행":0,
            "병원":0,
            "종합병원":80,
            "공원":0,
            "혐오시설":0,
            "인프라총점":16.0,
            "초등학군":89.99,
            "중학군":49.58,
            "학군총점":57.662,
            "인구수":18.98,
            "인구증감":8.98,
            "인구총점":15.98,
            "일자리":14.55,
            "소득수준":52.75,
            "일자리총점":26.01,
            "가치 총점":31.8405,
            "매매실거래년":20220123.0,
            "매매실거래가":20700.0,
            "전세실거래년":null,
            "전세실거래가":null,
            "전세가율":null,
            "장기전세가율평균":66.82,
            "전세가율거품지수":null,
            "검색코드":19666,
            "세대수":155.0,
            "준공년월":"2003-04-18",
            "준공년차":20.0,
            "가까운역이름":"NA",
            "가까운역거리":"NA",
            "역세권여부":"NA",
            "30분이내주요거점역":"NA",
            "30분거점역이름":"NA",
            "1시간이내주요거점역":"NA",
            "1시간거점역이름":"NA",
            "3km이내백화점수":0,
            "5km이내아울렛몰수":0,
            "1km이내대형먀트수":0,
            "500m이내은행수":0,
            "500m이내병원수":0,
            "5km이내대형병원수":1,
            "500m이내공원수":0,
            "3km이내혐오시설수":0,
            "초등학교학업성취도":89.99,
            "중학교학업성취도":81.5,
            "용적률":137,
            "건폐율":25,
            "Y":33.263393,
            "X":126.570471,
            "rank":59.0,
            "area_info":"25평(84.28), 25평(85.17), 29평(97.19), 30평(99.77)",
            "last_sales":"2022-01-23,20700.0,30평(99.77)",
            "rank_history":[
                [
                    "202203",
                    59
                ],
                [
                    "202202",
                    26
                ],
                [
                    "202201",
                    28
                ]
            ],
            "rank_gap":-33
        },
        {
            "index":97,
            "아파트명":"중문오션힐스(도시형)",
            "투자타입":"일반",
            "전용면적(m2)":"31.89",
            "전용면적(평)":"9평",
            "법정동주소":"제주도 서귀포시 대포동 2612",
            "도로명주소":"제주도 서귀포시 중문관광로301번길 3",
            "세대수":0,
            "입주년차":80,
            "용적률점수":"--",
            "건폐율점수":"--",
            "세대당주차수":0,
            "난방방식":30,
            "공급면적":"--",
            "전용률":"--",
            "욕실수":50,
            "현관타입":100,
            "주거총점":34.0,
            "지역구공급총점":100.0,
            "역세권":"NA",
            "30분내 이동가능 거점":"NA",
            "1시간내 이동가능 거점":"NA",
            "교통총점":"NA",
            "백화점":0,
            "아울렛몰":0,
            "대형마트":80,
            "은행":0,
            "병원":0,
            "종합병원":0,
            "공원":0,
            "혐오시설":0,
            "인프라총점":12.0,
            "초등학군":90.02,
            "중학군":49.12,
            "학군총점":57.3,
            "인구수":18.98,
            "인구증감":8.98,
            "인구총점":15.98,
            "일자리":14.55,
            "소득수준":52.75,
            "일자리총점":26.01,
            "가치 총점":31.025,
            "매매실거래년":"18000101",
            "매매실거래가":null,
            "전세실거래년":null,
            "전세실거래가":null,
            "전세가율":null,
            "장기전세가율평균":66.82,
            "전세가율거품지수":null,
            "검색코드":125597,
            "세대수":56.0,
            "준공년월":"2018-09-05",
            "준공년차":5.0,
            "가까운역이름":"NA",
            "가까운역거리":"NA",
            "역세권여부":"NA",
            "30분이내주요거점역":"NA",
            "30분거점역이름":"NA",
            "1시간이내주요거점역":"NA",
            "1시간거점역이름":"NA",
            "3km이내백화점수":0,
            "5km이내아울렛몰수":0,
            "1km이내대형먀트수":1,
            "500m이내은행수":0,
            "500m이내병원수":0,
            "5km이내대형병원수":0,
            "500m이내공원수":0,
            "3km이내혐오시설수":0,
            "초등학교학업성취도":90.02,
            "중학교학업성취도":81.0,
            "용적률":243,
            "건폐율":59,
            "Y":33.24703,
            "X":126.429244,
            "rank":60.0,
            "area_info":"9평(31.89), 22평(74.68), 25평(84.92), 25평(84.56), 29평(96.38), 30평(99.69), 31평(103.55), 31평(104.89), 31평(105.48), 31평(105.68), 33평(110.23), 33평(111.62), 33평(112.0), 34평(114.47)",
            "last_sales":"1800-01-01,nan,9평(31.89)",
            "rank_history":[
                [
                    "202203",
                    60
                ],
                [
                    "202202",
                    9999
                ]
            ],
            "rank_gap":9999
        },
        {
            "index":527,
            "아파트명":"제주중문삼성홈스테이(도시형)",
            "투자타입":"일반",
            "전용면적(m2)":"27.4",
            "전용면적(평)":"8평",
            "법정동주소":"제주도 서귀포시 중문동 2367-1",
            "도로명주소":"제주도 서귀포시 중문상로 10",
            "세대수":0,
            "입주년차":80,
            "용적률점수":"--",
            "건폐율점수":"--",
            "세대당주차수":0,
            "난방방식":30,
            "공급면적":"--",
            "전용률":"--",
            "욕실수":50,
            "현관타입":100,
            "주거총점":34.0,
            "지역구공급총점":100.0,
            "역세권":"NA",
            "30분내 이동가능 거점":"NA",
            "1시간내 이동가능 거점":"NA",
            "교통총점":"NA",
            "백화점":0,
            "아울렛몰":0,
            "대형마트":80,
            "은행":0,
            "병원":0,
            "종합병원":0,
            "공원":0,
            "혐오시설":0,
            "인프라총점":12.0,
            "초등학군":90.02,
            "중학군":49.12,
            "학군총점":57.3,
            "인구수":18.98,
            "인구증감":8.98,
            "인구총점":15.98,
            "일자리":14.55,
            "소득수준":52.75,
            "일자리총점":26.01,
            "가치 총점":31.025,
            "매매실거래년":20211028.0,
            "매매실거래가":7900.0,
            "전세실거래년":20220127.0,
            "전세실거래가":7500.0,
            "전세가율":102.74,
            "장기전세가율평균":66.82,
            "전세가율거품지수":-35.92,
            "검색코드":118195,
            "세대수":162.0,
            "준공년월":"2017-11-01",
            "준공년차":6.0,
            "가까운역이름":"NA",
            "가까운역거리":"NA",
            "역세권여부":"NA",
            "30분이내주요거점역":"NA",
            "30분거점역이름":"NA",
            "1시간이내주요거점역":"NA",
            "1시간거점역이름":"NA",
            "3km이내백화점수":0,
            "5km이내아울렛몰수":0,
            "1km이내대형먀트수":1,
            "500m이내은행수":1,
            "500m이내병원수":0,
            "5km이내대형병원수":0,
            "500m이내공원수":0,
            "3km이내혐오시설수":0,
            "초등학교학업성취도":90.02,
            "중학교학업성취도":81.0,
            "용적률":369,
            "건폐율":72,
            "Y":33.249332,
            "X":126.424495,
            "rank":60.0,
            "area_info":"8평(27.4), 8평(27.4), 8평(27.4), 8평(28.76), 12평(41.71)",
            "last_sales":"2021-10-28,7900.0,8평(28.76)",
            "rank_history":[
                [
                    "202203",
                    60
                ],
                [
                    "202202",
                    28
                ],
                [
                    "202201",
                    25
                ]
            ],
            "rank_gap":-32
        },
        {
            "index":35,
            "아파트명":"도담카운티",
            "투자타입":"일반",
            "전용면적(m2)":"103.42",
            "전용면적(평)":"31평",
            "법정동주소":"제주도 서귀포시 남원읍 위미리 4629",
            "도로명주소":"제주도 서귀포시 위미항구로 85",
            "세대수":0,
            "입주년차":100,
            "용적률점수":"--",
            "건폐율점수":"--",
            "세대당주차수":30,
            "난방방식":30,
            "공급면적":"--",
            "전용률":"--",
            "욕실수":100,
            "현관타입":100,
            "주거총점":47.5,
            "지역구공급총점":100.0,
            "역세권":"NA",
            "30분내 이동가능 거점":"NA",
            "1시간내 이동가능 거점":"NA",
            "교통총점":"NA",
            "백화점":0,
            "아울렛몰":0,
            "대형마트":0,
            "은행":0,
            "병원":0,
            "종합병원":0,
            "공원":0,
            "혐오시설":0,
            "인프라총점":0.0,
            "초등학군":89.98,
            "중학군":49.44,
            "학군총점":57.548,
            "인구수":18.98,
            "인구증감":8.98,
            "인구총점":15.98,
            "일자리":14.55,
            "소득수준":52.75,
            "일자리총점":26.01,
            "가치 총점":31.012,
            "매매실거래년":"18000101",
            "매매실거래가":null,
            "전세실거래년":null,
            "전세실거래가":null,
            "전세가율":null,
            "장기전세가율평균":66.82,
            "전세가율거품지수":null,
            "검색코드":126360,
            "세대수":62.0,
            "준공년월":"2019-09-01",
            "준공년차":4.0,
            "가까운역이름":"NA",
            "가까운역거리":"NA",
            "역세권여부":"NA",
            "30분이내주요거점역":"NA",
            "30분거점역이름":"NA",
            "1시간이내주요거점역":"NA",
            "1시간거점역이름":"NA",
            "3km이내백화점수":0,
            "5km이내아울렛몰수":0,
            "1km이내대형먀트수":0,
            "500m이내은행수":0,
            "500m이내병원수":0,
            "5km이내대형병원수":0,
            "500m이내공원수":0,
            "3km이내혐오시설수":0,
            "초등학교학업성취도":89.98,
            "중학교학업성취도":78.4,
            "용적률":0,
            "건폐율":0,
            "Y":33.282338,
            "X":126.654691,
            "rank":61.0,
            "area_info":"31평(103.42), 31평(103.96), 31평(103.59), 31평(103.91)",
            "last_sales":"1800-01-01,nan,31평(103.42)",
            "rank_history":[
                [
                    "202203",
                    61
                ],
                [
                    "202202",
                    9999
                ]
            ],
            "rank_gap":9999
        },
        {
            "index":454,
            "아파트명":"제주성산리치유클래시아(도시형)",
            "투자타입":"일반",
            "전용면적(m2)":"30.89",
            "전용면적(평)":"9평",
            "법정동주소":"제주도 서귀포시 성산읍 성산리 392",
            "도로명주소":"제주도 서귀포시 성산등용로17번길 55",
            "세대수":0,
            "입주년차":80,
            "용적률점수":"--",
            "건폐율점수":"--",
            "세대당주차수":30,
            "난방방식":30,
            "공급면적":"--",
            "전용률":"--",
            "욕실수":50,
            "현관타입":100,
            "주거총점":38.5,
            "지역구공급총점":100.0,
            "역세권":"NA",
            "30분내 이동가능 거점":"NA",
            "1시간내 이동가능 거점":"NA",
            "교통총점":"NA",
            "백화점":0,
            "아울렛몰":0,
            "대형마트":80,
            "은행":0,
            "병원":0,
            "종합병원":0,
            "공원":0,
            "혐오시설":0,
            "인프라총점":12.0,
            "초등학군":90.17,
            "중학군":41.1,
            "학군총점":50.914,
            "인구수":18.98,
            "인구증감":8.98,
            "인구총점":15.98,
            "일자리":14.55,
            "소득수준":52.75,
            "일자리총점":26.01,
            "가치 총점":31.0035,
            "매매실거래년":20190617.0,
            "매매실거래가":25100.0,
            "전세실거래년":null,
            "전세실거래가":null,
            "전세가율":null,
            "장기전세가율평균":66.82,
            "전세가율거품지수":null,
            "검색코드":115516,
            "세대수":296.0,
            "준공년월":"2018-10-01",
            "준공년차":5.0,
            "가까운역이름":"NA",
            "가까운역거리":"NA",
            "역세권여부":"NA",
            "30분이내주요거점역":"NA",
            "30분거점역이름":"NA",
            "1시간이내주요거점역":"NA",
            "1시간거점역이름":"NA",
            "3km이내백화점수":0,
            "5km이내아울렛몰수":0,
            "1km이내대형먀트수":1,
            "500m이내은행수":0,
            "500m이내병원수":0,
            "5km이내대형병원수":0,
            "500m이내공원수":0,
            "3km이내혐오시설수":0,
            "초등학교학업성취도":90.17,
            "중학교학업성취도":68.5,
            "용적률":0,
            "건폐율":0,
            "Y":33.460384,
            "X":126.929708,
            "rank":62.0,
            "area_info":"9평(30.89), 10평(33.64), 10평(33.42), 10평(36.17), 12평(40.56), 12평(41.51), 12평(42.05), 13평(45.74), 14평(46.67), 15평(50.83), 15평(51.77), 18평(60.41), 18평(60.41), 18평(61.8), 18평(62.37), 19평(63.49), 19평(65.7), 19평(65.7), 20평(66.8), 20평(66.8), 20평(67.02)",
            "last_sales":"2019-06-17,25100.0,20평(66.8)",
            "rank_history":[
                [
                    "202203",
                    62
                ],
                [
                    "202202",
                    27
                ],
                [
                    "202201",
                    40
                ]
            ],
            "rank_gap":-35
        },
        {
            "index":154,
            "아파트명":"동홍주공4단지",
            "투자타입":"일반",
            "전용면적(m2)":"44.85",
            "전용면적(평)":"13평",
            "법정동주소":"제주도 서귀포시 동홍동 355-1",
            "도로명주소":"제주도 서귀포시 태평로512번길 10",
            "세대수":30,
            "입주년차":0,
            "용적률점수":"--",
            "건폐율점수":"--",
            "세대당주차수":0,
            "난방방식":30,
            "공급면적":"--",
            "전용률":"--",
            "욕실수":50,
            "현관타입":100,
            "주거총점":28.5,
            "지역구공급총점":100.0,
            "역세권":"NA",
            "30분내 이동가능 거점":"NA",
            "1시간내 이동가능 거점":"NA",
            "교통총점":"NA",
            "백화점":0,
            "아울렛몰":0,
            "대형마트":0,
            "은행":0,
            "병원":0,
            "종합병원":80,
            "공원":100,
            "혐오시설":0,
            "인프라총점":19.0,
            "초등학군":90.03,
            "중학군":43.6,
            "학군총점":52.886,
            "인구수":18.98,
            "인구증감":8.98,
            "인구총점":15.98,
            "일자리":14.55,
            "소득수준":52.75,
            "일자리총점":26.01,
            "가치 총점":30.7965,
            "매매실거래년":20220113.0,
            "매매실거래가":19800.0,
            "전세실거래년":20211119.0,
            "전세실거래가":9000.0,
            "전세가율":45.45,
            "장기전세가율평균":66.82,
            "전세가율거품지수":21.37,
            "검색코드":7769,
            "세대수":320.0,
            "준공년월":"1994-10-20",
            "준공년차":29.0,
            "가까운역이름":"NA",
            "가까운역거리":"NA",
            "역세권여부":"NA",
            "30분이내주요거점역":"NA",
            "30분거점역이름":"NA",
            "1시간이내주요거점역":"NA",
            "1시간거점역이름":"NA",
            "3km이내백화점수":0,
            "5km이내아울렛몰수":0,
            "1km이내대형먀트수":0,
            "500m이내은행수":0,
            "500m이내병원수":0,
            "5km이내대형병원수":1,
            "500m이내공원수":2,
            "3km이내혐오시설수":0,
            "초등학교학업성취도":90.03,
            "중학교학업성취도":72.4,
            "용적률":109,
            "건폐율":26,
            "Y":33.249118,
            "X":126.572614,
            "rank":63.0,
            "area_info":"13평(44.85), 17평(56.71), 19평(65.78)",
            "last_sales":"2022-01-13,19800.0,13평(44.85)",
            "rank_history":[
                [
                    "202203",
                    63
                ],
                [
                    "202202",
                    29
                ],
                [
                    "202201",
                    31
                ]
            ],
            "rank_gap":-34
        },
        {
            "index":304,
            "아파트명":"삼주",
            "투자타입":"재건축",
            "전용면적(m2)":"67.8",
            "전용면적(평)":"20평",
            "법정동주소":"제주도 서귀포시 법환동 749",
            "도로명주소":"제주도 서귀포시 김정문화로 66",
            "세대수":0,
            "입주년차":"--",
            "용적률점수":0,
            "건폐율점수":0,
            "세대당주차수":"--",
            "난방방식":"--",
            "공급면적":50,
            "전용률":80,
            "욕실수":"--",
            "현관타입":"--",
            "주거총점":6.5,
            "지역구공급총점":100.0,
            "역세권":"NA",
            "30분내 이동가능 거점":"NA",
            "1시간내 이동가능 거점":"NA",
            "교통총점":"NA",
            "백화점":0,
            "아울렛몰":0,
            "대형마트":100,
            "은행":20,
            "병원":0,
            "종합병원":80,
            "공원":100,
            "혐오시설":0,
            "인프라총점":36.0,
            "초등학군":90.0,
            "중학군":47.42,
            "학군총점":55.936,
            "인구수":18.98,
            "인구증감":8.98,
            "인구총점":15.98,
            "일자리":14.55,
            "소득수준":52.75,
            "일자리총점":26.01,
            "가치 총점":30.659,
            "매매실거래년":"18000101",
            "매매실거래가":null,
            "전세실거래년":null,
            "전세실거래가":null,
            "전세가율":null,
            "장기전세가율평균":66.82,
            "전세가율거품지수":null,
            "검색코드":108439,
            "세대수":258.0,
            "준공년월":"1992-02-17",
            "준공년차":31.0,
            "가까운역이름":"NA",
            "가까운역거리":"NA",
            "역세권여부":"NA",
            "30분이내주요거점역":"NA",
            "30분거점역이름":"NA",
            "1시간이내주요거점역":"NA",
            "1시간거점역이름":"NA",
            "3km이내백화점수":0,
            "5km이내아울렛몰수":0,
            "1km이내대형먀트수":2,
            "500m이내은행수":2,
            "500m이내병원수":0,
            "5km이내대형병원수":1,
            "500m이내공원수":5,
            "3km이내혐오시설수":0,
            "초등학교학업성취도":90.0,
            "중학교학업성취도":77.7,
            "용적률":0,
            "건폐율":0,
            "Y":33.250384,
            "X":126.511451,
            "rank":64.0,
            "area_info":"20평(67.8)",
            "last_sales":"1800-01-01,nan,20평(67.8)",
            "rank_history":[
                [
                    "202203",
                    64
                ],
                [
                    "202202",
                    30
                ],
                [
                    "202201",
                    27
                ]
            ],
            "rank_gap":-34
        },
        {
            "index":0,
            "아파트명":"강정코아루2차(도시형)",
            "투자타입":"일반",
            "전용면적(m2)":"106.73",
            "전용면적(평)":"32평",
            "법정동주소":"제주도 서귀포시 강정동 5670",
            "도로명주소":"제주도 서귀포시 일주서로 149",
            "세대수":0,
            "입주년차":100,
            "용적률점수":"--",
            "건폐율점수":"--",
            "세대당주차수":30,
            "난방방식":30,
            "공급면적":"--",
            "전용률":"--",
            "욕실수":100,
            "현관타입":100,
            "주거총점":47.5,
            "지역구공급총점":100.0,
            "역세권":"NA",
            "30분내 이동가능 거점":"NA",
            "1시간내 이동가능 거점":"NA",
            "교통총점":"NA",
            "백화점":0,
            "아울렛몰":0,
            "대형마트":0,
            "은행":0,
            "병원":0,
            "종합병원":0,
            "공원":0,
            "혐오시설":0,
            "인프라총점":0.0,
            "초등학군":90.01,
            "중학군":47.42,
            "학군총점":55.938,
            "인구수":18.98,
            "인구증감":8.98,
            "인구총점":15.98,
            "일자리":14.55,
            "소득수준":52.75,
            "일자리총점":26.01,
            "가치 총점":30.6095,
            "매매실거래년":"18000101",
            "매매실거래가":null,
            "전세실거래년":null,
            "전세실거래가":null,
            "전세가율":null,
            "장기전세가율평균":66.82,
            "전세가율거품지수":null,
            "검색코드":123924,
            "세대수":60.0,
            "준공년월":"2019-04-30",
            "준공년차":4.0,
            "가까운역이름":"NA",
            "가까운역거리":"NA",
            "역세권여부":"NA",
            "30분이내주요거점역":"NA",
            "30분거점역이름":"NA",
            "1시간이내주요거점역":"NA",
            "1시간거점역이름":"NA",
            "3km이내백화점수":0,
            "5km이내아울렛몰수":0,
            "1km이내대형먀트수":0,
            "500m이내은행수":0,
            "500m이내병원수":0,
            "5km이내대형병원수":0,
            "500m이내공원수":0,
            "3km이내혐오시설수":0,
            "초등학교학업성취도":90.01,
            "중학교학업성취도":77.7,
            "용적률":64,
            "건폐율":19,
            "Y":33.249277,
            "X":126.491809,
            "rank":65.0,
            "area_info":"32평(106.73)",
            "last_sales":"1800-01-01,nan,32평(106.73)",
            "rank_history":[
                [
                    "202203",
                    65
                ],
                [
                    "202202",
                    9999
                ]
            ],
            "rank_gap":9999
        },
        {
            "index":22,
            "아파트명":"윙스스카이2차(도시형)",
            "투자타입":"일반",
            "전용면적(m2)":"25.4",
            "전용면적(평)":"7평",
            "법정동주소":"제주도 서귀포시 강정동 158-1",
            "도로명주소":"제주도 서귀포시 신서귀로51번길 33",
            "세대수":0,
            "입주년차":60,
            "용적률점수":"--",
            "건폐율점수":"--",
            "세대당주차수":0,
            "난방방식":30,
            "공급면적":"--",
            "전용률":"--",
            "욕실수":50,
            "현관타입":100,
            "주거총점":30.0,
            "지역구공급총점":100.0,
            "역세권":"NA",
            "30분내 이동가능 거점":"NA",
            "1시간내 이동가능 거점":"NA",
            "교통총점":"NA",
            "백화점":0,
            "아울렛몰":0,
            "대형마트":80,
            "은행":0,
            "병원":0,
            "종합병원":0,
            "공원":100,
            "혐오시설":0,
            "인프라총점":15.0,
            "초등학군":90.0,
            "중학군":47.42,
            "학군총점":55.936,
            "인구수":18.98,
            "인구증감":8.98,
            "인구총점":15.98,
            "일자리":14.55,
            "소득수준":52.75,
            "일자리총점":26.01,
            "가치 총점":30.484,
            "매매실거래년":20211206.0,
            "매매실거래가":5050.0,
            "전세실거래년":null,
            "전세실거래가":null,
            "전세가율":null,
            "장기전세가율평균":66.82,
            "전세가율거품지수":null,
            "검색코드":124023,
            "세대수":55.0,
            "준공년월":"2013-10-09",
            "준공년차":10.0,
            "가까운역이름":"NA",
            "가까운역거리":"NA",
            "역세권여부":"NA",
            "30분이내주요거점역":"NA",
            "30분거점역이름":"NA",
            "1시간이내주요거점역":"NA",
            "1시간거점역이름":"NA",
            "3km이내백화점수":0,
            "5km이내아울렛몰수":0,
            "1km이내대형먀트수":1,
            "500m이내은행수":1,
            "500m이내병원수":0,
            "5km이내대형병원수":0,
            "500m이내공원수":6,
            "3km이내혐오시설수":0,
            "초등학교학업성취도":90.0,
            "중학교학업성취도":77.7,
            "용적률":450,
            "건폐율":69,
            "Y":33.254417,
            "X":126.507828,
            "rank":66.0,
            "area_info":"7평(25.4), 7평(26.01), 9평(32.81), 11평(37.28)",
            "last_sales":"2021-12-06,5050.0,7평(25.4)",
            "rank_history":[
                [
                    "202203",
                    66
                ],
                [
                    "202202",
                    9999
                ]
            ],
            "rank_gap":9999
        },
        {
            "index":305,
            "아파트명":"서호민우",
            "투자타입":"일반",
            "전용면적(m2)":"65.99",
            "전용면적(평)":"19평",
            "법정동주소":"제주도 서귀포시 법환동 748",
            "도로명주소":"제주도 서귀포시 신서귀로 11",
            "세대수":0,
            "입주년차":0,
            "용적률점수":"--",
            "건폐율점수":"--",
            "세대당주차수":0,
            "난방방식":30,
            "공급면적":"--",
            "전용률":"--",
            "욕실수":50,
            "현관타입":100,
            "주거총점":18.0,
            "지역구공급총점":100.0,
            "역세권":"NA",
            "30분내 이동가능 거점":"NA",
            "1시간내 이동가능 거점":"NA",
            "교통총점":"NA",
            "백화점":0,
            "아울렛몰":0,
            "대형마트":100,
            "은행":70,
            "병원":0,
            "종합병원":0,
            "공원":100,
            "혐오시설":0,
            "인프라총점":25.0,
            "초등학군":90.0,
            "중학군":47.42,
            "학군총점":55.936,
            "인구수":18.98,
            "인구증감":8.98,
            "인구총점":15.98,
            "일자리":14.55,
            "소득수준":52.75,
            "일자리총점":26.01,
            "가치 총점":30.284,
            "매매실거래년":"18000101",
            "매매실거래가":null,
            "전세실거래년":null,
            "전세실거래가":null,
            "전세가율":null,
            "장기전세가율평균":66.82,
            "전세가율거품지수":null,
            "검색코드":109128,
            "세대수":142.0,
            "준공년월":"1995-01-27",
            "준공년차":28.0,
            "가까운역이름":"NA",
            "가까운역거리":"NA",
            "역세권여부":"NA",
            "30분이내주요거점역":"NA",
            "30분거점역이름":"NA",
            "1시간이내주요거점역":"NA",
            "1시간거점역이름":"NA",
            "3km이내백화점수":0,
            "5km이내아울렛몰수":0,
            "1km이내대형먀트수":2,
            "500m이내은행수":3,
            "500m이내병원수":0,
            "5km이내대형병원수":0,
            "500m이내공원수":3,
            "3km이내혐오시설수":0,
            "초등학교학업성취도":90.0,
            "중학교학업성취도":77.7,
            "용적률":84,
            "건폐율":35,
            "Y":33.250821,
            "X":126.509565,
            "rank":67.0,
            "area_info":"19평(65.99), 19평(65.49), 28평(93.55)",
            "last_sales":"1800-01-01,nan,19평(65.99)",
            "rank_history":[
                [
                    "202203",
                    67
                ],
                [
                    "202202",
                    31
                ],
                [
                    "202201",
                    29
                ]
            ],
            "rank_gap":-36
        },
        {
            "index":93,
            "아파트명":"해동그린앤골드",
            "투자타입":"일반",
            "전용면적(m2)":"103.28",
            "전용면적(평)":"31평",
            "법정동주소":"제주도 서귀포시 대정읍 구억리 1115",
            "도로명주소":"제주도 서귀포시 에듀시티로 23",
            "세대수":0,
            "입주년차":80,
            "용적률점수":"--",
            "건폐율점수":"--",
            "세대당주차수":30,
            "난방방식":30,
            "공급면적":"--",
            "전용률":"--",
            "욕실수":100,
            "현관타입":100,
            "주거총점":43.5,
            "지역구공급총점":100.0,
            "역세권":"NA",
            "30분내 이동가능 거점":"NA",
            "1시간내 이동가능 거점":"NA",
            "교통총점":"NA",
            "백화점":0,
            "아울렛몰":0,
            "대형마트":0,
            "은행":0,
            "병원":0,
            "종합병원":0,
            "공원":0,
            "혐오시설":0,
            "인프라총점":0.0,
            "초등학군":89.96,
            "중학군":50.82,
            "학군총점":58.648,
            "인구수":18.98,
            "인구증감":8.98,
            "인구총점":15.98,
            "일자리":14.55,
            "소득수준":52.75,
            "일자리총점":26.01,
            "가치 총점":29.887,
            "매매실거래년":"18000101",
            "매매실거래가":null,
            "전세실거래년":null,
            "전세실거래가":null,
            "전세가율":null,
            "장기전세가율평균":66.82,
            "전세가율거품지수":null,
            "검색코드":109840,
            "세대수":288.0,
            "준공년월":"2016-05-01",
            "준공년차":7.0,
            "가까운역이름":"NA",
            "가까운역거리":"NA",
            "역세권여부":"NA",
            "30분이내주요거점역":"NA",
            "30분거점역이름":"NA",
            "1시간이내주요거점역":"NA",
            "1시간거점역이름":"NA",
            "3km이내백화점수":0,
            "5km이내아울렛몰수":0,
            "1km이내대형먀트수":0,
            "500m이내은행수":0,
            "500m이내병원수":0,
            "5km이내대형병원수":0,
            "500m이내공원수":0,
            "3km이내혐오시설수":0,
            "초등학교학업성취도":89.96,
            "중학교학업성취도":78.7,
            "용적률":88,
            "건폐율":31,
            "Y":33.292798,
            "X":126.286328,
            "rank":68.0,
            "area_info":"31평(103.28), 31평(103.82), 33평(112.1), 34평(112.64)",
            "last_sales":"1800-01-01,nan,31평(103.28)",
            "rank_history":[
                [
                    "202203",
                    68
                ],
                [
                    "202202",
                    34
                ],
                [
                    "202201",
                    35
                ]
            ],
            "rank_gap":-34
        },
        {
            "index":488,
            "아파트명":"라모인빌리지",
            "투자타입":"일반",
            "전용면적(m2)":"82.02",
            "전용면적(평)":"24평",
            "법정동주소":"제주도 서귀포시 안덕면 서광리 1395",
            "도로명주소":"제주도 서귀포시 녹차분재로 81",
            "세대수":0,
            "입주년차":80,
            "용적률점수":"--",
            "건폐율점수":"--",
            "세대당주차수":30,
            "난방방식":30,
            "공급면적":"--",
            "전용률":"--",
            "욕실수":100,
            "현관타입":100,
            "주거총점":43.5,
            "지역구공급총점":100.0,
            "역세권":"NA",
            "30분내 이동가능 거점":"NA",
            "1시간내 이동가능 거점":"NA",
            "교통총점":"NA",
            "백화점":0,
            "아울렛몰":0,
            "대형마트":0,
            "은행":0,
            "병원":0,
            "종합병원":0,
            "공원":0,
            "혐오시설":0,
            "인프라총점":0.0,
            "초등학군":89.96,
            "중학군":50.82,
            "학군총점":58.648,
            "인구수":18.98,
            "인구증감":8.98,
            "인구총점":15.98,
            "일자리":14.55,
            "소득수준":52.75,
            "일자리총점":26.01,
            "가치 총점":29.887,
            "매매실거래년":"18000101",
            "매매실거래가":null,
            "전세실거래년":null,
            "전세실거래가":null,
            "전세가율":null,
            "장기전세가율평균":66.82,
            "전세가율거품지수":null,
            "검색코드":116505,
            "세대수":59.0,
            "준공년월":"2016-10-14",
            "준공년차":7.0,
            "가까운역이름":"NA",
            "가까운역거리":"NA",
            "역세권여부":"NA",
            "30분이내주요거점역":"NA",
            "30분거점역이름":"NA",
            "1시간이내주요거점역":"NA",
            "1시간거점역이름":"NA",
            "3km이내백화점수":0,
            "5km이내아울렛몰수":0,
            "1km이내대형먀트수":0,
            "500m이내은행수":0,
            "500m이내병원수":0,
            "5km이내대형병원수":0,
            "500m이내공원수":0,
            "3km이내혐오시설수":0,
            "초등학교학업성취도":89.96,
            "중학교학업성취도":78.7,
            "용적률":76,
            "건폐율":27,
            "Y":33.290334,
            "X":126.298925,
            "rank":68.0,
            "area_info":"24평(82.02), 29평(97.91)",
            "last_sales":"1800-01-01,nan,24평(82.02)",
            "rank_history":[
                [
                    "202203",
                    68
                ],
                [
                    "202202",
                    9999
                ]
            ],
            "rank_gap":9999
        },
        {
            "index":591,
            "아파트명":"해비치스튜디오132(도시형)",
            "투자타입":"일반",
            "전용면적(m2)":"19.53",
            "전용면적(평)":"5평",
            "법정동주소":"제주도 서귀포시 표선면 표선리 1603-1",
            "도로명주소":"제주도 서귀포시 표선동서로193번길 69",
            "세대수":0,
            "입주년차":80,
            "용적률점수":"--",
            "건폐율점수":"--",
            "세대당주차수":0,
            "난방방식":30,
            "공급면적":"--",
            "전용률":"--",
            "욕실수":50,
            "현관타입":100,
            "주거총점":34.0,
            "지역구공급총점":100.0,
            "역세권":"NA",
            "30분내 이동가능 거점":"NA",
            "1시간내 이동가능 거점":"NA",
            "교통총점":"NA",
            "백화점":0,
            "아울렛몰":0,
            "대형마트":80,
            "은행":20,
            "병원":0,
            "종합병원":0,
            "공원":0,
            "혐오시설":0,
            "인프라총점":14.0,
            "초등학군":90.08,
            "중학군":38.94,
            "학군총점":49.168,
            "인구수":18.98,
            "인구증감":8.98,
            "인구총점":15.98,
            "일자리":14.55,
            "소득수준":52.75,
            "일자리총점":26.01,
            "가치 총점":29.792,
            "매매실거래년":"18000101",
            "매매실거래가":null,
            "전세실거래년":null,
            "전세실거래가":null,
            "전세가율":null,
            "장기전세가율평균":66.82,
            "전세가율거품지수":null,
            "검색코드":128549,
            "세대수":132.0,
            "준공년월":"2014-03-03",
            "준공년차":9.0,
            "가까운역이름":"NA",
            "가까운역거리":"NA",
            "역세권여부":"NA",
            "30분이내주요거점역":"NA",
            "30분거점역이름":"NA",
            "1시간이내주요거점역":"NA",
            "1시간거점역이름":"NA",
            "3km이내백화점수":0,
            "5km이내아울렛몰수":0,
            "1km이내대형먀트수":1,
            "500m이내은행수":2,
            "500m이내병원수":0,
            "5km이내대형병원수":0,
            "500m이내공원수":0,
            "3km이내혐오시설수":0,
            "초등학교학업성취도":90.08,
            "중학교학업성취도":64.9,
            "용적률":0,
            "건폐율":0,
            "Y":33.32499,
            "X":126.828723,
            "rank":69.0,
            "area_info":"5평(19.53), 7평(24.48), 8평(27.11), 8평(27.78), 9평(29.81), 9평(32.08), 10평(33.66), 10평(33.34), 10평(34.73), 10평(34.02), 11평(36.78), 11평(36.74), 12평(40.29)",
            "last_sales":"1800-01-01,nan,5평(19.53)",
            "rank_history":[
                [
                    "202203",
                    69
                ],
                [
                    "202202",
                    32
                ],
                [
                    "202201",
                    32
                ]
            ],
            "rank_gap":-37
        },
        {
            "index":571,
            "아파트명":"토평반석타운",
            "투자타입":"일반",
            "전용면적(m2)":"53.67",
            "전용면적(평)":"16평",
            "법정동주소":"제주도 서귀포시 토평동 175",
            "도로명주소":"제주도 서귀포시 중산간동로 7678",
            "세대수":0,
            "입주년차":20,
            "용적률점수":"--",
            "건폐율점수":"--",
            "세대당주차수":0,
            "난방방식":30,
            "공급면적":"--",
            "전용률":"--",
            "욕실수":50,
            "현관타입":10,
            "주거총점":13.0,
            "지역구공급총점":100.0,
            "역세권":"NA",
            "30분내 이동가능 거점":"NA",
            "1시간내 이동가능 거점":"NA",
            "교통총점":"NA",
            "백화점":0,
            "아울렛몰":0,
            "대형마트":80,
            "은행":0,
            "병원":0,
            "종합병원":80,
            "공원":0,
            "혐오시설":0,
            "인프라총점":28.0,
            "초등학군":90.02,
            "중학군":45.96,
            "학군총점":54.772,
            "인구수":18.98,
            "인구증감":8.98,
            "인구총점":15.98,
            "일자리":14.55,
            "소득수준":52.75,
            "일자리총점":26.01,
            "가치 총점":29.443,
            "매매실거래년":20220219.0,
            "매매실거래가":8400.0,
            "전세실거래년":20201108.0,
            "전세실거래가":6000.0,
            "전세가율":71.43,
            "장기전세가율평균":66.82,
            "전세가율거품지수":-4.61,
            "검색코드":116010,
            "세대수":100.0,
            "준공년월":"2000-06-26",
            "준공년차":23.0,
            "가까운역이름":"NA",
            "가까운역거리":"NA",
            "역세권여부":"NA",
            "30분이내주요거점역":"NA",
            "30분거점역이름":"NA",
            "1시간이내주요거점역":"NA",
            "1시간거점역이름":"NA",
            "3km이내백화점수":0,
            "5km이내아울렛몰수":0,
            "1km이내대형먀트수":1,
            "500m이내은행수":0,
            "500m이내병원수":0,
            "5km이내대형병원수":1,
            "500m이내공원수":0,
            "3km이내혐오시설수":0,
            "초등학교학업성취도":90.02,
            "중학교학업성취도":76.6,
            "용적률":120,
            "건폐율":31,
            "Y":33.271119,
            "X":126.593696,
            "rank":70.0,
            "area_info":"16평(53.67), 21평(71.23)",
            "last_sales":"2022-02-19,8400.0,16평(53.67)",
            "rank_history":[
                [
                    "202203",
                    70
                ],
                [
                    "202202",
                    33
                ],
                [
                    "202201",
                    42
                ]
            ],
            "rank_gap":-37
        },
        {
            "index":491,
            "아파트명":"산방산코아루아이비타운",
            "투자타입":"일반",
            "전용면적(m2)":"106.79",
            "전용면적(평)":"32평",
            "법정동주소":"제주도 서귀포시 안덕면 사계리 1516",
            "도로명주소":"제주도 서귀포시 사계북로 137",
            "세대수":0,
            "입주년차":100,
            "용적률점수":"--",
            "건폐율점수":"--",
            "세대당주차수":30,
            "난방방식":30,
            "공급면적":"--",
            "전용률":"--",
            "욕실수":100,
            "현관타입":100,
            "주거총점":47.5,
            "지역구공급총점":100.0,
            "역세권":"NA",
            "30분내 이동가능 거점":"NA",
            "1시간내 이동가능 거점":"NA",
            "교통총점":"NA",
            "백화점":0,
            "아울렛몰":0,
            "대형마트":0,
            "은행":0,
            "병원":0,
            "종합병원":0,
            "공원":0,
            "혐오시설":0,
            "인프라총점":0.0,
            "초등학군":90.03,
            "중학군":41.36,
            "학군총점":51.094,
            "인구수":18.98,
            "인구증감":8.98,
            "인구총점":15.98,
            "일자리":14.55,
            "소득수준":52.75,
            "일자리총점":26.01,
            "가치 총점":29.3985,
            "매매실거래년":"18000101",
            "매매실거래가":null,
            "전세실거래년":null,
            "전세실거래가":null,
            "전세가율":null,
            "장기전세가율평균":66.82,
            "전세가율거품지수":null,
            "검색코드":146704,
            "세대수":54.0,
            "준공년월":"2019-05-30",
            "준공년차":4.0,
            "가까운역이름":"NA",
            "가까운역거리":"NA",
            "역세권여부":"NA",
            "30분이내주요거점역":"NA",
            "30분거점역이름":"NA",
            "1시간이내주요거점역":"NA",
            "1시간거점역이름":"NA",
            "3km이내백화점수":0,
            "5km이내아울렛몰수":0,
            "1km이내대형먀트수":0,
            "500m이내은행수":0,
            "500m이내병원수":0,
            "5km이내대형병원수":0,
            "500m이내공원수":0,
            "3km이내혐오시설수":0,
            "초등학교학업성취도":90.03,
            "중학교학업성취도":68.0,
            "용적률":38,
            "건폐율":29,
            "Y":33.238283,
            "X":126.302091,
            "rank":71.0,
            "area_info":"32평(106.79), 32평(106.58)",
            "last_sales":"1800-01-01,nan,32평(106.79)",
            "rank_history":[
                [
                    "202203",
                    71
                ],
                [
                    "202202",
                    9999
                ]
            ],
            "rank_gap":9999
        },
        {
            "index":56,
            "아파트명":"에듀골드힐더클래식",
            "투자타입":"일반",
            "전용면적(m2)":"34.83",
            "전용면적(평)":"10평",
            "법정동주소":"제주도 서귀포시 대정읍 보성리 2548",
            "도로명주소":"제주도 서귀포시 일주서로 2290",
            "세대수":0,
            "입주년차":100,
            "용적률점수":"--",
            "건폐율점수":"--",
            "세대당주차수":30,
            "난방방식":30,
            "공급면적":"--",
            "전용률":"--",
            "욕실수":50,
            "현관타입":100,
            "주거총점":42.5,
            "지역구공급총점":100.0,
            "역세권":"NA",
            "30분내 이동가능 거점":"NA",
            "1시간내 이동가능 거점":"NA",
            "교통총점":"NA",
            "백화점":0,
            "아울렛몰":0,
            "대형마트":0,
            "은행":0,
            "병원":0,
            "종합병원":0,
            "공원":80,
            "혐오시설":0,
            "인프라총점":2.4,
            "초등학군":89.98,
            "중학군":44.56,
            "학군총점":53.644,
            "인구수":18.98,
            "인구증감":8.98,
            "인구총점":15.98,
            "일자리":14.55,
            "소득수준":52.75,
            "일자리총점":26.01,
            "가치 총점":29.246,
            "매매실거래년":"18000101",
            "매매실거래가":null,
            "전세실거래년":null,
            "전세실거래가":null,
            "전세가율":null,
            "장기전세가율평균":66.82,
            "전세가율거품지수":null,
            "검색코드":123763,
            "세대수":83.0,
            "준공년월":"2019-12-07",
            "준공년차":4.0,
            "가까운역이름":"NA",
            "가까운역거리":"NA",
            "역세권여부":"NA",
            "30분이내주요거점역":"NA",
            "30분거점역이름":"NA",
            "1시간이내주요거점역":"NA",
            "1시간거점역이름":"NA",
            "3km이내백화점수":0,
            "5km이내아울렛몰수":0,
            "1km이내대형먀트수":0,
            "500m이내은행수":0,
            "500m이내병원수":0,
            "5km이내대형병원수":0,
            "500m이내공원수":1,
            "3km이내혐오시설수":0,
            "초등학교학업성취도":89.98,
            "중학교학업성취도":72.0,
            "용적률":78,
            "건폐율":19,
            "Y":33.246166,
            "X":126.274233,
            "rank":72.0,
            "area_info":"10평(34.83), 10평(34.51), 10평(36.05), 10평(36.05), 11평(37.29), 22평(75.92), 23평(76.63), 24평(79.4), 24평(82.22)",
            "last_sales":"1800-01-01,nan,10평(34.83)",
            "rank_history":[
                [
                    "202203",
                    72
                ],
                [
                    "202202",
                    9999
                ]
            ],
            "rank_gap":9999
        },
        {
            "index":9,
            "아파트명":"서호현대맨션2차",
            "투자타입":"일반",
            "전용면적(m2)":"78.97",
            "전용면적(평)":"23평",
            "법정동주소":"제주도 서귀포시 강정동 178",
            "도로명주소":"제주도 서귀포시 김정문화로 6",
            "세대수":0,
            "입주년차":0,
            "용적률점수":"--",
            "건폐율점수":"--",
            "세대당주차수":0,
            "난방방식":30,
            "공급면적":"--",
            "전용률":"--",
            "욕실수":50,
            "현관타입":100,
            "주거총점":18.0,
            "지역구공급총점":100.0,
            "역세권":"NA",
            "30분내 이동가능 거점":"NA",
            "1시간내 이동가능 거점":"NA",
            "교통총점":"NA",
            "백화점":0,
            "아울렛몰":0,
            "대형마트":80,
            "은행":70,
            "병원":0,
            "종합병원":0,
            "공원":100,
            "혐오시설":0,
            "인프라총점":22.0,
            "초등학군":90.0,
            "중학군":47.42,
            "학군총점":55.936,
            "인구수":18.98,
            "인구증감":8.98,
            "인구총점":15.98,
            "일자리":14.55,
            "소득수준":52.75,
            "일자리총점":26.01,
            "가치 총점":29.084,
            "매매실거래년":"18000101",
            "매매실거래가":null,
            "전세실거래년":null,
            "전세실거래가":null,
            "전세가율":null,
            "장기전세가율평균":66.82,
            "전세가율거품지수":null,
            "검색코드":102293,
            "세대수":70.0,
            "준공년월":"1994-03-28",
            "준공년차":29.0,
            "가까운역이름":"NA",
            "가까운역거리":"NA",
            "역세권여부":"NA",
            "30분이내주요거점역":"NA",
            "30분거점역이름":"NA",
            "1시간이내주요거점역":"NA",
            "1시간거점역이름":"NA",
            "3km이내백화점수":0,
            "5km이내아울렛몰수":0,
            "1km이내대형먀트수":1,
            "500m이내은행수":3,
            "500m이내병원수":0,
            "5km이내대형병원수":0,
            "500m이내공원수":5,
            "3km이내혐오시설수":0,
            "초등학교학업성취도":90.0,
            "중학교학업성취도":77.7,
            "용적률":74,
            "건폐율":32,
            "Y":33.251885,
            "X":126.50504,
            "rank":73.0,
            "area_info":"23평(78.97), 29평(97.96)",
            "last_sales":"1800-01-01,nan,23평(78.97)",
            "rank_history":[
                [
                    "202203",
                    73
                ],
                [
                    "202202",
                    9999
                ]
            ],
            "rank_gap":9999
        },
        {
            "index":579,
            "아파트명":"파우제인제주오션블록(도시형)",
            "투자타입":"일반",
            "전용면적(m2)":"30.65",
            "전용면적(평)":"9평",
            "법정동주소":"제주도 서귀포시 토평동 3083-1",
            "도로명주소":"제주도 서귀포시 인정오름로86번길 10",
            "세대수":0,
            "입주년차":80,
            "용적률점수":"--",
            "건폐율점수":"--",
            "세대당주차수":0,
            "난방방식":30,
            "공급면적":"--",
            "전용률":"--",
            "욕실수":50,
            "현관타입":10,
            "주거총점":25.0,
            "지역구공급총점":100.0,
            "역세권":"NA",
            "30분내 이동가능 거점":"NA",
            "1시간내 이동가능 거점":"NA",
            "교통총점":"NA",
            "백화점":0,
            "아울렛몰":0,
            "대형마트":0,
            "은행":0,
            "병원":0,
            "종합병원":80,
            "공원":0,
            "혐오시설":0,
            "인프라총점":16.0,
            "초등학군":90.02,
            "중학군":46.04,
            "학군총점":54.836,
            "인구수":18.98,
            "인구증감":8.98,
            "인구총점":15.98,
            "일자리":14.55,
            "소득수준":52.75,
            "일자리총점":26.01,
            "가치 총점":28.859,
            "매매실거래년":"18000101",
            "매매실거래가":null,
            "전세실거래년":null,
            "전세실거래가":null,
            "전세가율":null,
            "장기전세가율평균":66.82,
            "전세가율거품지수":null,
            "검색코드":120985,
            "세대수":182.0,
            "준공년월":"2015-08-05",
            "준공년차":8.0,
            "가까운역이름":"NA",
            "가까운역거리":"NA",
            "역세권여부":"NA",
            "30분이내주요거점역":"NA",
            "30분거점역이름":"NA",
            "1시간이내주요거점역":"NA",
            "1시간거점역이름":"NA",
            "3km이내백화점수":0,
            "5km이내아울렛몰수":0,
            "1km이내대형먀트수":0,
            "500m이내은행수":0,
            "500m이내병원수":0,
            "5km이내대형병원수":1,
            "500m이내공원수":0,
            "3km이내혐오시설수":0,
            "초등학교학업성취도":90.02,
            "중학교학업성취도":76.2,
            "용적률":72,
            "건폐율":19,
            "Y":33.288451,
            "X":126.578608,
            "rank":74.0,
            "area_info":"9평(30.65), 9평(30.82), 12평(39.78), 12평(40.08), 22평(74.81), 22평(75.01)",
            "last_sales":"1800-01-01,nan,9평(30.65)",
            "rank_history":[
                [
                    "202203",
                    74
                ],
                [
                    "202202",
                    35
                ],
                [
                    "202201",
                    37
                ]
            ],
            "rank_gap":-39
        },
        {
            "index":4,
            "아파트명":"대림제주서호(대림한숲)",
            "투자타입":"일반",
            "전용면적(m2)":"102.66",
            "전용면적(평)":"31평",
            "법정동주소":"제주도 서귀포시 강정동 177",
            "도로명주소":"제주도 서귀포시 신서귀로97번길 87",
            "세대수":0,
            "입주년차":0,
            "용적률점수":"--",
            "건폐율점수":"--",
            "세대당주차수":0,
            "난방방식":30,
            "공급면적":"--",
            "전용률":"--",
            "욕실수":100,
            "현관타입":100,
            "주거총점":23.0,
            "지역구공급총점":100.0,
            "역세권":"NA",
            "30분내 이동가능 거점":"NA",
            "1시간내 이동가능 거점":"NA",
            "교통총점":"NA",
            "백화점":0,
            "아울렛몰":0,
            "대형마트":80,
            "은행":20,
            "병원":0,
            "종합병원":0,
            "공원":100,
            "혐오시설":0,
            "인프라총점":17.0,
            "초등학군":90.0,
            "중학군":47.42,
            "학군총점":55.936,
            "인구수":18.98,
            "인구증감":8.98,
            "인구총점":15.98,
            "일자리":14.55,
            "소득수준":52.75,
            "일자리총점":26.01,
            "가치 총점":28.834,
            "매매실거래년":"18000101",
            "매매실거래가":null,
            "전세실거래년":null,
            "전세실거래가":null,
            "전세가율":null,
            "장기전세가율평균":66.82,
            "전세가율거품지수":null,
            "검색코드":15122,
            "세대수":198.0,
            "준공년월":"1995-01-21",
            "준공년차":28.0,
            "가까운역이름":"NA",
            "가까운역거리":"NA",
            "역세권여부":"NA",
            "30분이내주요거점역":"NA",
            "30분거점역이름":"NA",
            "1시간이내주요거점역":"NA",
            "1시간거점역이름":"NA",
            "3km이내백화점수":0,
            "5km이내아울렛몰수":0,
            "1km이내대형먀트수":1,
            "500m이내은행수":2,
            "500m이내병원수":0,
            "5km이내대형병원수":0,
            "500m이내공원수":3,
            "3km이내혐오시설수":0,
            "초등학교학업성취도":90.0,
            "중학교학업성취도":77.7,
            "용적률":79,
            "건폐율":35,
            "Y":33.250903,
            "X":126.506207,
            "rank":75.0,
            "area_info":"31평(102.66), 31평(102.79), 32평(106.08)",
            "last_sales":"1800-01-01,nan,31평(102.66)",
            "rank_history":[
                [
                    "202203",
                    75
                ],
                [
                    "202202",
                    36
                ],
                [
                    "202201",
                    30
                ]
            ],
            "rank_gap":-39
        },
        {
            "index":503,
            "아파트명":"힘찬해가(도시형)",
            "투자타입":"일반",
            "전용면적(m2)":"102.08",
            "전용면적(평)":"30평",
            "법정동주소":"제주도 서귀포시 안덕면 사계리 3596",
            "도로명주소":"제주도 서귀포시 사계신항로17번길 14",
            "세대수":0,
            "입주년차":100,
            "용적률점수":"--",
            "건폐율점수":"--",
            "세대당주차수":0,
            "난방방식":30,
            "공급면적":"--",
            "전용률":"--",
            "욕실수":100,
            "현관타입":100,
            "주거총점":43.0,
            "지역구공급총점":100.0,
            "역세권":"NA",
            "30분내 이동가능 거점":"NA",
            "1시간내 이동가능 거점":"NA",
            "교통총점":"NA",
            "백화점":0,
            "아울렛몰":0,
            "대형마트":0,
            "은행":0,
            "병원":0,
            "종합병원":0,
            "공원":80,
            "혐오시설":0,
            "인프라총점":2.4,
            "초등학군":90.01,
            "중학군":41.36,
            "학군총점":51.09,
            "인구수":18.98,
            "인구증감":8.98,
            "인구총점":15.98,
            "일자리":14.55,
            "소득수준":52.75,
            "일자리총점":26.01,
            "가치 총점":28.7825,
            "매매실거래년":"18000101",
            "매매실거래가":null,
            "전세실거래년":null,
            "전세실거래가":null,
            "전세가율":null,
            "장기전세가율평균":66.82,
            "전세가율거품지수":null,
            "검색코드":138744,
            "세대수":120.0,
            "준공년월":"2021-09-01",
            "준공년차":2.0,
            "가까운역이름":"NA",
            "가까운역거리":"NA",
            "역세권여부":"NA",
            "30분이내주요거점역":"NA",
            "30분거점역이름":"NA",
            "1시간이내주요거점역":"NA",
            "1시간거점역이름":"NA",
            "3km이내백화점수":0,
            "5km이내아울렛몰수":0,
            "1km이내대형먀트수":0,
            "500m이내은행수":0,
            "500m이내병원수":0,
            "5km이내대형병원수":0,
            "500m이내공원수":1,
            "3km이내혐오시설수":0,
            "초등학교학업성취도":90.01,
            "중학교학업성취도":68.0,
            "용적률":125,
            "건폐율":42,
            "Y":33.250002,
            "X":126.323272,
            "rank":76.0,
            "area_info":"30평(102.08), 32평(108.43)",
            "last_sales":"1800-01-01,nan,30평(102.08)",
            "rank_history":[
                [
                    "202203",
                    76
                ],
                [
                    "202202",
                    37
                ],
                [
                    "202201",
                    38
                ]
            ],
            "rank_gap":-39
        },
        {
            "index":1,
            "아파트명":"강정코아루더테라스블루아도시포럼(도시형)",
            "투자타입":"일반",
            "전용면적(m2)":"46.3",
            "전용면적(평)":"14평",
            "법정동주소":"제주도 서귀포시 강정동 5669-1",
            "도로명주소":"제주도 서귀포시 신서로 89",
            "세대수":0,
            "입주년차":80,
            "용적률점수":"--",
            "건폐율점수":"--",
            "세대당주차수":30,
            "난방방식":30,
            "공급면적":"--",
            "전용률":"--",
            "욕실수":50,
            "현관타입":100,
            "주거총점":38.5,
            "지역구공급총점":100.0,
            "역세권":"NA",
            "30분내 이동가능 거점":"NA",
            "1시간내 이동가능 거점":"NA",
            "교통총점":"NA",
            "백화점":0,
            "아울렛몰":0,
            "대형마트":0,
            "은행":0,
            "병원":0,
            "종합병원":0,
            "공원":100,
            "혐오시설":0,
            "인프라총점":3.0,
            "초등학군":90.0,
            "중학군":47.42,
            "학군총점":55.936,
            "인구수":18.98,
            "인구증감":8.98,
            "인구총점":15.98,
            "일자리":14.55,
            "소득수준":52.75,
            "일자리총점":26.01,
            "가치 총점":28.659,
            "매매실거래년":20170720.0,
            "매매실거래가":31335.0,
            "전세실거래년":null,
            "전세실거래가":null,
            "전세가율":null,
            "장기전세가율평균":66.82,
            "전세가율거품지수":null,
            "검색코드":114572,
            "세대수":50.0,
            "준공년월":"2017-05-01",
            "준공년차":6.0,
            "가까운역이름":"NA",
            "가까운역거리":"NA",
            "역세권여부":"NA",
            "30분이내주요거점역":"NA",
            "30분거점역이름":"NA",
            "1시간이내주요거점역":"NA",
            "1시간거점역이름":"NA",
            "3km이내백화점수":0,
            "5km이내아울렛몰수":0,
            "1km이내대형먀트수":0,
            "500m이내은행수":0,
            "500m이내병원수":0,
            "5km이내대형병원수":0,
            "500m이내공원수":2,
            "3km이내혐오시설수":0,
            "초등학교학업성취도":90.0,
            "중학교학업성취도":77.7,
            "용적률":66,
            "건폐율":19,
            "Y":33.258683,
            "X":126.50527,
            "rank":77.0,
            "area_info":"14평(46.3), 23평(76.46), 31평(105.37)",
            "last_sales":"2017-07-20,31335.0,31평(105.37)",
            "rank_history":[
                [
                    "202203",
                    77
                ],
                [
                    "202202",
                    9999
                ]
            ],
            "rank_gap":9999
        },
        {
            "index":50,
            "아파트명":"아이진베라뷰대정",
            "투자타입":"일반",
            "전용면적(m2)":"102.45",
            "전용면적(평)":"30평",
            "법정동주소":"제주도 서귀포시 대정읍 상모리 4170",
            "도로명주소":"제주도 서귀포시 상모로273번길 44",
            "세대수":0,
            "입주년차":80,
            "용적률점수":"--",
            "건폐율점수":"--",
            "세대당주차수":30,
            "난방방식":30,
            "공급면적":"--",
            "전용률":"--",
            "욕실수":100,
            "현관타입":100,
            "주거총점":43.5,
            "지역구공급총점":100.0,
            "역세권":"NA",
            "30분내 이동가능 거점":"NA",
            "1시간내 이동가능 거점":"NA",
            "교통총점":"NA",
            "백화점":0,
            "아울렛몰":0,
            "대형마트":0,
            "은행":0,
            "병원":0,
            "종합병원":0,
            "공원":0,
            "혐오시설":0,
            "인프라총점":0.0,
            "초등학군":90.0,
            "중학군":44.56,
            "학군총점":53.648,
            "인구수":18.98,
            "인구증감":8.98,
            "인구총점":15.98,
            "일자리":14.55,
            "소득수준":52.75,
            "일자리총점":26.01,
            "가치 총점":28.637,
            "매매실거래년":20201203.0,
            "매매실거래가":25000.0,
            "전세실거래년":20210126.0,
            "전세실거래가":20000.0,
            "전세가율":59.7,
            "장기전세가율평균":66.82,
            "전세가율거품지수":7.12,
            "검색코드":119326,
            "세대수":68.0,
            "준공년월":"2017-05-01",
            "준공년차":6.0,
            "가까운역이름":"NA",
            "가까운역거리":"NA",
            "역세권여부":"NA",
            "30분이내주요거점역":"NA",
            "30분거점역이름":"NA",
            "1시간이내주요거점역":"NA",
            "1시간거점역이름":"NA",
            "3km이내백화점수":0,
            "5km이내아울렛몰수":0,
            "1km이내대형먀트수":0,
            "500m이내은행수":1,
            "500m이내병원수":0,
            "5km이내대형병원수":0,
            "500m이내공원수":0,
            "3km이내혐오시설수":0,
            "초등학교학업성취도":90.0,
            "중학교학업성취도":72.0,
            "용적률":145,
            "건폐율":28,
            "Y":33.220105,
            "X":126.258581,
            "rank":78.0,
            "area_info":"30평(102.45), 31평(103.89), 31평(104.62), 31평(105.4), 31평(105.7), 32평(106.03)",
            "last_sales":"2020-12-03,25000.0,32평(106.03)",
            "rank_history":[
                [
                    "202203",
                    78
                ],
                [
                    "202202",
                    9999
                ]
            ],
            "rank_gap":9999
        },
        {
            "index":202,
            "아파트명":"영신무지개2차",
            "투자타입":"일반",
            "전용면적(m2)":"46.49",
            "전용면적(평)":"14평",
            "법정동주소":"제주도 서귀포시 동홍동 91-3",
            "도로명주소":"제주도 서귀포시 동홍북로22번길 20",
            "세대수":0,
            "입주년차":0,
            "용적률점수":"--",
            "건폐율점수":"--",
            "세대당주차수":0,
            "난방방식":30,
            "공급면적":"--",
            "전용률":"--",
            "욕실수":50,
            "현관타입":100,
            "주거총점":18.0,
            "지역구공급총점":100.0,
            "역세권":"NA",
            "30분내 이동가능 거점":"NA",
            "1시간내 이동가능 거점":"NA",
            "교통총점":"NA",
            "백화점":0,
            "아울렛몰":0,
            "대형마트":0,
            "은행":0,
            "병원":0,
            "종합병원":80,
            "공원":100,
            "혐오시설":0,
            "인프라총점":19.0,
            "초등학군":89.99,
            "중학군":49.58,
            "학군총점":57.662,
            "인구수":18.98,
            "인구증감":8.98,
            "인구총점":15.98,
            "일자리":14.55,
            "소득수준":52.75,
            "일자리총점":26.01,
            "가치 총점":28.3155,
            "매매실거래년":20220216.0,
            "매매실거래가":11500.0,
            "전세실거래년":null,
            "전세실거래가":null,
            "전세가율":null,
            "장기전세가율평균":66.82,
            "전세가율거품지수":null,
            "검색코드":17129,
            "세대수":60.0,
            "준공년월":"1995-05-06",
            "준공년차":28.0,
            "가까운역이름":"NA",
            "가까운역거리":"NA",
            "역세권여부":"NA",
            "30분이내주요거점역":"NA",
            "30분거점역이름":"NA",
            "1시간이내주요거점역":"NA",
            "1시간거점역이름":"NA",
            "3km이내백화점수":0,
            "5km이내아울렛몰수":0,
            "1km이내대형먀트수":0,
            "500m이내은행수":1,
            "500m이내병원수":0,
            "5km이내대형병원수":1,
            "500m이내공원수":3,
            "3km이내혐오시설수":0,
            "초등학교학업성취도":89.99,
            "중학교학업성취도":81.5,
            "용적률":174,
            "건폐율":44,
            "Y":33.257531,
            "X":126.570395,
            "rank":79.0,
            "area_info":"14평(46.49), 18평(61.76), 20평(66.8), 20평(68.22)",
            "last_sales":"2022-02-16,11500.0,20평(68.22)",
            "rank_history":[
                [
                    "202203",
                    79
                ],
                [
                    "202202",
                    9999
                ]
            ],
            "rank_gap":9999
        },
        {
            "index":39,
            "아파트명":"더그라벨",
            "투자타입":"일반",
            "전용면적(m2)":"75.3",
            "전용면적(평)":"22평",
            "법정동주소":"제주도 서귀포시 대정읍 하모리 1221-1",
            "도로명주소":"제주도 서귀포시 신영로 5",
            "세대수":0,
            "입주년차":100,
            "용적률점수":"--",
            "건폐율점수":"--",
            "세대당주차수":30,
            "난방방식":30,
            "공급면적":"--",
            "전용률":"--",
            "욕실수":50,
            "현관타입":100,
            "주거총점":42.5,
            "지역구공급총점":100.0,
            "역세권":"NA",
            "30분내 이동가능 거점":"NA",
            "1시간내 이동가능 거점":"NA",
            "교통총점":"NA",
            "백화점":0,
            "아울렛몰":0,
            "대형마트":0,
            "은행":0,
            "병원":0,
            "종합병원":0,
            "공원":0,
            "혐오시설":0,
            "인프라총점":0.0,
            "초등학군":90.0,
            "중학군":44.56,
            "학군총점":53.648,
            "인구수":18.98,
            "인구증감":8.98,
            "인구총점":15.98,
            "일자리":14.55,
            "소득수준":52.75,
            "일자리총점":26.01,
            "가치 총점":28.287,
            "매매실거래년":20220218.0,
            "매매실거래가":19800.0,
            "전세실거래년":20211125.0,
            "전세실거래가":17000.0,
            "전세가율":85.86,
            "장기전세가율평균":66.82,
            "전세가율거품지수":-19.04,
            "검색코드":127161,
            "세대수":52.0,
            "준공년월":"2019-08-01",
            "준공년차":4.0,
            "가까운역이름":"NA",
            "가까운역거리":"NA",
            "역세권여부":"NA",
            "30분이내주요거점역":"NA",
            "30분거점역이름":"NA",
            "1시간이내주요거점역":"NA",
            "1시간거점역이름":"NA",
            "3km이내백화점수":0,
            "5km이내아울렛몰수":0,
            "1km이내대형먀트수":0,
            "500m이내은행수":0,
            "500m이내병원수":0,
            "5km이내대형병원수":0,
            "500m이내공원수":0,
            "3km이내혐오시설수":0,
            "초등학교학업성취도":90.0,
            "중학교학업성취도":72.0,
            "용적률":0,
            "건폐율":0,
            "Y":33.225244,
            "X":126.247558,
            "rank":80.0,
            "area_info":"22평(75.3), 22평(75.85), 33평(111.63), 33평(111.92)",
            "last_sales":"2022-02-18,19800.0,22평(75.3)",
            "rank_history":[
                [
                    "202203",
                    80
                ],
                [
                    "202202",
                    9999
                ]
            ],
            "rank_gap":9999
        },
        {
            "index":257,
            "아파트명":"동남서호",
            "투자타입":"일반",
            "전용면적(m2)":"65.03",
            "전용면적(평)":"19평",
            "법정동주소":"제주도 서귀포시 법환동 748-1",
            "도로명주소":"제주도 서귀포시 신서귀로 9",
            "세대수":0,
            "입주년차":0,
            "용적률점수":"--",
            "건폐율점수":"--",
            "세대당주차수":0,
            "난방방식":30,
            "공급면적":"--",
            "전용률":"--",
            "욕실수":50,
            "현관타입":100,
            "주거총점":18.0,
            "지역구공급총점":100.0,
            "역세권":"NA",
            "30분내 이동가능 거점":"NA",
            "1시간내 이동가능 거점":"NA",
            "교통총점":"NA",
            "백화점":0,
            "아울렛몰":0,
            "대형마트":100,
            "은행":20,
            "병원":0,
            "종합병원":0,
            "공원":100,
            "혐오시설":0,
            "인프라총점":20.0,
            "초등학군":90.0,
            "중학군":47.42,
            "학군총점":55.936,
            "인구수":18.98,
            "인구증감":8.98,
            "인구총점":15.98,
            "일자리":14.55,
            "소득수준":52.75,
            "일자리총점":26.01,
            "가치 총점":28.284,
            "매매실거래년":"18000101",
            "매매실거래가":null,
            "전세실거래년":null,
            "전세실거래가":null,
            "전세가율":null,
            "장기전세가율평균":66.82,
            "전세가율거품지수":null,
            "검색코드":15139,
            "세대수":143.0,
            "준공년월":"1995-01-18",
            "준공년차":28.0,
            "가까운역이름":"NA",
            "가까운역거리":"NA",
            "역세권여부":"NA",
            "30분이내주요거점역":"NA",
            "30분거점역이름":"NA",
            "1시간이내주요거점역":"NA",
            "1시간거점역이름":"NA",
            "3km이내백화점수":0,
            "5km이내아울렛몰수":0,
            "1km이내대형먀트수":2,
            "500m이내은행수":2,
            "500m이내병원수":0,
            "5km이내대형병원수":0,
            "500m이내공원수":3,
            "3km이내혐오시설수":0,
            "초등학교학업성취도":90.0,
            "중학교학업성취도":77.7,
            "용적률":95,
            "건폐율":32,
            "Y":33.249998,
            "X":126.509022,
            "rank":81.0,
            "area_info":"19평(65.03), 20평(67.1), 20평(67.8), 27평(91.88)",
            "last_sales":"1800-01-01,nan,19평(65.03)",
            "rank_history":[
                [
                    "202203",
                    81
                ],
                [
                    "202202",
                    38
                ],
                [
                    "202201",
                    34
                ]
            ],
            "rank_gap":-43
        },
        {
            "index":363,
            "아파트명":"민우",
            "투자타입":"재건축",
            "전용면적(m2)":"63.55",
            "전용면적(평)":"19평",
            "법정동주소":"제주도 서귀포시 서홍동 349-2",
            "도로명주소":"제주도 서귀포시 홍중로 53-3",
            "세대수":0,
            "입주년차":"--",
            "용적률점수":0,
            "건폐율점수":0,
            "세대당주차수":"--",
            "난방방식":"--",
            "공급면적":50,
            "전용률":100,
            "욕실수":"--",
            "현관타입":"--",
            "주거총점":7.5,
            "지역구공급총점":100.0,
            "역세권":"NA",
            "30분내 이동가능 거점":"NA",
            "1시간내 이동가능 거점":"NA",
            "교통총점":"NA",
            "백화점":0,
            "아울렛몰":0,
            "대형마트":80,
            "은행":0,
            "병원":0,
            "종합병원":80,
            "공원":0,
            "혐오시설":0,
            "인프라총점":28.0,
            "초등학군":90.02,
            "중학군":49.58,
            "학군총점":57.668,
            "인구수":18.98,
            "인구증감":8.98,
            "인구총점":15.98,
            "일자리":14.55,
            "소득수준":52.75,
            "일자리총점":26.01,
            "가치 총점":28.242,
            "매매실거래년":20220203.0,
            "매매실거래가":12200.0,
            "전세실거래년":20211227.0,
            "전세실거래가":12000.0,
            "전세가율":98.36,
            "장기전세가율평균":66.82,
            "전세가율거품지수":-31.54,
            "검색코드":119211,
            "세대수":70.0,
            "준공년월":"1986-09-03",
            "준공년차":37.0,
            "가까운역이름":"NA",
            "가까운역거리":"NA",
            "역세권여부":"NA",
            "30분이내주요거점역":"NA",
            "30분거점역이름":"NA",
            "1시간이내주요거점역":"NA",
            "1시간거점역이름":"NA",
            "3km이내백화점수":0,
            "5km이내아울렛몰수":0,
            "1km이내대형먀트수":1,
            "500m이내은행수":0,
            "500m이내병원수":0,
            "5km이내대형병원수":1,
            "500m이내공원수":0,
            "3km이내혐오시설수":0,
            "초등학교학업성취도":90.02,
            "중학교학업성취도":81.5,
            "용적률":0,
            "건폐율":0,
            "Y":33.257323,
            "X":126.556184,
            "rank":82.0,
            "area_info":"19평(63.55), 19평(65.45), 19평(66.05)",
            "last_sales":"2022-02-03,12200.0,19평(63.55)",
            "rank_history":[
                [
                    "202203",
                    82
                ],
                [
                    "202202",
                    9999
                ]
            ],
            "rank_gap":9999
        },
        {
            "index":418,
            "아파트명":"일광그린",
            "투자타입":"재건축",
            "전용면적(m2)":"60.21",
            "전용면적(평)":"18평",
            "법정동주소":"제주도 서귀포시 서홍동 1592-2",
            "도로명주소":"제주도 서귀포시 홍중로 81",
            "세대수":0,
            "입주년차":"--",
            "용적률점수":0,
            "건폐율점수":0,
            "세대당주차수":"--",
            "난방방식":"--",
            "공급면적":50,
            "전용률":100,
            "욕실수":"--",
            "현관타입":"--",
            "주거총점":7.5,
            "지역구공급총점":100.0,
            "역세권":"NA",
            "30분내 이동가능 거점":"NA",
            "1시간내 이동가능 거점":"NA",
            "교통총점":"NA",
            "백화점":0,
            "아울렛몰":0,
            "대형마트":80,
            "은행":0,
            "병원":0,
            "종합병원":80,
            "공원":0,
            "혐오시설":0,
            "인프라총점":28.0,
            "초등학군":90.0,
            "중학군":49.58,
            "학군총점":57.664,
            "인구수":18.98,
            "인구증감":8.98,
            "인구총점":15.98,
            "일자리":14.55,
            "소득수준":52.75,
            "일자리총점":26.01,
            "가치 총점":28.241,
            "매매실거래년":20180627.0,
            "매매실거래가":10300.0,
            "전세실거래년":20211228.0,
            "전세실거래가":17000.0,
            "전세가율":181.9,
            "장기전세가율평균":66.82,
            "전세가율거품지수":-115.08,
            "검색코드":125723,
            "세대수":60.0,
            "준공년월":"1989-09-02",
            "준공년차":34.0,
            "가까운역이름":"NA",
            "가까운역거리":"NA",
            "역세권여부":"NA",
            "30분이내주요거점역":"NA",
            "30분거점역이름":"NA",
            "1시간이내주요거점역":"NA",
            "1시간거점역이름":"NA",
            "3km이내백화점수":0,
            "5km이내아울렛몰수":0,
            "1km이내대형먀트수":1,
            "500m이내은행수":0,
            "500m이내병원수":0,
            "5km이내대형병원수":1,
            "500m이내공원수":0,
            "3km이내혐오시설수":0,
            "초등학교학업성취도":90.0,
            "중학교학업성취도":81.5,
            "용적률":0,
            "건폐율":0,
            "Y":33.259636,
            "X":126.5553,
            "rank":83.0,
            "area_info":"18평(60.21), 18평(61.85)",
            "last_sales":"2018-06-27,10300.0,18평(61.85)",
            "rank_history":[
                [
                    "202203",
                    83
                ],
                [
                    "202202",
                    9999
                ]
            ],
            "rank_gap":9999
        },
        {
            "index":395,
            "아파트명":"세림맨숀",
            "투자타입":"재건축",
            "전용면적(m2)":"76.23",
            "전용면적(평)":"23평",
            "법정동주소":"제주도 서귀포시 서홍동 344-3",
            "도로명주소":"제주도 서귀포시 홍중로 75",
            "세대수":0,
            "입주년차":"--",
            "용적률점수":0,
            "건폐율점수":0,
            "세대당주차수":"--",
            "난방방식":"--",
            "공급면적":50,
            "전용률":100,
            "욕실수":"--",
            "현관타입":"--",
            "주거총점":7.5,
            "지역구공급총점":100.0,
            "역세권":"NA",
            "30분내 이동가능 거점":"NA",
            "1시간내 이동가능 거점":"NA",
            "교통총점":"NA",
            "백화점":0,
            "아울렛몰":0,
            "대형마트":80,
            "은행":0,
            "병원":0,
            "종합병원":80,
            "공원":0,
            "혐오시설":0,
            "인프라총점":28.0,
            "초등학군":90.0,
            "중학군":49.58,
            "학군총점":57.664,
            "인구수":18.98,
            "인구증감":8.98,
            "인구총점":15.98,
            "일자리":14.55,
            "소득수준":52.75,
            "일자리총점":26.01,
            "가치 총점":28.241,
            "매매실거래년":20200530.0,
            "매매실거래가":13500.0,
            "전세실거래년":null,
            "전세실거래가":null,
            "전세가율":null,
            "장기전세가율평균":66.82,
            "전세가율거품지수":null,
            "검색코드":17137,
            "세대수":60.0,
            "준공년월":"1990-07-09",
            "준공년차":33.0,
            "가까운역이름":"NA",
            "가까운역거리":"NA",
            "역세권여부":"NA",
            "30분이내주요거점역":"NA",
            "30분거점역이름":"NA",
            "1시간이내주요거점역":"NA",
            "1시간거점역이름":"NA",
            "3km이내백화점수":0,
            "5km이내아울렛몰수":0,
            "1km이내대형먀트수":1,
            "500m이내은행수":0,
            "500m이내병원수":0,
            "5km이내대형병원수":1,
            "500m이내공원수":0,
            "3km이내혐오시설수":0,
            "초등학교학업성취도":90.0,
            "중학교학업성취도":81.5,
            "용적률":0,
            "건폐율":0,
            "Y":33.259342,
            "X":126.555416,
            "rank":83.0,
            "area_info":"23평(76.23), 23평(77.49), 26평(88.24), 31평(104.44)",
            "last_sales":"2020-05-30,13500.0,31평(104.44)",
            "rank_history":[
                [
                    "202203",
                    83
                ],
                [
                    "202202",
                    9999
                ]
            ],
            "rank_gap":9999
        },
        {
            "index":502,
            "아파트명":"신화오션빌",
            "투자타입":"일반",
            "전용면적(m2)":"34.5",
            "전용면적(평)":"10평",
            "법정동주소":"제주도 서귀포시 안덕면 동광리 1600",
            "도로명주소":"제주도 서귀포시 동광로 64",
            "세대수":0,
            "입주년차":80,
            "용적률점수":"--",
            "건폐율점수":"--",
            "세대당주차수":30,
            "난방방식":30,
            "공급면적":"--",
            "전용률":"--",
            "욕실수":100,
            "현관타입":100,
            "주거총점":43.5,
            "지역구공급총점":100.0,
            "역세권":"NA",
            "30분내 이동가능 거점":"NA",
            "1시간내 이동가능 거점":"NA",
            "교통총점":"NA",
            "백화점":0,
            "아울렛몰":0,
            "대형마트":0,
            "은행":0,
            "병원":0,
            "종합병원":0,
            "공원":0,
            "혐오시설":0,
            "인프라총점":0.0,
            "초등학군":89.96,
            "중학군":41.36,
            "학군총점":51.08,
            "인구수":18.98,
            "인구증감":8.98,
            "인구총점":15.98,
            "일자리":14.55,
            "소득수준":52.75,
            "일자리총점":26.01,
            "가치 총점":27.995,
            "매매실거래년":"18000101",
            "매매실거래가":null,
            "전세실거래년":null,
            "전세실거래가":null,
            "전세가율":null,
            "장기전세가율평균":66.82,
            "전세가율거품지수":null,
            "검색코드":127880,
            "세대수":54.0,
            "준공년월":"2018-09-07",
            "준공년차":5.0,
            "가까운역이름":"NA",
            "가까운역거리":"NA",
            "역세권여부":"NA",
            "30분이내주요거점역":"NA",
            "30분거점역이름":"NA",
            "1시간이내주요거점역":"NA",
            "1시간거점역이름":"NA",
            "3km이내백화점수":0,
            "5km이내아울렛몰수":0,
            "1km이내대형먀트수":0,
            "500m이내은행수":0,
            "500m이내병원수":0,
            "5km이내대형병원수":0,
            "500m이내공원수":0,
            "3km이내혐오시설수":0,
            "초등학교학업성취도":89.96,
            "중학교학업성취도":68.0,
            "용적률":0,
            "건폐율":28,
            "Y":33.302769,
            "X":126.33582,
            "rank":84.0,
            "area_info":"10평(34.5)",
            "last_sales":"1800-01-01,nan,10평(34.5)",
            "rank_history":[
                [
                    "202203",
                    84
                ],
                [
                    "202202",
                    9999
                ]
            ],
            "rank_gap":9999
        },
        {
            "index":540,
            "아파트명":"중문스마트빌(도시형)",
            "투자타입":"일반",
            "전용면적(m2)":"40.64",
            "전용면적(평)":"12평",
            "법정동주소":"제주도 서귀포시 중문동 2059-7",
            "도로명주소":"제주도 서귀포시 중문상로 41-3",
            "세대수":0,
            "입주년차":80,
            "용적률점수":"--",
            "건폐율점수":"--",
            "세대당주차수":0,
            "난방방식":30,
            "공급면적":"--",
            "전용률":"--",
            "욕실수":50,
            "현관타입":10,
            "주거총점":25.0,
            "지역구공급총점":100.0,
            "역세권":"NA",
            "30분내 이동가능 거점":"NA",
            "1시간내 이동가능 거점":"NA",
            "교통총점":"NA",
            "백화점":0,
            "아울렛몰":0,
            "대형마트":80,
            "은행":0,
            "병원":0,
            "종합병원":0,
            "공원":0,
            "혐오시설":0,
            "인프라총점":12.0,
            "초등학군":90.02,
            "중학군":49.12,
            "학군총점":57.3,
            "인구수":18.98,
            "인구증감":8.98,
            "인구총점":15.98,
            "일자리":14.55,
            "소득수준":52.75,
            "일자리총점":26.01,
            "가치 총점":27.875,
            "매매실거래년":20210304.0,
            "매매실거래가":20000.0,
            "전세실거래년":20211025.0,
            "전세실거래가":9000.0,
            "전세가율":105.88,
            "장기전세가율평균":66.82,
            "전세가율거품지수":-39.06,
            "검색코드":119898,
            "세대수":109.0,
            "준공년월":"2017-08-17",
            "준공년차":6.0,
            "가까운역이름":"NA",
            "가까운역거리":"NA",
            "역세권여부":"NA",
            "30분이내주요거점역":"NA",
            "30분거점역이름":"NA",
            "1시간이내주요거점역":"NA",
            "1시간거점역이름":"NA",
            "3km이내백화점수":0,
            "5km이내아울렛몰수":0,
            "1km이내대형먀트수":1,
            "500m이내은행수":1,
            "500m이내병원수":0,
            "5km이내대형병원수":0,
            "500m이내공원수":0,
            "3km이내혐오시설수":0,
            "초등학교학업성취도":90.02,
            "중학교학업성취도":81.0,
            "용적률":419,
            "건폐율":75,
            "Y":33.252141,
            "X":126.425068,
            "rank":85.0,
            "area_info":"12평(40.64), 15평(50.48), 17평(58.54), 18평(61.11), 20평(67.17), 23평(76.11), 23평(77.55)",
            "last_sales":"2021-03-04,20000.0,23평(77.55)",
            "rank_history":[
                [
                    "202203",
                    85
                ],
                [
                    "202202",
                    39
                ],
                [
                    "202201",
                    36
                ]
            ],
            "rank_gap":-46
        },
        {
            "index":493,
            "아파트명":"서광아이비파크",
            "투자타입":"일반",
            "전용면적(m2)":"77.27",
            "전용면적(평)":"23평",
            "법정동주소":"제주도 서귀포시 안덕면 서광리 2519",
            "도로명주소":"제주도 서귀포시 서광동로 40",
            "세대수":0,
            "입주년차":100,
            "용적률점수":"--",
            "건폐율점수":"--",
            "세대당주차수":0,
            "난방방식":30,
            "공급면적":"--",
            "전용률":"--",
            "욕실수":100,
            "현관타입":100,
            "주거총점":43.0,
            "지역구공급총점":100.0,
            "역세권":"NA",
            "30분내 이동가능 거점":"NA",
            "1시간내 이동가능 거점":"NA",
            "교통총점":"NA",
            "백화점":0,
            "아울렛몰":0,
            "대형마트":0,
            "은행":0,
            "병원":0,
            "종합병원":0,
            "공원":0,
            "혐오시설":0,
            "인프라총점":0.0,
            "초등학군":89.96,
            "중학군":41.36,
            "학군총점":51.08,
            "인구수":18.98,
            "인구증감":8.98,
            "인구총점":15.98,
            "일자리":14.55,
            "소득수준":52.75,
            "일자리총점":26.01,
            "가치 총점":27.82,
            "매매실거래년":"18000101",
            "매매실거래가":null,
            "전세실거래년":null,
            "전세실거래가":null,
            "전세가율":null,
            "장기전세가율평균":66.82,
            "전세가율거품지수":null,
            "검색코드":125997,
            "세대수":80.0,
            "준공년월":"2019-01-23",
            "준공년차":4.0,
            "가까운역이름":"NA",
            "가까운역거리":"NA",
            "역세권여부":"NA",
            "30분이내주요거점역":"NA",
            "30분거점역이름":"NA",
            "1시간이내주요거점역":"NA",
            "1시간거점역이름":"NA",
            "3km이내백화점수":0,
            "5km이내아울렛몰수":0,
            "1km이내대형먀트수":0,
            "500m이내은행수":0,
            "500m이내병원수":0,
            "5km이내대형병원수":0,
            "500m이내공원수":0,
            "3km이내혐오시설수":0,
            "초등학교학업성취도":89.96,
            "중학교학업성취도":68.0,
            "용적률":79,
            "건폐율":27,
            "Y":33.290173,
            "X":126.331646,
            "rank":86.0,
            "area_info":"23평(77.27), 23평(77.27), 24평(81.41), 24평(81.41)",
            "last_sales":"1800-01-01,nan,23평(77.27)",
            "rank_history":[
                [
                    "202203",
                    86
                ],
                [
                    "202202",
                    9999
                ]
            ],
            "rank_gap":9999
        },
        {
            "index":329,
            "아파트명":"색달휴마루라벨로(도시형)",
            "투자타입":"일반",
            "전용면적(m2)":"79.05",
            "전용면적(평)":"23평",
            "법정동주소":"제주도 서귀포시 색달동 3398",
            "도로명주소":"제주도 서귀포시 색달로 63",
            "세대수":0,
            "입주년차":80,
            "용적률점수":"--",
            "건폐율점수":"--",
            "세대당주차수":30,
            "난방방식":30,
            "공급면적":"--",
            "전용률":"--",
            "욕실수":50,
            "현관타입":100,
            "주거총점":38.5,
            "지역구공급총점":100.0,
            "역세권":"NA",
            "30분내 이동가능 거점":"NA",
            "1시간내 이동가능 거점":"NA",
            "교통총점":"NA",
            "백화점":0,
            "아울렛몰":0,
            "대형마트":0,
            "은행":0,
            "병원":0,
            "종합병원":0,
            "공원":0,
            "혐오시설":0,
            "인프라총점":0.0,
            "초등학군":90.02,
            "중학군":49.12,
            "학군총점":57.3,
            "인구수":18.98,
            "인구증감":8.98,
            "인구총점":15.98,
            "일자리":14.55,
            "소득수준":52.75,
            "일자리총점":26.01,
            "가치 총점":27.8,
            "매매실거래년":"18000101",
            "매매실거래가":null,
            "전세실거래년":null,
            "전세실거래가":null,
            "전세가율":null,
            "장기전세가율평균":66.82,
            "전세가율거품지수":null,
            "검색코드":119623,
            "세대수":64.0,
            "준공년월":"2017-07-13",
            "준공년차":6.0,
            "가까운역이름":"NA",
            "가까운역거리":"NA",
            "역세권여부":"NA",
            "30분이내주요거점역":"NA",
            "30분거점역이름":"NA",
            "1시간이내주요거점역":"NA",
            "1시간거점역이름":"NA",
            "3km이내백화점수":0,
            "5km이내아울렛몰수":0,
            "1km이내대형먀트수":0,
            "500m이내은행수":0,
            "500m이내병원수":0,
            "5km이내대형병원수":0,
            "500m이내공원수":0,
            "3km이내혐오시설수":0,
            "초등학교학업성취도":90.02,
            "중학교학업성취도":81.0,
            "용적률":122,
            "건폐율":46,
            "Y":33.261506,
            "X":126.41017,
            "rank":87.0,
            "area_info":"23평(79.05), 27평(90.04), 31평(103.93), 31평(104.87), 31평(104.94), 31평(104.83)",
            "last_sales":"1800-01-01,nan,23평(79.05)",
            "rank_history":[
                [
                    "202203",
                    87
                ],
                [
                    "202202",
                    9999
                ]
            ],
            "rank_gap":9999
        },
        {
            "index":449,
            "아파트명":"제주&성산(도시형)",
            "투자타입":"일반",
            "전용면적(m2)":"32.16",
            "전용면적(평)":"9평",
            "법정동주소":"제주도 서귀포시 성산읍 고성리 1480",
            "도로명주소":"제주도 서귀포시 고성중앙로 28-5",
            "세대수":0,
            "입주년차":80,
            "용적률점수":"--",
            "건폐율점수":"--",
            "세대당주차수":0,
            "난방방식":30,
            "공급면적":"--",
            "전용률":"--",
            "욕실수":50,
            "현관타입":10,
            "주거총점":25.0,
            "지역구공급총점":100.0,
            "역세권":"NA",
            "30분내 이동가능 거점":"NA",
            "1시간내 이동가능 거점":"NA",
            "교통총점":"NA",
            "백화점":0,
            "아울렛몰":0,
            "대형마트":100,
            "은행":0,
            "병원":0,
            "종합병원":0,
            "공원":0,
            "혐오시설":0,
            "인프라총점":15.0,
            "초등학군":90.01,
            "중학군":41.1,
            "학군총점":50.882,
            "인구수":18.98,
            "인구증감":8.98,
            "인구총점":15.98,
            "일자리":14.55,
            "소득수준":52.75,
            "일자리총점":26.01,
            "가치 총점":27.4705,
            "매매실거래년":20190624.0,
            "매매실거래가":9241.0,
            "전세실거래년":null,
            "전세실거래가":null,
            "전세가율":null,
            "장기전세가율평균":66.82,
            "전세가율거품지수":null,
            "검색코드":114613,
            "세대수":70.0,
            "준공년월":"2016-12-15",
            "준공년차":7.0,
            "가까운역이름":"NA",
            "가까운역거리":"NA",
            "역세권여부":"NA",
            "30분이내주요거점역":"NA",
            "30분거점역이름":"NA",
            "1시간이내주요거점역":"NA",
            "1시간거점역이름":"NA",
            "3km이내백화점수":0,
            "5km이내아울렛몰수":0,
            "1km이내대형먀트수":2,
            "500m이내은행수":0,
            "500m이내병원수":0,
            "5km이내대형병원수":0,
            "500m이내공원수":0,
            "3km이내혐오시설수":0,
            "초등학교학업성취도":90.01,
            "중학교학업성취도":68.5,
            "용적률":161,
            "건폐율":37,
            "Y":33.447107,
            "X":126.907537,
            "rank":88.0,
            "area_info":"9평(32.16), 10평(33.9), 14평(49.11), 17평(58.66), 18평(59.6)",
            "last_sales":"2019-06-24,9241.0,17평(58.66)",
            "rank_history":[
                [
                    "202203",
                    88
                ],
                [
                    "202202",
                    9999
                ]
            ],
            "rank_gap":9999
        },
        {
            "index":17,
            "아파트명":"윙스스카이(도시형)",
            "투자타입":"일반",
            "전용면적(m2)":"20.35",
            "전용면적(평)":"6평",
            "법정동주소":"제주도 서귀포시 강정동 158-3",
            "도로명주소":"제주도 서귀포시 신서귀로51번길 29",
            "세대수":0,
            "입주년차":60,
            "용적률점수":"--",
            "건폐율점수":"--",
            "세대당주차수":0,
            "난방방식":30,
            "공급면적":"--",
            "전용률":"--",
            "욕실수":50,
            "현관타입":10,
            "주거총점":21.0,
            "지역구공급총점":100.0,
            "역세권":"NA",
            "30분내 이동가능 거점":"NA",
            "1시간내 이동가능 거점":"NA",
            "교통총점":"NA",
            "백화점":0,
            "아울렛몰":0,
            "대형마트":80,
            "은행":0,
            "병원":0,
            "종합병원":0,
            "공원":100,
            "혐오시설":0,
            "인프라총점":15.0,
            "초등학군":90.0,
            "중학군":47.42,
            "학군총점":55.936,
            "인구수":18.98,
            "인구증감":8.98,
            "인구총점":15.98,
            "일자리":14.55,
            "소득수준":52.75,
            "일자리총점":26.01,
            "가치 총점":27.334,
            "매매실거래년":20201214.0,
            "매매실거래가":15000.0,
            "전세실거래년":null,
            "전세실거래가":null,
            "전세가율":null,
            "장기전세가율평균":66.82,
            "전세가율거품지수":null,
            "검색코드":121647,
            "세대수":53.0,
            "준공년월":"2012-06-29",
            "준공년차":11.0,
            "가까운역이름":"NA",
            "가까운역거리":"NA",
            "역세권여부":"NA",
            "30분이내주요거점역":"NA",
            "30분거점역이름":"NA",
            "1시간이내주요거점역":"NA",
            "1시간거점역이름":"NA",
            "3km이내백화점수":0,
            "5km이내아울렛몰수":0,
            "1km이내대형먀트수":1,
            "500m이내은행수":1,
            "500m이내병원수":0,
            "5km이내대형병원수":0,
            "500m이내공원수":6,
            "3km이내혐오시설수":0,
            "초등학교학업성취도":90.0,
            "중학교학업성취도":77.7,
            "용적률":395,
            "건폐율":61,
            "Y":33.254273,
            "X":126.508266,
            "rank":89.0,
            "area_info":"6평(20.35), 6평(21.9), 10평(35.61), 20평(68.03), 20평(68.9)",
            "last_sales":"2020-12-14,15000.0,20평(68.03)",
            "rank_history":[
                [
                    "202203",
                    89
                ],
                [
                    "202202",
                    9999
                ]
            ],
            "rank_gap":9999
        },
        {
            "index":206,
            "아파트명":"일호1차",
            "투자타입":"일반",
            "전용면적(m2)":"59.94",
            "전용면적(평)":"18평",
            "법정동주소":"제주도 서귀포시 동홍동 649-2",
            "도로명주소":"제주도 서귀포시 문부로 27-4",
            "세대수":0,
            "입주년차":0,
            "용적률점수":"--",
            "건폐율점수":"--",
            "세대당주차수":0,
            "난방방식":30,
            "공급면적":"--",
            "전용률":"--",
            "욕실수":50,
            "현관타입":100,
            "주거총점":18.0,
            "지역구공급총점":100.0,
            "역세권":"NA",
            "30분내 이동가능 거점":"NA",
            "1시간내 이동가능 거점":"NA",
            "교통총점":"NA",
            "백화점":0,
            "아울렛몰":0,
            "대형마트":0,
            "은행":0,
            "병원":0,
            "종합병원":80,
            "공원":100,
            "혐오시설":0,
            "인프라총점":19.0,
            "초등학군":90.02,
            "중학군":43.6,
            "학군총점":52.884,
            "인구수":18.98,
            "인구증감":8.98,
            "인구총점":15.98,
            "일자리":14.55,
            "소득수준":52.75,
            "일자리총점":26.01,
            "가치 총점":27.121,
            "매매실거래년":20210415.0,
            "매매실거래가":11500.0,
            "전세실거래년":20180131.0,
            "전세실거래가":13000.0,
            "전세가율":102.36,
            "장기전세가율평균":66.82,
            "전세가율거품지수":-35.54,
            "검색코드":25093,
            "세대수":58.0,
            "준공년월":"1996-01-22",
            "준공년차":27.0,
            "가까운역이름":"NA",
            "가까운역거리":"NA",
            "역세권여부":"NA",
            "30분이내주요거점역":"NA",
            "30분거점역이름":"NA",
            "1시간이내주요거점역":"NA",
            "1시간거점역이름":"NA",
            "3km이내백화점수":0,
            "5km이내아울렛몰수":0,
            "1km이내대형먀트수":0,
            "500m이내은행수":1,
            "500m이내병원수":0,
            "5km이내대형병원수":1,
            "500m이내공원수":3,
            "3km이내혐오시설수":0,
            "초등학교학업성취도":90.02,
            "중학교학업성취도":72.4,
            "용적률":174,
            "건폐율":44,
            "Y":33.252202,
            "X":126.571104,
            "rank":90.0,
            "area_info":"18평(59.94), 18평(61.04), 19평(64.96), 20평(66.15), 20평(66.19), 23평(78.35), 23평(78.81), 28평(92.95)",
            "last_sales":"2021-04-15,11500.0,20평(66.15)",
            "rank_history":[
                [
                    "202203",
                    90
                ],
                [
                    "202202",
                    9999
                ]
            ],
            "rank_gap":9999
        },
        {
            "index":11,
            "아파트명":"성산",
            "투자타입":"일반",
            "전용면적(m2)":"66.19",
            "전용면적(평)":"20평",
            "법정동주소":"제주도 서귀포시 강정동 178-1",
            "도로명주소":"제주도 서귀포시 신서귀로97번길 84",
            "세대수":0,
            "입주년차":0,
            "용적률점수":"--",
            "건폐율점수":"--",
            "세대당주차수":0,
            "난방방식":30,
            "공급면적":"--",
            "전용률":"--",
            "욕실수":50,
            "현관타입":100,
            "주거총점":18.0,
            "지역구공급총점":100.0,
            "역세권":"NA",
            "30분내 이동가능 거점":"NA",
            "1시간내 이동가능 거점":"NA",
            "교통총점":"NA",
            "백화점":0,
            "아울렛몰":0,
            "대형마트":80,
            "은행":20,
            "병원":0,
            "종합병원":0,
            "공원":100,
            "혐오시설":0,
            "인프라총점":17.0,
            "초등학군":90.0,
            "중학군":47.42,
            "학군총점":55.936,
            "인구수":18.98,
            "인구증감":8.98,
            "인구총점":15.98,
            "일자리":14.55,
            "소득수준":52.75,
            "일자리총점":26.01,
            "가치 총점":27.084,
            "매매실거래년":"18000101",
            "매매실거래가":null,
            "전세실거래년":null,
            "전세실거래가":null,
            "전세가율":null,
            "장기전세가율평균":66.82,
            "전세가율거품지수":null,
            "검색코드":15124,
            "세대수":156.0,
            "준공년월":"1995-01-27",
            "준공년차":28.0,
            "가까운역이름":"NA",
            "가까운역거리":"NA",
            "역세권여부":"NA",
            "30분이내주요거점역":"NA",
            "30분거점역이름":"NA",
            "1시간이내주요거점역":"NA",
            "1시간거점역이름":"NA",
            "3km이내백화점수":0,
            "5km이내아울렛몰수":0,
            "1km이내대형먀트수":1,
            "500m이내은행수":2,
            "500m이내병원수":0,
            "5km이내대형병원수":0,
            "500m이내공원수":4,
            "3km이내혐오시설수":0,
            "초등학교학업성취도":90.0,
            "중학교학업성취도":77.7,
            "용적률":87,
            "건폐율":36,
            "Y":33.251,
            "X":126.504927,
            "rank":91.0,
            "area_info":"20평(66.19), 24평(80.51)",
            "last_sales":"1800-01-01,nan,20평(66.19)",
            "rank_history":[
                [
                    "202203",
                    91
                ],
                [
                    "202202",
                    40
                ],
                [
                    "202201",
                    34
                ]
            ],
            "rank_gap":-51
        },
        {
            "index":76,
            "아파트명":"캐논스빌리지Ⅱ",
            "투자타입":"일반",
            "전용면적(m2)":"83.46",
            "전용면적(평)":"25평",
            "법정동주소":"제주도 서귀포시 대정읍 구억리 1058",
            "도로명주소":"제주도 서귀포시 글로벌에듀로145번길 24",
            "세대수":0,
            "입주년차":60,
            "용적률점수":"--",
            "건폐율점수":"--",
            "세대당주차수":0,
            "난방방식":30,
            "공급면적":"--",
            "전용률":"--",
            "욕실수":100,
            "현관타입":100,
            "주거총점":35.0,
            "지역구공급총점":100.0,
            "역세권":"NA",
            "30분내 이동가능 거점":"NA",
            "1시간내 이동가능 거점":"NA",
            "교통총점":"NA",
            "백화점":0,
            "아울렛몰":0,
            "대형마트":0,
            "은행":0,
            "병원":0,
            "종합병원":0,
            "공원":0,
            "혐오시설":0,
            "인프라총점":0.0,
            "초등학군":89.96,
            "중학군":50.82,
            "학군총점":58.648,
            "인구수":18.98,
            "인구증감":8.98,
            "인구총점":15.98,
            "일자리":14.55,
            "소득수준":52.75,
            "일자리총점":26.01,
            "가치 총점":26.912,
            "매매실거래년":"18000101",
            "매매실거래가":null,
            "전세실거래년":null,
            "전세실거래가":null,
            "전세가율":null,
            "장기전세가율평균":66.82,
            "전세가율거품지수":null,
            "검색코드":104906,
            "세대수":72.0,
            "준공년월":"2012-09-14",
            "준공년차":11.0,
            "가까운역이름":"NA",
            "가까운역거리":"NA",
            "역세권여부":"NA",
            "30분이내주요거점역":"NA",
            "30분거점역이름":"NA",
            "1시간이내주요거점역":"NA",
            "1시간거점역이름":"NA",
            "3km이내백화점수":0,
            "5km이내아울렛몰수":0,
            "1km이내대형먀트수":0,
            "500m이내은행수":0,
            "500m이내병원수":0,
            "5km이내대형병원수":0,
            "500m이내공원수":0,
            "3km이내혐오시설수":0,
            "초등학교학업성취도":89.96,
            "중학교학업성취도":78.7,
            "용적률":75,
            "건폐율":30,
            "Y":33.295796,
            "X":126.28806,
            "rank":92.0,
            "area_info":"25평(83.46)",
            "last_sales":"1800-01-01,nan,25평(83.46)",
            "rank_history":[
                [
                    "202203",
                    92
                ],
                [
                    "202202",
                    9999
                ]
            ],
            "rank_gap":9999
        },
        {
            "index":88,
            "아파트명":"해누리2차",
            "투자타입":"일반",
            "전용면적(m2)":"93.88",
            "전용면적(평)":"28평",
            "법정동주소":"제주도 서귀포시 대정읍 상모리 3922",
            "도로명주소":"제주도 서귀포시 상모로290번길 18",
            "세대수":0,
            "입주년차":80,
            "용적률점수":"--",
            "건폐율점수":"--",
            "세대당주차수":30,
            "난방방식":30,
            "공급면적":"--",
            "전용률":"--",
            "욕실수":100,
            "현관타입":50,
            "주거총점":38.5,
            "지역구공급총점":100.0,
            "역세권":"NA",
            "30분내 이동가능 거점":"NA",
            "1시간내 이동가능 거점":"NA",
            "교통총점":"NA",
            "백화점":0,
            "아울렛몰":0,
            "대형마트":0,
            "은행":0,
            "병원":0,
            "종합병원":0,
            "공원":0,
            "혐오시설":0,
            "인프라총점":0.0,
            "초등학군":90.0,
            "중학군":44.56,
            "학군총점":53.648,
            "인구수":18.98,
            "인구증감":8.98,
            "인구총점":15.98,
            "일자리":14.55,
            "소득수준":52.75,
            "일자리총점":26.01,
            "가치 총점":26.887,
            "매매실거래년":20210612.0,
            "매매실거래가":26400.0,
            "전세실거래년":20170214.0,
            "전세실거래가":12000.0,
            "전세가율":41.38,
            "장기전세가율평균":66.82,
            "전세가율거품지수":25.44,
            "검색코드":119351,
            "세대수":53.0,
            "준공년월":"2016-05-12",
            "준공년차":7.0,
            "가까운역이름":"NA",
            "가까운역거리":"NA",
            "역세권여부":"NA",
            "30분이내주요거점역":"NA",
            "30분거점역이름":"NA",
            "1시간이내주요거점역":"NA",
            "1시간거점역이름":"NA",
            "3km이내백화점수":0,
            "5km이내아울렛몰수":0,
            "1km이내대형먀트수":0,
            "500m이내은행수":1,
            "500m이내병원수":0,
            "5km이내대형병원수":0,
            "500m이내공원수":0,
            "3km이내혐오시설수":0,
            "초등학교학업성취도":90.0,
            "중학교학업성취도":72.0,
            "용적률":121,
            "건폐율":25,
            "Y":33.223929,
            "X":126.256615,
            "rank":93.0,
            "area_info":"28평(93.88), 28평(95.01), 29평(98.7), 31평(103.65), 31평(104.54)",
            "last_sales":"2021-06-12,26400.0,28평(95.01)",
            "rank_history":[
                [
                    "202203",
                    93
                ],
                [
                    "202202",
                    9999
                ]
            ],
            "rank_gap":9999
        },
        {
            "index":475,
            "아파트명":"진우파크빌",
            "투자타입":"일반",
            "전용면적(m2)":"31.86",
            "전용면적(평)":"9평",
            "법정동주소":"제주도 서귀포시 성산읍 고성리 1618-1",
            "도로명주소":"제주도 서귀포시 서성일로 1186-6",
            "세대수":0,
            "입주년차":20,
            "용적률점수":"--",
            "건폐율점수":"--",
            "세대당주차수":0,
            "난방방식":30,
            "공급면적":"--",
            "전용률":"--",
            "욕실수":50,
            "현관타입":100,
            "주거총점":22.0,
            "지역구공급총점":100.0,
            "역세권":"NA",
            "30분내 이동가능 거점":"NA",
            "1시간내 이동가능 거점":"NA",
            "교통총점":"NA",
            "백화점":0,
            "아울렛몰":0,
            "대형마트":100,
            "은행":0,
            "병원":0,
            "종합병원":0,
            "공원":0,
            "혐오시설":0,
            "인프라총점":15.0,
            "초등학군":90.01,
            "중학군":41.1,
            "학군총점":50.882,
            "인구수":18.98,
            "인구증감":8.98,
            "인구총점":15.98,
            "일자리":14.55,
            "소득수준":52.75,
            "일자리총점":26.01,
            "가치 총점":26.4205,
            "매매실거래년":20210709.0,
            "매매실거래가":7100.0,
            "전세실거래년":null,
            "전세실거래가":null,
            "전세가율":null,
            "장기전세가율평균":66.82,
            "전세가율거품지수":null,
            "검색코드":15121,
            "세대수":110.0,
            "준공년월":"2001-02-12",
            "준공년차":22.0,
            "가까운역이름":"NA",
            "가까운역거리":"NA",
            "역세권여부":"NA",
            "30분이내주요거점역":"NA",
            "30분거점역이름":"NA",
            "1시간이내주요거점역":"NA",
            "1시간거점역이름":"NA",
            "3km이내백화점수":0,
            "5km이내아울렛몰수":0,
            "1km이내대형먀트수":2,
            "500m이내은행수":0,
            "500m이내병원수":0,
            "5km이내대형병원수":0,
            "500m이내공원수":0,
            "3km이내혐오시설수":0,
            "초등학교학업성취도":90.01,
            "중학교학업성취도":68.5,
            "용적률":0,
            "건폐율":0,
            "Y":33.44547,
            "X":126.90552,
            "rank":94.0,
            "area_info":"9평(31.86), 9평(31.18), 11평(36.73), 18평(61.43), 22평(73.77)",
            "last_sales":"2021-07-09,7100.0,22평(73.77)",
            "rank_history":[
                [
                    "202203",
                    94
                ],
                [
                    "202202",
                    41
                ],
                [
                    "202201",
                    41
                ]
            ],
            "rank_gap":-53
        },
        {
            "index":147,
            "아파트명":"동홍주공1단지",
            "투자타입":"재건축",
            "전용면적(m2)":"45.54",
            "전용면적(평)":"13평",
            "법정동주소":"제주도 서귀포시 동홍동 147",
            "도로명주소":"제주도 서귀포시 동홍중앙로 10",
            "세대수":30,
            "입주년차":"--",
            "용적률점수":0,
            "건폐율점수":0,
            "세대당주차수":"--",
            "난방방식":"--",
            "공급면적":50,
            "전용률":80,
            "욕실수":"--",
            "현관타입":"--",
            "주거총점":15.5,
            "지역구공급총점":100.0,
            "역세권":"NA",
            "30분내 이동가능 거점":"NA",
            "1시간내 이동가능 거점":"NA",
            "교통총점":"NA",
            "백화점":0,
            "아울렛몰":0,
            "대형마트":0,
            "은행":0,
            "병원":0,
            "종합병원":80,
            "공원":100,
            "혐오시설":0,
            "인프라총점":19.0,
            "초등학군":90.02,
            "중학군":43.6,
            "학군총점":52.884,
            "인구수":18.98,
            "인구증감":8.98,
            "인구총점":15.98,
            "일자리":14.55,
            "소득수준":52.75,
            "일자리총점":26.01,
            "가치 총점":26.246,
            "매매실거래년":20220127.0,
            "매매실거래가":18000.0,
            "전세실거래년":20220219.0,
            "전세실거래가":10000.0,
            "전세가율":55.56,
            "장기전세가율평균":66.82,
            "전세가율거품지수":11.26,
            "검색코드":7762,
            "세대수":310.0,
            "준공년월":"1988-10-14",
            "준공년차":35.0,
            "가까운역이름":"NA",
            "가까운역거리":"NA",
            "역세권여부":"NA",
            "30분이내주요거점역":"NA",
            "30분거점역이름":"NA",
            "1시간이내주요거점역":"NA",
            "1시간거점역이름":"NA",
            "3km이내백화점수":0,
            "5km이내아울렛몰수":0,
            "1km이내대형먀트수":0,
            "500m이내은행수":1,
            "500m이내병원수":0,
            "5km이내대형병원수":1,
            "500m이내공원수":3,
            "3km이내혐오시설수":0,
            "초등학교학업성취도":90.02,
            "중학교학업성취도":72.4,
            "용적률":0,
            "건폐율":0,
            "Y":33.2522,
            "X":126.57267,
            "rank":95.0,
            "area_info":"13평(45.54), 13평(45.15), 15평(52.53)",
            "last_sales":"2022-01-27,18000.0,13평(45.54)",
            "rank_history":[
                [
                    "202203",
                    95
                ],
                [
                    "202202",
                    42
                ],
                [
                    "202201",
                    39
                ]
            ],
            "rank_gap":-53
        },
        {
            "index":520,
            "아파트명":"민우중문",
            "투자타입":"일반",
            "전용면적(m2)":"57.9",
            "전용면적(평)":"17평",
            "법정동주소":"제주도 서귀포시 중문동 1999-2",
            "도로명주소":"제주도 서귀포시 천제연로213번길 14-3",
            "세대수":0,
            "입주년차":0,
            "용적률점수":"--",
            "건폐율점수":"--",
            "세대당주차수":0,
            "난방방식":30,
            "공급면적":"--",
            "전용률":"--",
            "욕실수":50,
            "현관타입":100,
            "주거총점":18.0,
            "지역구공급총점":100.0,
            "역세권":"NA",
            "30분내 이동가능 거점":"NA",
            "1시간내 이동가능 거점":"NA",
            "교통총점":"NA",
            "백화점":0,
            "아울렛몰":0,
            "대형마트":80,
            "은행":0,
            "병원":0,
            "종합병원":0,
            "공원":0,
            "혐오시설":0,
            "인프라총점":12.0,
            "초등학군":90.02,
            "중학군":49.12,
            "학군총점":57.3,
            "인구수":18.98,
            "인구증감":8.98,
            "인구총점":15.98,
            "일자리":14.55,
            "소득수준":52.75,
            "일자리총점":26.01,
            "가치 총점":25.425,
            "매매실거래년":20211014.0,
            "매매실거래가":13000.0,
            "전세실거래년":null,
            "전세실거래가":null,
            "전세가율":null,
            "장기전세가율평균":66.82,
            "전세가율거품지수":null,
            "검색코드":25594,
            "세대수":98.0,
            "준공년월":"1993-09-23",
            "준공년차":30.0,
            "가까운역이름":"NA",
            "가까운역거리":"NA",
            "역세권여부":"NA",
            "30분이내주요거점역":"NA",
            "30분거점역이름":"NA",
            "1시간이내주요거점역":"NA",
            "1시간거점역이름":"NA",
            "3km이내백화점수":0,
            "5km이내아울렛몰수":0,
            "1km이내대형먀트수":1,
            "500m이내은행수":1,
            "500m이내병원수":0,
            "5km이내대형병원수":0,
            "500m이내공원수":0,
            "3km이내혐오시설수":0,
            "초등학교학업성취도":90.02,
            "중학교학업성취도":81.0,
            "용적률":171,
            "건폐율":35,
            "Y":33.252709,
            "X":126.428538,
            "rank":96.0,
            "area_info":"17평(57.9), 17평(59.42), 18평(60.63), 19평(65.94), 19평(65.16), 24평(81.23), 27평(91.56)",
            "last_sales":"2021-10-14,13000.0,19평(65.16)",
            "rank_history":[
                [
                    "202203",
                    96
                ],
                [
                    "202202",
                    9999
                ]
            ],
            "rank_gap":9999
        },
        {
            "index":74,
            "아파트명":"캐논스빌리지1단지",
            "투자타입":"일반",
            "전용면적(m2)":"69.69",
            "전용면적(평)":"21평",
            "법정동주소":"제주도 서귀포시 대정읍 구억리 1062",
            "도로명주소":"제주도 서귀포시 글로벌에듀로145번길 46",
            "세대수":0,
            "입주년차":60,
            "용적률점수":"--",
            "건폐율점수":"--",
            "세대당주차수":0,
            "난방방식":30,
            "공급면적":"--",
            "전용률":"--",
            "욕실수":50,
            "현관타입":100,
            "주거총점":30.0,
            "지역구공급총점":100.0,
            "역세권":"NA",
            "30분내 이동가능 거점":"NA",
            "1시간내 이동가능 거점":"NA",
            "교통총점":"NA",
            "백화점":0,
            "아울렛몰":0,
            "대형마트":0,
            "은행":0,
            "병원":0,
            "종합병원":0,
            "공원":0,
            "혐오시설":0,
            "인프라총점":0.0,
            "초등학군":89.96,
            "중학군":50.82,
            "학군총점":58.648,
            "인구수":18.98,
            "인구증감":8.98,
            "인구총점":15.98,
            "일자리":14.55,
            "소득수준":52.75,
            "일자리총점":26.01,
            "가치 총점":25.162,
            "매매실거래년":"18000101",
            "매매실거래가":null,
            "전세실거래년":null,
            "전세실거래가":null,
            "전세가율":null,
            "장기전세가율평균":66.82,
            "전세가율거품지수":null,
            "검색코드":109475,
            "세대수":108.0,
            "준공년월":"2011-08-30",
            "준공년차":12.0,
            "가까운역이름":"NA",
            "가까운역거리":"NA",
            "역세권여부":"NA",
            "30분이내주요거점역":"NA",
            "30분거점역이름":"NA",
            "1시간이내주요거점역":"NA",
            "1시간거점역이름":"NA",
            "3km이내백화점수":0,
            "5km이내아울렛몰수":0,
            "1km이내대형먀트수":0,
            "500m이내은행수":0,
            "500m이내병원수":0,
            "5km이내대형병원수":0,
            "500m이내공원수":0,
            "3km이내혐오시설수":0,
            "초등학교학업성취도":89.96,
            "중학교학업성취도":78.7,
            "용적률":0,
            "건폐율":0,
            "Y":33.295194,
            "X":126.289448,
            "rank":97.0,
            "area_info":"21평(69.69), 32평(106.59)",
            "last_sales":"1800-01-01,nan,21평(69.69)",
            "rank_history":[
                [
                    "202203",
                    97
                ],
                [
                    "202202",
                    43
                ],
                [
                    "202201",
                    43
                ]
            ],
            "rank_gap":-54
        },
        {
            "index":589,
            "아파트명":"표선반석타운2차",
            "투자타입":"일반",
            "전용면적(m2)":"71.63",
            "전용면적(평)":"21평",
            "법정동주소":"제주도 서귀포시 표선면 표선리 1534-1",
            "도로명주소":"제주도 서귀포시 표선동서로61번길 124",
            "세대수":0,
            "입주년차":20,
            "용적률점수":"--",
            "건폐율점수":"--",
            "세대당주차수":0,
            "난방방식":30,
            "공급면적":"--",
            "전용률":"--",
            "욕실수":50,
            "현관타입":100,
            "주거총점":22.0,
            "지역구공급총점":100.0,
            "역세권":"NA",
            "30분내 이동가능 거점":"NA",
            "1시간내 이동가능 거점":"NA",
            "교통총점":"NA",
            "백화점":0,
            "아울렛몰":0,
            "대형마트":80,
            "은행":0,
            "병원":0,
            "종합병원":0,
            "공원":0,
            "혐오시설":0,
            "인프라총점":12.0,
            "초등학군":90.08,
            "중학군":38.94,
            "학군총점":49.168,
            "인구수":18.98,
            "인구증감":8.98,
            "인구총점":15.98,
            "일자리":14.55,
            "소득수준":52.75,
            "일자리총점":26.01,
            "가치 총점":24.792,
            "매매실거래년":20211109.0,
            "매매실거래가":10700.0,
            "전세실거래년":20210830.0,
            "전세실거래가":6000.0,
            "전세가율":56.07,
            "장기전세가율평균":66.82,
            "전세가율거품지수":10.75,
            "검색코드":128898,
            "세대수":60.0,
            "준공년월":"2001-09-05",
            "준공년차":22.0,
            "가까운역이름":"NA",
            "가까운역거리":"NA",
            "역세권여부":"NA",
            "30분이내주요거점역":"NA",
            "30분거점역이름":"NA",
            "1시간이내주요거점역":"NA",
            "1시간거점역이름":"NA",
            "3km이내백화점수":0,
            "5km이내아울렛몰수":0,
            "1km이내대형먀트수":1,
            "500m이내은행수":0,
            "500m이내병원수":0,
            "5km이내대형병원수":0,
            "500m이내공원수":0,
            "3km이내혐오시설수":0,
            "초등학교학업성취도":90.08,
            "중학교학업성취도":64.9,
            "용적률":112,
            "건폐율":25,
            "Y":33.320983,
            "X":126.828089,
            "rank":98.0,
            "area_info":"21평(71.63), 21평(71.62)",
            "last_sales":"2021-11-09,10700.0,21평(71.63)",
            "rank_history":[
                [
                    "202203",
                    98
                ],
                [
                    "202202",
                    9999
                ]
            ],
            "rank_gap":9999
        },
        {
            "index":69,
            "아파트명":"제주에듀골드힐",
            "투자타입":"일반",
            "전용면적(m2)":"31.42",
            "전용면적(평)":"9평",
            "법정동주소":"제주도 서귀포시 대정읍 보성리 441",
            "도로명주소":"제주도 서귀포시 영어도시로 9",
            "세대수":0,
            "입주년차":80,
            "용적률점수":"--",
            "건폐율점수":"--",
            "세대당주차수":0,
            "난방방식":30,
            "공급면적":"--",
            "전용률":"--",
            "욕실수":50,
            "현관타입":100,
            "주거총점":34.0,
            "지역구공급총점":100.0,
            "역세권":"NA",
            "30분내 이동가능 거점":"NA",
            "1시간내 이동가능 거점":"NA",
            "교통총점":"NA",
            "백화점":0,
            "아울렛몰":0,
            "대형마트":0,
            "은행":0,
            "병원":0,
            "종합병원":0,
            "공원":0,
            "혐오시설":0,
            "인프라총점":0.0,
            "초등학군":89.98,
            "중학군":41.36,
            "학군총점":51.084,
            "인구수":18.98,
            "인구증감":8.98,
            "인구총점":15.98,
            "일자리":14.55,
            "소득수준":52.75,
            "일자리총점":26.01,
            "가치 총점":24.671,
            "매매실거래년":"18000101",
            "매매실거래가":null,
            "전세실거래년":null,
            "전세실거래가":null,
            "전세가율":null,
            "장기전세가율평균":66.82,
            "전세가율거품지수":null,
            "검색코드":113585,
            "세대수":68.0,
            "준공년월":"2016-08-19",
            "준공년차":7.0,
            "가까운역이름":"NA",
            "가까운역거리":"NA",
            "역세권여부":"NA",
            "30분이내주요거점역":"NA",
            "30분거점역이름":"NA",
            "1시간이내주요거점역":"NA",
            "1시간거점역이름":"NA",
            "3km이내백화점수":0,
            "5km이내아울렛몰수":0,
            "1km이내대형먀트수":0,
            "500m이내은행수":0,
            "500m이내병원수":0,
            "5km이내대형병원수":0,
            "500m이내공원수":0,
            "3km이내혐오시설수":0,
            "초등학교학업성취도":89.98,
            "중학교학업성취도":68.0,
            "용적률":77,
            "건폐율":26,
            "Y":33.272959,
            "X":126.278194,
            "rank":99.0,
            "area_info":"9평(31.42), 10평(33.86), 17평(58.06), 18평(61.95), 20평(67.43)",
            "last_sales":"1800-01-01,nan,9평(31.42)",
            "rank_history":[
                [
                    "202203",
                    99
                ],
                [
                    "202202",
                    9999
                ]
            ],
            "rank_gap":9999
        },
        {
            "index":253,
            "아파트명":"한라",
            "투자타입":"재건축",
            "전용면적(m2)":"98.44",
            "전용면적(평)":"29평",
            "법정동주소":"제주도 서귀포시 동홍동 504",
            "도로명주소":"제주도 서귀포시 동홍서로 82",
            "세대수":0,
            "입주년차":"--",
            "용적률점수":0,
            "건폐율점수":0,
            "세대당주차수":"--",
            "난방방식":"--",
            "공급면적":70,
            "전용률":80,
            "욕실수":"--",
            "현관타입":"--",
            "주거총점":7.5,
            "지역구공급총점":100.0,
            "역세권":"NA",
            "30분내 이동가능 거점":"NA",
            "1시간내 이동가능 거점":"NA",
            "교통총점":"NA",
            "백화점":0,
            "아울렛몰":0,
            "대형마트":0,
            "은행":0,
            "병원":0,
            "종합병원":80,
            "공원":100,
            "혐오시설":0,
            "인프라총점":19.0,
            "초등학군":89.99,
            "중학군":49.58,
            "학군총점":57.662,
            "인구수":18.98,
            "인구증감":8.98,
            "인구총점":15.98,
            "일자리":14.55,
            "소득수준":52.75,
            "일자리총점":26.01,
            "가치 총점":24.6405,
            "매매실거래년":20211230.0,
            "매매실거래가":14000.0,
            "전세실거래년":null,
            "전세실거래가":null,
            "전세가율":null,
            "장기전세가율평균":66.82,
            "전세가율거품지수":null,
            "검색코드":15136,
            "세대수":98.0,
            "준공년월":"1990-03-03",
            "준공년차":33.0,
            "가까운역이름":"NA",
            "가까운역거리":"NA",
            "역세권여부":"NA",
            "30분이내주요거점역":"NA",
            "30분거점역이름":"NA",
            "1시간이내주요거점역":"NA",
            "1시간거점역이름":"NA",
            "3km이내백화점수":0,
            "5km이내아울렛몰수":0,
            "1km이내대형먀트수":0,
            "500m이내은행수":1,
            "500m이내병원수":0,
            "5km이내대형병원수":1,
            "500m이내공원수":4,
            "3km이내혐오시설수":0,
            "초등학교학업성취도":89.99,
            "중학교학업성취도":81.5,
            "용적률":0,
            "건폐율":0,
            "Y":33.256072,
            "X":126.570483,
            "rank":100.0,
            "area_info":"29평(98.44), 30평(100.68), 31평(103.61), 44평(145.52)",
            "last_sales":"2021-12-30,14000.0,30평(100.68)",
            "rank_history":[
                [
                    "202203",
                    100
                ],
                [
                    "202202",
                    9999
                ]
            ],
            "rank_gap":9999
        },
        {
            "index":536,
            "아파트명":"중문미듬하나로",
            "투자타입":"일반",
            "전용면적(m2)":"57.37",
            "전용면적(평)":"17평",
            "법정동주소":"제주도 서귀포시 중문동 2433-2",
            "도로명주소":"제주도 서귀포시 천제연로232번길 18-5",
            "세대수":0,
            "입주년차":20,
            "용적률점수":"--",
            "건폐율점수":"--",
            "세대당주차수":0,
            "난방방식":30,
            "공급면적":"--",
            "전용률":"--",
            "욕실수":50,
            "현관타입":10,
            "주거총점":13.0,
            "지역구공급총점":100.0,
            "역세권":"NA",
            "30분내 이동가능 거점":"NA",
            "1시간내 이동가능 거점":"NA",
            "교통총점":"NA",
            "백화점":0,
            "아울렛몰":0,
            "대형마트":80,
            "은행":0,
            "병원":0,
            "종합병원":0,
            "공원":0,
            "혐오시설":0,
            "인프라총점":12.0,
            "초등학군":90.02,
            "중학군":49.12,
            "학군총점":57.3,
            "인구수":18.98,
            "인구증감":8.98,
            "인구총점":15.98,
            "일자리":14.55,
            "소득수준":52.75,
            "일자리총점":26.01,
            "가치 총점":23.675,
            "매매실거래년":20210715.0,
            "매매실거래가":13300.0,
            "전세실거래년":null,
            "전세실거래가":null,
            "전세가율":null,
            "장기전세가율평균":66.82,
            "전세가율거품지수":null,
            "검색코드":118719,
            "세대수":66.0,
            "준공년월":"2002-09-23",
            "준공년차":21.0,
            "가까운역이름":"NA",
            "가까운역거리":"NA",
            "역세권여부":"NA",
            "30분이내주요거점역":"NA",
            "30분거점역이름":"NA",
            "1시간이내주요거점역":"NA",
            "1시간거점역이름":"NA",
            "3km이내백화점수":0,
            "5km이내아울렛몰수":0,
            "1km이내대형먀트수":1,
            "500m이내은행수":0,
            "500m이내병원수":0,
            "5km이내대형병원수":0,
            "500m이내공원수":0,
            "3km이내혐오시설수":0,
            "초등학교학업성취도":90.02,
            "중학교학업성취도":81.0,
            "용적률":115,
            "건폐율":28,
            "Y":33.249545,
            "X":126.429793,
            "rank":101.0,
            "area_info":"17평(57.37), 20평(66.16), 21평(70.22), 22평(72.93)",
            "last_sales":"2021-07-15,13300.0,22평(72.93)",
            "rank_history":[
                [
                    "202203",
                    101
                ],
                [
                    "202202",
                    9999
                ]
            ],
            "rank_gap":9999
        },
        {
            "index":186,
            "아파트명":"세기",
            "투자타입":"재건축",
            "전용면적(m2)":"83.49",
            "전용면적(평)":"25평",
            "법정동주소":"제주도 서귀포시 동홍동 139-1",
            "도로명주소":"제주도 서귀포시 태평로 549",
            "세대수":0,
            "입주년차":"--",
            "용적률점수":0,
            "건폐율점수":0,
            "세대당주차수":"--",
            "난방방식":"--",
            "공급면적":70,
            "전용률":80,
            "욕실수":"--",
            "현관타입":"--",
            "주거총점":7.5,
            "지역구공급총점":100.0,
            "역세권":"NA",
            "30분내 이동가능 거점":"NA",
            "1시간내 이동가능 거점":"NA",
            "교통총점":"NA",
            "백화점":0,
            "아울렛몰":0,
            "대형마트":0,
            "은행":0,
            "병원":0,
            "종합병원":80,
            "공원":100,
            "혐오시설":0,
            "인프라총점":19.0,
            "초등학군":89.99,
            "중학군":43.6,
            "학군총점":52.878,
            "인구수":18.98,
            "인구증감":8.98,
            "인구총점":15.98,
            "일자리":14.55,
            "소득수준":52.75,
            "일자리총점":26.01,
            "가치 총점":23.4445,
            "매매실거래년":20210609.0,
            "매매실거래가":12700.0,
            "전세실거래년":null,
            "전세실거래가":null,
            "전세가율":null,
            "장기전세가율평균":66.82,
            "전세가율거품지수":null,
            "검색코드":7780,
            "세대수":170.0,
            "준공년월":"1990-09-22",
            "준공년차":33.0,
            "가까운역이름":"NA",
            "가까운역거리":"NA",
            "역세권여부":"NA",
            "30분이내주요거점역":"NA",
            "30분거점역이름":"NA",
            "1시간이내주요거점역":"NA",
            "1시간거점역이름":"NA",
            "3km이내백화점수":0,
            "5km이내아울렛몰수":0,
            "1km이내대형먀트수":0,
            "500m이내은행수":0,
            "500m이내병원수":0,
            "5km이내대형병원수":1,
            "500m이내공원수":3,
            "3km이내혐오시설수":0,
            "초등학교학업성취도":89.99,
            "중학교학업성취도":72.4,
            "용적률":0,
            "건폐율":0,
            "Y":33.25313,
            "X":126.57495,
            "rank":102.0,
            "area_info":"25평(83.49), 25평(85.72), 26평(86.86), 27평(89.67), 29평(96.81), 39평(129.09), 41평(137.63), 42평(139.42)",
            "last_sales":"2021-06-09,12700.0,29평(96.81)",
            "rank_history":[
                [
                    "202203",
                    102
                ],
                [
                    "202202",
                    44
                ],
                [
                    "202201",
                    44
                ]
            ],
            "rank_gap":-58
        },
        {
            "index":176,
            "아파트명":"삼아",
            "투자타입":"재건축",
            "전용면적(m2)":"70.87",
            "전용면적(평)":"21평",
            "법정동주소":"제주도 서귀포시 동홍동 201",
            "도로명주소":"제주도 서귀포시 태평로536번길 6",
            "세대수":0,
            "입주년차":"--",
            "용적률점수":0,
            "건폐율점수":0,
            "세대당주차수":"--",
            "난방방식":"--",
            "공급면적":50,
            "전용률":80,
            "욕실수":"--",
            "현관타입":"--",
            "주거총점":6.5,
            "지역구공급총점":100.0,
            "역세권":"NA",
            "30분내 이동가능 거점":"NA",
            "1시간내 이동가능 거점":"NA",
            "교통총점":"NA",
            "백화점":0,
            "아울렛몰":0,
            "대형마트":0,
            "은행":0,
            "병원":0,
            "종합병원":80,
            "공원":80,
            "혐오시설":0,
            "인프라총점":18.4,
            "초등학군":90.02,
            "중학군":43.6,
            "학군총점":52.884,
            "인구수":18.98,
            "인구증감":8.98,
            "인구총점":15.98,
            "일자리":14.55,
            "소득수준":52.75,
            "일자리총점":26.01,
            "가치 총점":22.856,
            "매매실거래년":20220124.0,
            "매매실거래가":29600.0,
            "전세실거래년":null,
            "전세실거래가":null,
            "전세가율":null,
            "장기전세가율평균":66.82,
            "전세가율거품지수":null,
            "검색코드":7775,
            "세대수":240.0,
            "준공년월":"1991-08-13",
            "준공년차":32.0,
            "가까운역이름":"NA",
            "가까운역거리":"NA",
            "역세권여부":"NA",
            "30분이내주요거점역":"NA",
            "30분거점역이름":"NA",
            "1시간이내주요거점역":"NA",
            "1시간거점역이름":"NA",
            "3km이내백화점수":0,
            "5km이내아울렛몰수":0,
            "1km이내대형먀트수":0,
            "500m이내은행수":0,
            "500m이내병원수":0,
            "5km이내대형병원수":1,
            "500m이내공원수":1,
            "3km이내혐오시설수":0,
            "초등학교학업성취도":90.02,
            "중학교학업성취도":72.4,
            "용적률":0,
            "건폐율":0,
            "Y":33.251133,
            "X":126.575349,
            "rank":103.0,
            "area_info":"21평(70.87), 25평(84.87), 31평(105.58), 32평(106.26), 33평(111.62), 34평(113.1), 34평(114.37), 36평(121.71), 41평(138.67), 49평(162.95)",
            "last_sales":"2022-01-24,29600.0,49평(162.95)",
            "rank_history":[
                [
                    "202203",
                    103
                ],
                [
                    "202202",
                    45
                ],
                [
                    "202201",
                    45
                ]
            ],
            "rank_gap":-58
        },
        {
            "index":112,
            "아파트명":"풍림",
            "투자타입":"재건축",
            "전용면적(m2)":"102.68",
            "전용면적(평)":"31평",
            "법정동주소":"제주도 서귀포시 대포동 811",
            "도로명주소":"제주도 서귀포시 대포복개로 95",
            "세대수":0,
            "입주년차":"--",
            "용적률점수":0,
            "건폐율점수":0,
            "세대당주차수":"--",
            "난방방식":"--",
            "공급면적":90,
            "전용률":80,
            "욕실수":"--",
            "현관타입":"--",
            "주거총점":8.5,
            "지역구공급총점":100.0,
            "역세권":"NA",
            "30분내 이동가능 거점":"NA",
            "1시간내 이동가능 거점":"NA",
            "교통총점":"NA",
            "백화점":0,
            "아울렛몰":0,
            "대형마트":80,
            "은행":0,
            "병원":0,
            "종합병원":0,
            "공원":0,
            "혐오시설":0,
            "인프라총점":12.0,
            "초등학군":90.02,
            "중학군":49.12,
            "학군총점":57.3,
            "인구수":18.98,
            "인구증감":8.98,
            "인구총점":15.98,
            "일자리":14.55,
            "소득수준":52.75,
            "일자리총점":26.01,
            "가치 총점":22.1,
            "매매실거래년":"18000101",
            "매매실거래가":null,
            "전세실거래년":null,
            "전세실거래가":null,
            "전세가율":null,
            "장기전세가율평균":66.82,
            "전세가율거품지수":null,
            "검색코드":15125,
            "세대수":183.0,
            "준공년월":"1991-07-12",
            "준공년차":32.0,
            "가까운역이름":"NA",
            "가까운역거리":"NA",
            "역세권여부":"NA",
            "30분이내주요거점역":"NA",
            "30분거점역이름":"NA",
            "1시간이내주요거점역":"NA",
            "1시간거점역이름":"NA",
            "3km이내백화점수":0,
            "5km이내아울렛몰수":0,
            "1km이내대형먀트수":1,
            "500m이내은행수":0,
            "500m이내병원수":0,
            "5km이내대형병원수":0,
            "500m이내공원수":0,
            "3km이내혐오시설수":0,
            "초등학교학업성취도":90.02,
            "중학교학업성취도":81.0,
            "용적률":0,
            "건폐율":0,
            "Y":33.24709,
            "X":126.434122,
            "rank":104.0,
            "area_info":"31평(102.68), 43평(144.23)",
            "last_sales":"1800-01-01,nan,31평(102.68)",
            "rank_history":[
                [
                    "202203",
                    104
                ],
                [
                    "202202",
                    46
                ],
                [
                    "202201",
                    46
                ]
            ],
            "rank_gap":-58
        },
        {
            "index":604,
            "아파트명":"서진",
            "투자타입":"일반",
            "전용면적(m2)":"38.4",
            "전용면적(평)":"11평",
            "법정동주소":"제주도 서귀포시 하원동 367-1",
            "도로명주소":"제주도 서귀포시 지세못로 29",
            "세대수":0,
            "입주년차":20,
            "용적률점수":"--",
            "건폐율점수":"--",
            "세대당주차수":0,
            "난방방식":30,
            "공급면적":"--",
            "전용률":"--",
            "욕실수":50,
            "현관타입":100,
            "주거총점":22.0,
            "지역구공급총점":100.0,
            "역세권":"NA",
            "30분내 이동가능 거점":"NA",
            "1시간내 이동가능 거점":"NA",
            "교통총점":"NA",
            "백화점":0,
            "아울렛몰":0,
            "대형마트":0,
            "은행":0,
            "병원":0,
            "종합병원":0,
            "공원":0,
            "혐오시설":0,
            "인프라총점":0.0,
            "초등학군":90.0,
            "중학군":49.12,
            "학군총점":57.296,
            "인구수":18.98,
            "인구증감":8.98,
            "인구총점":15.98,
            "일자리":14.55,
            "소득수준":52.75,
            "일자리총점":26.01,
            "가치 총점":22.024,
            "매매실거래년":20211109.0,
            "매매실거래가":12200.0,
            "전세실거래년":20130514.0,
            "전세실거래가":2000.0,
            "전세가율":37.74,
            "장기전세가율평균":66.82,
            "전세가율거품지수":29.08,
            "검색코드":17141,
            "세대수":101.0,
            "준공년월":"2002-02-23",
            "준공년차":21.0,
            "가까운역이름":"NA",
            "가까운역거리":"NA",
            "역세권여부":"NA",
            "30분이내주요거점역":"NA",
            "30분거점역이름":"NA",
            "1시간이내주요거점역":"NA",
            "1시간거점역이름":"NA",
            "3km이내백화점수":0,
            "5km이내아울렛몰수":0,
            "1km이내대형먀트수":0,
            "500m이내은행수":0,
            "500m이내병원수":0,
            "5km이내대형병원수":0,
            "500m이내공원수":0,
            "3km이내혐오시설수":0,
            "초등학교학업성취도":90.0,
            "중학교학업성취도":81.0,
            "용적률":112,
            "건폐율":26,
            "Y":33.255481,
            "X":126.462774,
            "rank":105.0,
            "area_info":"11평(38.4), 18평(60.37), 21평(70.3), 21평(70.04)",
            "last_sales":"2021-11-09,12200.0,21평(70.04)",
            "rank_history":[
                [
                    "202203",
                    105
                ],
                [
                    "202202",
                    47
                ],
                [
                    "202201",
                    47
                ]
            ],
            "rank_gap":-58
        },
        {
            "index":318,
            "아파트명":"로얄하이츠",
            "투자타입":"재건축",
            "전용면적(m2)":"43.39",
            "전용면적(평)":"13평",
            "법정동주소":"제주도 서귀포시 보목동 875",
            "도로명주소":"제주도 서귀포시 마소물로8번길 10-1",
            "세대수":0,
            "입주년차":"--",
            "용적률점수":0,
            "건폐율점수":0,
            "세대당주차수":"--",
            "난방방식":"--",
            "공급면적":50,
            "전용률":80,
            "욕실수":"--",
            "현관타입":"--",
            "주거총점":6.5,
            "지역구공급총점":100.0,
            "역세권":"NA",
            "30분내 이동가능 거점":"NA",
            "1시간내 이동가능 거점":"NA",
            "교통총점":"NA",
            "백화점":0,
            "아울렛몰":0,
            "대형마트":0,
            "은행":0,
            "병원":0,
            "종합병원":80,
            "공원":0,
            "혐오시설":0,
            "인프라총점":16.0,
            "초등학군":90.0,
            "중학군":43.6,
            "학군총점":52.88,
            "인구수":18.98,
            "인구증감":8.98,
            "인구총점":15.98,
            "일자리":14.55,
            "소득수준":52.75,
            "일자리총점":26.01,
            "가치 총점":21.895,
            "매매실거래년":20211214.0,
            "매매실거래가":14000.0,
            "전세실거래년":20211123.0,
            "전세실거래가":3000.0,
            "전세가율":81.08,
            "장기전세가율평균":66.82,
            "전세가율거품지수":-14.26,
            "검색코드":120455,
            "세대수":85.0,
            "준공년월":"1990-09-22",
            "준공년차":33.0,
            "가까운역이름":"NA",
            "가까운역거리":"NA",
            "역세권여부":"NA",
            "30분이내주요거점역":"NA",
            "30분거점역이름":"NA",
            "1시간이내주요거점역":"NA",
            "1시간거점역이름":"NA",
            "3km이내백화점수":0,
            "5km이내아울렛몰수":0,
            "1km이내대형먀트수":0,
            "500m이내은행수":0,
            "500m이내병원수":0,
            "5km이내대형병원수":1,
            "500m이내공원수":0,
            "3km이내혐오시설수":0,
            "초등학교학업성취도":90.0,
            "중학교학업성취도":72.4,
            "용적률":0,
            "건폐율":0,
            "Y":33.243842,
            "X":126.600206,
            "rank":106.0,
            "area_info":"13평(43.39), 14평(46.49), 25평(83.46), 26평(87.7), 27평(89.88), 31평(102.94)",
            "last_sales":"2021-12-14,14000.0,31평(102.94)",
            "rank_history":[
                [
                    "202203",
                    106
                ],
                [
                    "202202",
                    9999
                ]
            ],
            "rank_gap":9999
        },
        {
            "index":31,
            "아파트명":"남원반석타운",
            "투자타입":"일반",
            "전용면적(m2)":"61.6",
            "전용면적(평)":"18평",
            "법정동주소":"제주도 서귀포시 남원읍 남원리 1147",
            "도로명주소":"제주도 서귀포시 남위남성로 10-8",
            "세대수":0,
            "입주년차":20,
            "용적률점수":"--",
            "건폐율점수":"--",
            "세대당주차수":0,
            "난방방식":30,
            "공급면적":"--",
            "전용률":"--",
            "욕실수":50,
            "현관타입":100,
            "주거총점":22.0,
            "지역구공급총점":100.0,
            "역세권":"NA",
            "30분내 이동가능 거점":"NA",
            "1시간내 이동가능 거점":"NA",
            "교통총점":"NA",
            "백화점":0,
            "아울렛몰":0,
            "대형마트":0,
            "은행":0,
            "병원":0,
            "종합병원":0,
            "공원":0,
            "혐오시설":0,
            "인프라총점":0.0,
            "초등학군":90.01,
            "중학군":47.94,
            "학군총점":56.354,
            "인구수":18.98,
            "인구증감":8.98,
            "인구총점":15.98,
            "일자리":14.55,
            "소득수준":52.75,
            "일자리총점":26.01,
            "가치 총점":21.7885,
            "매매실거래년":"18000101",
            "매매실거래가":null,
            "전세실거래년":null,
            "전세실거래가":null,
            "전세가율":null,
            "장기전세가율평균":66.82,
            "전세가율거품지수":null,
            "검색코드":133388,
            "세대수":80.0,
            "준공년월":"2001-08-29",
            "준공년차":22.0,
            "가까운역이름":"NA",
            "가까운역거리":"NA",
            "역세권여부":"NA",
            "30분이내주요거점역":"NA",
            "30분거점역이름":"NA",
            "1시간이내주요거점역":"NA",
            "1시간거점역이름":"NA",
            "3km이내백화점수":0,
            "5km이내아울렛몰수":0,
            "1km이내대형먀트수":0,
            "500m이내은행수":0,
            "500m이내병원수":0,
            "5km이내대형병원수":0,
            "500m이내공원수":0,
            "3km이내혐오시설수":0,
            "초등학교학업성취도":90.01,
            "중학교학업성취도":79.9,
            "용적률":97,
            "건폐율":26,
            "Y":33.283665,
            "X":126.707664,
            "rank":107.0,
            "area_info":"18평(61.6), 21평(71.67)",
            "last_sales":"1800-01-01,nan,18평(61.6)",
            "rank_history":[
                [
                    "202203",
                    107
                ],
                [
                    "202202",
                    9999
                ]
            ],
            "rank_gap":9999
        },
        {
            "index":550,
            "아파트명":"화인플라자",
            "투자타입":"재건축",
            "전용면적(m2)":"80.25",
            "전용면적(평)":"24평",
            "법정동주소":"제주도 서귀포시 중문동 2424",
            "도로명주소":"제주도 서귀포시 천제연로232번길 18-6",
            "세대수":0,
            "입주년차":"--",
            "용적률점수":0,
            "건폐율점수":0,
            "세대당주차수":"--",
            "난방방식":"--",
            "공급면적":50,
            "전용률":80,
            "욕실수":"--",
            "현관타입":"--",
            "주거총점":6.5,
            "지역구공급총점":100.0,
            "역세권":"NA",
            "30분내 이동가능 거점":"NA",
            "1시간내 이동가능 거점":"NA",
            "교통총점":"NA",
            "백화점":0,
            "아울렛몰":0,
            "대형마트":80,
            "은행":0,
            "병원":0,
            "종합병원":0,
            "공원":0,
            "혐오시설":0,
            "인프라총점":12.0,
            "초등학군":90.02,
            "중학군":49.12,
            "학군총점":57.3,
            "인구수":18.98,
            "인구증감":8.98,
            "인구총점":15.98,
            "일자리":14.55,
            "소득수준":52.75,
            "일자리총점":26.01,
            "가치 총점":21.4,
            "매매실거래년":"18000101",
            "매매실거래가":null,
            "전세실거래년":null,
            "전세실거래가":null,
            "전세가율":null,
            "장기전세가율평균":66.82,
            "전세가율거품지수":null,
            "검색코드":119293,
            "세대수":94.0,
            "준공년월":"1991-02-12",
            "준공년차":32.0,
            "가까운역이름":"NA",
            "가까운역거리":"NA",
            "역세권여부":"NA",
            "30분이내주요거점역":"NA",
            "30분거점역이름":"NA",
            "1시간이내주요거점역":"NA",
            "1시간거점역이름":"NA",
            "3km이내백화점수":0,
            "5km이내아울렛몰수":0,
            "1km이내대형먀트수":1,
            "500m이내은행수":0,
            "500m이내병원수":0,
            "5km이내대형병원수":0,
            "500m이내공원수":0,
            "3km이내혐오시설수":0,
            "초등학교학업성취도":90.02,
            "중학교학업성취도":81.0,
            "용적률":0,
            "건폐율":0,
            "Y":33.249539,
            "X":126.429171,
            "rank":108.0,
            "area_info":"24평(80.25), 25평(82.87), 26평(87.04), 26평(88.7), 27평(89.71), 27평(90.54), 27평(90.0), 27평(90.08), 27평(90.46), 27평(91.93), 27평(91.35), 27평(91.27), 27평(92.07), 28평(92.59), 28평(93.43), 28평(93.59), 28평(93.77), 28평(94.53), 28평(94.68), 28평(94.19), 28평(95.52)",
            "last_sales":"1800-01-01,nan,24평(80.25)",
            "rank_history":[
                [
                    "202203",
                    108
                ],
                [
                    "202202",
                    9999
                ]
            ],
            "rank_gap":9999
        },
        {
            "index":508,
            "아파트명":"남주",
            "투자타입":"재건축",
            "전용면적(m2)":"48.61",
            "전용면적(평)":"14평",
            "법정동주소":"제주도 서귀포시 중문동 1675-1",
            "도로명주소":"제주도 서귀포시 천제연로213번길 33-4",
            "세대수":0,
            "입주년차":"--",
            "용적률점수":0,
            "건폐율점수":0,
            "세대당주차수":"--",
            "난방방식":"--",
            "공급면적":50,
            "전용률":80,
            "욕실수":"--",
            "현관타입":"--",
            "주거총점":6.5,
            "지역구공급총점":100.0,
            "역세권":"NA",
            "30분내 이동가능 거점":"NA",
            "1시간내 이동가능 거점":"NA",
            "교통총점":"NA",
            "백화점":0,
            "아울렛몰":0,
            "대형마트":80,
            "은행":0,
            "병원":0,
            "종합병원":0,
            "공원":0,
            "혐오시설":0,
            "인프라총점":12.0,
            "초등학군":90.02,
            "중학군":49.12,
            "학군총점":57.3,
            "인구수":18.98,
            "인구증감":8.98,
            "인구총점":15.98,
            "일자리":14.55,
            "소득수준":52.75,
            "일자리총점":26.01,
            "가치 총점":21.4,
            "매매실거래년":20170518.0,
            "매매실거래가":11500.0,
            "전세실거래년":20131110.0,
            "전세실거래가":4500.0,
            "전세가율":100.0,
            "장기전세가율평균":66.82,
            "전세가율거품지수":-33.18,
            "검색코드":25496,
            "세대수":60.0,
            "준공년월":"1991-04-22",
            "준공년차":32.0,
            "가까운역이름":"NA",
            "가까운역거리":"NA",
            "역세권여부":"NA",
            "30분이내주요거점역":"NA",
            "30분거점역이름":"NA",
            "1시간이내주요거점역":"NA",
            "1시간거점역이름":"NA",
            "3km이내백화점수":0,
            "5km이내아울렛몰수":0,
            "1km이내대형먀트수":1,
            "500m이내은행수":1,
            "500m이내병원수":0,
            "5km이내대형병원수":0,
            "500m이내공원수":0,
            "3km이내혐오시설수":0,
            "초등학교학업성취도":90.02,
            "중학교학업성취도":81.0,
            "용적률":0,
            "건폐율":0,
            "Y":33.254296,
            "X":126.427823,
            "rank":108.0,
            "area_info":"14평(48.61), 15평(51.23), 15평(51.27), 15평(52.74), 16평(55.62), 17평(57.35), 22평(73.38), 22평(73.99), 23평(76.82), 23평(77.31), 23평(79.16), 25평(84.81)",
            "last_sales":"2017-05-18,11500.0,25평(84.81)",
            "rank_history":[
                [
                    "202203",
                    108
                ],
                [
                    "202202",
                    9999
                ]
            ],
            "rank_gap":9999
        },
        {
            "index":585,
            "아파트명":"대진유토피아",
            "투자타입":"일반",
            "전용면적(m2)":"46.49",
            "전용면적(평)":"14평",
            "법정동주소":"제주도 서귀포시 표선면 표선리 2956",
            "도로명주소":"제주도 서귀포시 번영로3428번길 129",
            "세대수":0,
            "입주년차":80,
            "용적률점수":"--",
            "건폐율점수":"--",
            "세대당주차수":0,
            "난방방식":30,
            "공급면적":"--",
            "전용률":"--",
            "욕실수":50,
            "현관타입":10,
            "주거총점":25.0,
            "지역구공급총점":100.0,
            "역세권":"NA",
            "30분내 이동가능 거점":"NA",
            "1시간내 이동가능 거점":"NA",
            "교통총점":"NA",
            "백화점":0,
            "아울렛몰":0,
            "대형마트":0,
            "은행":0,
            "병원":0,
            "종합병원":0,
            "공원":0,
            "혐오시설":0,
            "인프라총점":0.0,
            "초등학군":89.99,
            "중학군":38.94,
            "학군총점":49.15,
            "인구수":18.98,
            "인구증감":8.98,
            "인구총점":15.98,
            "일자리":14.55,
            "소득수준":52.75,
            "일자리총점":26.01,
            "가치 총점":21.0375,
            "매매실거래년":"18000101",
            "매매실거래가":null,
            "전세실거래년":null,
            "전세실거래가":null,
            "전세가율":null,
            "장기전세가율평균":66.82,
            "전세가율거품지수":null,
            "검색코드":116913,
            "세대수":284.0,
            "준공년월":"2017-01-23",
            "준공년차":6.0,
            "가까운역이름":"NA",
            "가까운역거리":"NA",
            "역세권여부":"NA",
            "30분이내주요거점역":"NA",
            "30분거점역이름":"NA",
            "1시간이내주요거점역":"NA",
            "1시간거점역이름":"NA",
            "3km이내백화점수":0,
            "5km이내아울렛몰수":0,
            "1km이내대형먀트수":0,
            "500m이내은행수":0,
            "500m이내병원수":0,
            "5km이내대형병원수":0,
            "500m이내공원수":0,
            "3km이내혐오시설수":0,
            "초등학교학업성취도":89.99,
            "중학교학업성취도":64.9,
            "용적률":58,
            "건폐율":20,
            "Y":33.341739,
            "X":126.814885,
            "rank":109.0,
            "area_info":"14평(46.49), 14평(46.48), 16평(55.31), 20평(66.67)",
            "last_sales":"1800-01-01,nan,14평(46.49)",
            "rank_history":[
                [
                    "202203",
                    109
                ],
                [
                    "202202",
                    48
                ],
                [
                    "202201",
                    48
                ]
            ],
            "rank_gap":-61
        },
        {
            "index":441,
            "아파트명":"동명",
            "투자타입":"재건축",
            "전용면적(m2)":"53.69",
            "전용면적(평)":"16평",
            "법정동주소":"제주도 서귀포시 성산읍 고성리 1132-21",
            "도로명주소":"제주도 서귀포시",
            "세대수":0,
            "입주년차":"--",
            "용적률점수":0,
            "건폐율점수":0,
            "세대당주차수":"--",
            "난방방식":"--",
            "공급면적":50,
            "전용률":60,
            "욕실수":"--",
            "현관타입":"--",
            "주거총점":5.5,
            "지역구공급총점":100.0,
            "역세권":"NA",
            "30분내 이동가능 거점":"NA",
            "1시간내 이동가능 거점":"NA",
            "교통총점":"NA",
            "백화점":0,
            "아울렛몰":0,
            "대형마트":100,
            "은행":0,
            "병원":0,
            "종합병원":0,
            "공원":0,
            "혐오시설":0,
            "인프라총점":15.0,
            "초등학군":90.01,
            "중학군":41.1,
            "학군총점":50.882,
            "인구수":18.98,
            "인구증감":8.98,
            "인구총점":15.98,
            "일자리":14.55,
            "소득수준":52.75,
            "일자리총점":26.01,
            "가치 총점":20.6455,
            "매매실거래년":20201212.0,
            "매매실거래가":15000.0,
            "전세실거래년":null,
            "전세실거래가":null,
            "전세가율":null,
            "장기전세가율평균":66.82,
            "전세가율거품지수":null,
            "검색코드":106755,
            "세대수":85.0,
            "준공년월":"1991-02-13",
            "준공년차":32.0,
            "가까운역이름":"NA",
            "가까운역거리":"NA",
            "역세권여부":"NA",
            "30분이내주요거점역":"NA",
            "30분거점역이름":"NA",
            "1시간이내주요거점역":"NA",
            "1시간거점역이름":"NA",
            "3km이내백화점수":0,
            "5km이내아울렛몰수":0,
            "1km이내대형먀트수":2,
            "500m이내은행수":1,
            "500m이내병원수":0,
            "5km이내대형병원수":0,
            "500m이내공원수":0,
            "3km이내혐오시설수":0,
            "초등학교학업성취도":90.01,
            "중학교학업성취도":68.5,
            "용적률":0,
            "건폐율":0,
            "Y":33.449781,
            "X":126.913636,
            "rank":110.0,
            "area_info":"16평(53.69), 20평(68.72), 21평(70.06), 23평(76.67), 27평(90.96), 29평(96.91), 31평(102.86), 32평(107.03)",
            "last_sales":"2020-12-12,15000.0,29평(96.91)",
            "rank_history":[
                [
                    "202203",
                    110
                ],
                [
                    "202202",
                    9999
                ]
            ],
            "rank_gap":9999
        },
        {
            "index":33,
            "아파트명":"남원에덴",
            "투자타입":"일반",
            "전용면적(m2)":"47.0",
            "전용면적(평)":"14평",
            "법정동주소":"제주도 서귀포시 남원읍 남원리 1323-2",
            "도로명주소":"제주도 서귀포시 남원광지로 5",
            "세대수":0,
            "입주년차":0,
            "용적률점수":"--",
            "건폐율점수":"--",
            "세대당주차수":0,
            "난방방식":30,
            "공급면적":"--",
            "전용률":"--",
            "욕실수":50,
            "현관타입":50,
            "주거총점":13.0,
            "지역구공급총점":100.0,
            "역세권":"NA",
            "30분내 이동가능 거점":"NA",
            "1시간내 이동가능 거점":"NA",
            "교통총점":"NA",
            "백화점":0,
            "아울렛몰":0,
            "대형마트":0,
            "은행":0,
            "병원":0,
            "종합병원":0,
            "공원":0,
            "혐오시설":0,
            "인프라총점":0.0,
            "초등학군":90.01,
            "중학군":47.94,
            "학군총점":56.354,
            "인구수":18.98,
            "인구증감":8.98,
            "인구총점":15.98,
            "일자리":14.55,
            "소득수준":52.75,
            "일자리총점":26.01,
            "가치 총점":18.6385,
            "매매실거래년":20211217.0,
            "매매실거래가":12000.0,
            "전세실거래년":20210120.0,
            "전세실거래가":7000.0,
            "전세가율":58.33,
            "장기전세가율평균":66.82,
            "전세가율거품지수":8.49,
            "검색코드":107801,
            "세대수":140.0,
            "준공년월":"1996-10-31",
            "준공년차":27.0,
            "가까운역이름":"NA",
            "가까운역거리":"NA",
            "역세권여부":"NA",
            "30분이내주요거점역":"NA",
            "30분거점역이름":"NA",
            "1시간이내주요거점역":"NA",
            "1시간거점역이름":"NA",
            "3km이내백화점수":0,
            "5km이내아울렛몰수":0,
            "1km이내대형먀트수":0,
            "500m이내은행수":0,
            "500m이내병원수":0,
            "5km이내대형병원수":0,
            "500m이내공원수":0,
            "3km이내혐오시설수":0,
            "초등학교학업성취도":90.01,
            "중학교학업성취도":79.9,
            "용적률":125,
            "건폐율":34,
            "Y":33.278388,
            "X":126.71254,
            "rank":111.0,
            "area_info":"14평(47.0), 20평(67.0)",
            "last_sales":"2021-12-17,12000.0,14평(47.0)",
            "rank_history":[
                [
                    "202203",
                    111
                ],
                [
                    "202202",
                    49
                ],
                [
                    "202201",
                    49
                ]
            ],
            "rank_gap":-62
        },
        {
            "index":77,
            "아파트명":"한빛테크",
            "투자타입":"일반",
            "전용면적(m2)":"37.57",
            "전용면적(평)":"11평",
            "법정동주소":"제주도 서귀포시 대정읍 상모리 4148-1",
            "도로명주소":"제주도 서귀포시 비행장로55번길 16",
            "세대수":0,
            "입주년차":20,
            "용적률점수":"--",
            "건폐율점수":"--",
            "세대당주차수":0,
            "난방방식":30,
            "공급면적":"--",
            "전용률":"--",
            "욕실수":50,
            "현관타입":10,
            "주거총점":13.0,
            "지역구공급총점":100.0,
            "역세권":"NA",
            "30분내 이동가능 거점":"NA",
            "1시간내 이동가능 거점":"NA",
            "교통총점":"NA",
            "백화점":0,
            "아울렛몰":0,
            "대형마트":0,
            "은행":0,
            "병원":0,
            "종합병원":0,
            "공원":0,
            "혐오시설":0,
            "인프라총점":0.0,
            "초등학군":90.0,
            "중학군":44.56,
            "학군총점":53.648,
            "인구수":18.98,
            "인구증감":8.98,
            "인구총점":15.98,
            "일자리":14.55,
            "소득수준":52.75,
            "일자리총점":26.01,
            "가치 총점":17.962,
            "매매실거래년":20210127.0,
            "매매실거래가":11000.0,
            "전세실거래년":null,
            "전세실거래가":null,
            "전세가율":null,
            "장기전세가율평균":66.82,
            "전세가율거품지수":null,
            "검색코드":126065,
            "세대수":102.0,
            "준공년월":"2000-02-10",
            "준공년차":23.0,
            "가까운역이름":"NA",
            "가까운역거리":"NA",
            "역세권여부":"NA",
            "30분이내주요거점역":"NA",
            "30분거점역이름":"NA",
            "1시간이내주요거점역":"NA",
            "1시간거점역이름":"NA",
            "3km이내백화점수":0,
            "5km이내아울렛몰수":0,
            "1km이내대형먀트수":0,
            "500m이내은행수":0,
            "500m이내병원수":0,
            "5km이내대형병원수":0,
            "500m이내공원수":0,
            "3km이내혐오시설수":0,
            "초등학교학업성취도":90.0,
            "중학교학업성취도":72.0,
            "용적률":135,
            "건폐율":20,
            "Y":33.219943,
            "X":126.260341,
            "rank":112.0,
            "area_info":"11평(37.57), 20평(66.38), 20평(66.43), 22평(73.97), 22평(73.59), 22평(73.97), 22평(74.85), 22평(74.74), 22평(74.85), 23평(78.51), 25평(85.57)",
            "last_sales":"2021-01-27,11000.0,22평(74.85)",
            "rank_history":[
                [
                    "202203",
                    112
                ],
                [
                    "202202",
                    50
                ],
                [
                    "202201",
                    50
                ]
            ],
            "rank_gap":-62
        }
    ]
}